NAZIV PROIZVODA,ŠIFRA PROIZVODA,MARKA PROIZVODA,NETO KOLIČINA,JEDINICA MJERE,MALOPRODAJNA CIJENA,CIJENA ZA JEDINICU MJERE,MPC ZA VRIJEME POSEBNOG OBLIKA PRODAJE,NAJNIŽA CIJENA U POSLJEDNIH 30 DANA,SIDRENA CIJENA NA 2.5.2025,BARKOD,KATEGORIJA PROIZVODA
DATULJA EUROCOMPANY DEGLET NOUR 200g,01310151,EUROCOMPANY,0.20 kg,ko,1.35,6.75,,,1.29,8009750222771,HRANA
UMAK SALSA HOT CHIO DIO 200ML,01310397,CHIO,0.20 l,ko,3.69,18.45,,,3.69,4001242108215,HRANA
SMOKVA EUROCOMPANY SUHA 200g,01311158,EUROCOMPANY,0.20 kg,ko,3.39,16.95,,,2.39,3872084014528,HRANA
ORAH INDIJSKI SEEBERGER 150g,01318018,SEEBERGER,0.15 kg,ko,7.09,47.27,,,6.89,4008258038000,HRANA
LUK ŽUTI 1 kg,01400200,KORA,1.00 kg,ko,1.19,1.19,,,1.19,3850334049667,HRANA
ČIPS PRINGLES SOUR&CREAM 165g,01311183,PRINGLES,0.17 kg,ko,4.39,26.61,,,4.39,5053990101597,HRANA
ČIPS PRINGLES PAPRIKA 165g,01311184,PRINGLES,0.17 kg,ko,4.39,26.61,,,4.39,5053990161669,HRANA
ČIPS PRINGLES ORGINAL 165g,01311186,PRINGLES,0.17 kg,ko,4.39,26.61,,,4.39,5053990101573,HRANA
GLJIVA ŠAMPINJON 500 grama,01400034,KORA,0.50 kg,ko,2.39,4.78,,,2.39,3850334013576,HRANA
KRUMPIR 5 kg,01400162,KORA,5.00 kg,ko,3.99,0.8,,,3.99,3850334386120,HRANA
MRKVA 1/1 PAK,01400070,,1.00 kg,ko,1.45,1.45,,,1.45,3850334021243,HRANA
GLJIVA ŠAMPINJON REZANI 250 grama,01400086,,0.25 kg,ko,1.79,7.16,,,1.79,3850334184832,HRANA
PAPRIKA MIX,01400092,,0.50 kg,ko,2.99,5.98,,,2.99,3859892029500,HRANA
LUK ŽUTI  VLAKIĆ 4 KOM,01400238,KORA,0.75 kg,ko,1.29,1.72,,,1.19,3850334386212,HRANA
SALATA ICEBERG KOMAD,01400480,,0.35 kg,ko,2.05,5.84,,,1.79,3859889558891,HRANA
LUK CRVENI,01400528,,1.00 kg,kg,0.69,0.69,,,0.84,3850334386182,HRANA
LUK LJUBIČASTI,01400667,,1.00 kg,kg,1.45,1.45,,,1.55,3850334173034,HRANA
KUPUS SVJEŽI,01401365,,1.00 kg,kg,0.69,0.69,,,0.79,3850334173119,HRANA
PAPRIKA ZELENA,01401721,,1.00 kg,kg,4.39,4.39,,,4.19,3850334173164,HRANA
PORILUK,01401857,,1.00 kg,kg,1.49,1.49,,,1.99,3850334173225,HRANA
SALATA KRISTAL KOMAD,01403008,,0.20 kg,ko,0.95,4.75,,,0.95,3850334240026,HRANA
KRASTAVAC,01405646,,1.00 kg,kg,2.99,2.99,,,2.25,3850334173409,HRANA
RAJČICA GRAPOLO,01405772,,1.00 kg,kg,2.75,2.75,,,3.19,3850334173416,HRANA
TIKVA PUTER,01405783,,1.00 kg,kg,1.19,1.19,,,1.79,3850334386519,HRANA
KRUMPIR KLIPER 1.5 kg,01407829,KORA,1.50 kg,ko,2.05,1.37,,,2.05,3856017203005,HRANA
KRASTAVAC SALATNI KOM,01407864,,0.30 kg,ko,1.55,5.16,,,1.05,3859892765255,HRANA
KUPUS BIJELI 300 grama,01407868,KONZUM,0.30 kg,ko,1.65,5.5,,,1.55,3850334197955,HRANA
PAPRIKA BABURA,01408960,,1.00 kg,kg,2.75,2.75,,,4.79,3850334173423,HRANA
MANGO KOM,01410076,,0.25 kg,ko,1.45,5.8,,,1.55,3850334181947,HRANA
AVOKADO KOM,01410080,,0.20 kg,ko,1.29,6.45,,,1.45,2011171540101,HRANA
KIWI,01410105,,1.00 kg,kg,3.19,3.19,,,3.59,3850334173522,HRANA
BANANA,01410437,,1.00 kg,kg,1.75,1.75,,,1.75,3850334173539,HRANA
GROŽĐE CRVENO,01410725,,1.00 kg,kg,4.59,4.59,,,4.79,3850334173584,HRANA
JABUKA ZLATNI DELIŠES,01411106,,1.00 kg,kg,2.05,2.05,,,1.89,3850334173614,HRANA
LIMETA,01411177,,1.00 kg,kg,3.59,3.59,,,2.99,3850334173645,HRANA
NARANČA,01411575,,1.00 kg,kg,1.49,1.49,,,1.49,3850334173690,HRANA
JABUKA GALA,01411591,,1.00 kg,kg,2.05,2.05,,,1.79,3850334386069,HRANA
KRUŠKA WILLIAMS,01414187,,1.00 kg,kg,2.39,2.39,,,2.39,3850334173775,HRANA
GRAH ŠARENI,01421206,EUROCOMPANY,1.00 kg,kg,1.99,1.99,,,1.99,3859893124860,HRANA
DŽEM SMOKVA EKO 240G DIDA BOŽA,01460260,DIDA BOŽA,0.24 kg,ko,5.39,22.46,,,4.49,3859891515011,HRANA
AJVAR BLAGI 350g PODRAVKA,01480632,PODRAVKA,0.35 kg,ko,3.09,8.83,,,3.09,3850104051029,HRANA
AJVAR LJUTI 350g PODRAVKA,01480010,PODRAVKA,0.35 kg,ko,3.09,8.83,,,3.09,3850104050565,HRANA
AJVAR BLAGI 690g PODRAVKA,01480137,PODRAVKA,0.69 kg,ko,4.99,7.23,,,3.69,3850104051012,HRANA
AJVAR UPRŽENI BAKINA TAJNA 300g,01481016,BAKINA TAJNA,0.30 kg,ko,6.89,22.97,,,6.89,8606102785030,HRANA
UMAK RAJČICA BOSILJAK 400g BARILLA,01490006,BARILLA,0.40 kg,ko,4.09,10.23,,,4.09,8076809513456,HRANA
KEČAP BLAGI 500g ZVIJEZDA,01490071,ZVIJEZDA,0.50 kg,ko,2.49,4.98,,,2.49,3858882210874,HRANA
UMAK PESTO 190g BARILLA,01490108,BARILLA,0.19 kg,ko,5.99,31.53,,,5.99,8076809513746,HRANA
KUKURUZ ŠEĆERAC PODRAVKA 280g,01490142,PODRAVKA,0.28 kg,ko,1.99,7.11,,,1.99,3850104063435,HRANA
DRESSING FRENCH 75ml VREĆ DEVELEY TR,01491292,DEVELEY,0.08 l,ko,0.95,12.67,,,0.95,4006824008013,HRANA
DRESSING JOGURT 75ml VREĆ DEVELEY,01491293,DEVELEY,0.08 l,ko,0.95,12.67,,,0.95,4006824018111,HRANA
DRESSING KRAUTER 75ML VREĆ DEVELEY,01491297,DEVELEY,0.08 kg,ko,0.95,12.67,,,0.95,4006824028219,HRANA
JUHA SPEC PIL S TIJ 5x75G  INDOMIE,01491316,INDOMIE,0.38 kg,ko,2.79,7.44,,,2.79,0089686170054,HRANA
KUKURUZ ŠEĆERAC 140g LIM PODRAVKA,01492145,PODRAVKA,0.14 kg,ko,1.49,10.64,,,1.49,3850104221682,HRANA
UMAK NAPOLITANA 400g BARILLA,01495019,BARILLA,0.40 kg,ko,4.09,10.23,,,4.09,8076809513692,HRANA
UMAK BOLOGNESE 400g BARILLA,01495020,BARILLA,0.40 kg,ko,5.89,14.73,,,5.89,8076809513678,HRANA
DŽEM OD MARELICE BAKINA TAJNA 375g,01501121,BAKINA TAJNA,0.38 kg,ko,4.99,13.31,,,4.99,8606102785016,HRANA
PAPRIKA PEČENA 400g PODRAVKA,01512639,PODRAVKA,0.40 kg,ko,4.99,12.48,,,4.99,3850104209291,HRANA
KRASTAVAC DELIKATES 350g ZVIJEZDA,01520102,ZVIJEZDA,0.35 kg,ko,3.69,10.54,,,3.69,3856015303240,HRANA
KRASTAVAC DELIKATES 170g ZVIJEZDA,01520103,ZVIJEZDA,0.17 kg,ko,3.39,19.94,,,3.39,3858882216005,HRANA
KRASTAVAC 370g PODRAVKA,01520246,PODRAVKA,0.37 kg,ko,3.69,9.97,,,3.69,3850104050244,HRANA
KRASTAVAC K PLUS I KL 350g,01522203,K PLUS,0.35 kg,ko,2.69,7.69,,,2.45,3850334117953,HRANA
AJVAR K PLUS BLAGI 680g,01489506,K PLUS,0.68 kg,ko,3.69,5.43,,,3.49,3850334117939,HRANA
TORTILLA 4X25CM 245g LA FIESTA,01490633,LA FIESTA,0.25 kg,ko,2.85,11.63,,,2.85,5412514935016,HRANA
TORTILLA 8X20CM 320g LA FIESTA,01490634,LA FIESTA,0.32 kg,ko,3.39,10.59,,,3.39,5412514934989,HRANA
KUS KUS 500g KUT PASTA ZARA,01496117,PASTA ZARA,0.50 kg,ko,2.39,4.78,,,2.05,8004350131850,HRANA
GRAH BIJELI 230g LIM PODRAVKA,01529013,PODRAVKA,0.23 kg,ko,1.75,7.61,,,1.75,3850104020797,HRANA
GRAH BIJELI 460g PODRAVKA,01529014,PODRAVKA,0.46 kg,ko,2.75,5.98,,,2.75,3850104020780,HRANA
SENF BLAGI TUBA 200g THOMY,01530002,THOMY,0.20 kg,ko,2.85,14.25,,,2.85,7613287084163,HRANA
SENF ESTRAGON PVC 140g PODRAVKA,01530171,PODRAVKA,0.14 kg,ko,2.35,16.79,,,2.25,3850104023033,HRANA
SENF ESTRAGON TUBA 100g PODRAVKA,01530317,PODRAVKA,0.10 kg,ko,1.99,19.9,,,1.99,3850104023019,HRANA
GRAH SMEĐI 230g LIM PODRAVKA,01550061,PODRAVKA,0.23 kg,ko,1.75,7.61,,,1.75,3850104024870,HRANA
GRAH SMEĐI 460g LIM PODRAVKA,01550062,PODRAVKA,0.46 kg,ko,2.75,5.98,,,2.75,3850104025389,HRANA
GRAH CRVENI 230g PODRAVKA,01550199,PODRAVKA,0.23 kg,ko,1.99,8.65,,,1.75,3850104020759,HRANA
GRAH CRV KUK MEKS UMAK 200g BONDU,01550386,BONDUELLE,0.20 kg,ko,2.59,12.95,,,2.59,3083680495882,HRANA
KUKURUZ ŠEĆERAC 285g ZVIJEZDA,01550503,ZVIJEZDA,0.29 kg,ko,2.25,7.89,,,2.25,3858882217071,HRANA
GRAŠAK 265g ZVIJEZDA,01550504,ZVIJEZDA,0.27 kg,ko,2.09,7.89,,,2.09,3858882217057,HRANA
GRAŠAK I KVAL 160g LIM PODRAVKA,01551626,PODRAVKA,0.16 kg,ko,1.59,9.94,,,1.59,3850104050046,HRANA
FEFERON LJUTI 160g PODRAVKA,01560280,PODRAVKA,0.16 kg,ko,3.39,21.19,,,3.39,3850104050404,HRANA
FEFERON BLAGI 270g PODRAVKA,01564014,PODRAVKA,0.27 kg,ko,4.09,15.15,,,4.09,3850104011641,HRANA
RAJČICA PASIRANA 500g PODRAVKA,01570044,PODRAVKA,0.50 kg,ko,1.09,2.18,,,1.09,3850104073656,HRANA
RAJČICA KONCENTRAT TUBA 190g PODRAV,01570144,PODRAVKA,0.19 kg,ko,2.75,14.47,,,2.75,3850104053221,HRANA
RAJČICA PASIRANA ST 400g MUTTI,01570367,MUTTI,0.40 kg,ko,2.75,6.88,,,2.49,8005110630408,HRANA
RAJČICA PELAT 400g MUTTI,01570012,MUTTI,0.26 kg,ko,2.35,9.04,,,1.85,8005110060007,HRANA
RAJČICA POLPA 400g MUTTI,01570909,MUTTI,0.40 kg,ko,2.35,5.88,,,2.25,80042556,HRANA
MASLINE ZELENE OTKOŠ 165g ZVIJEZDA,01580214,ZVIJEZDA,0.17 kg,ko,3.99,24.18,,,3.99,3858882213769,HRANA
MASLINE ZELENE S PAP 200g ZVIJEZDA,01580216,ZVIJEZDA,0.20 kg,ko,4.19,20.95,,,4.19,3858882213790,HRANA
MASLINE CRNE 200g ZVIJEZDA,01580219,ZVIJEZDA,0.20 kg,ko,3.99,19.95,,,3.99,3858882213714,HRANA
CIKLA 380g PODRAVKA,01590098,PODRAVKA,0.38 kg,ko,3.09,8.13,,,3.09,3850104050718,HRANA
ŠAMPINJONI REZ LIM 220g PODRAVKA,01600556,PODRAVKA,0.22 kg,ko,2.85,12.95,,,2.85,3850104257834,HRANA
PEDIGREE DENTASTIX MALI 110G,01640063,PEDIGREE,0.11 kg,ko,2.75,25,,,2.75,5010394984577,PROIZVODI ZA KUĆANSTVO
PEDIGREE DENTASTIX SREDNJI 180G,01640064,PEDIGREE,0.18 kg,ko,3.69,20.5,,,3.69,5010394984584,PROIZVODI ZA KUĆANSTVO
DARLING SP MESO POVR 3KG,01640595,DARLING,3.00 kg,ko,11.19,3.73,,,11.19,7613032933760,PROIZVODI ZA KUĆANSTVO
DARLING SP MESO POVRĆE 500g,01640598,DARLING,0.50 kg,ko,2.75,5.5,,,2.75,7613032933746,PROIZVODI ZA KUĆANSTVO
PEDIGREE MP ADULT 4X100g,01641305,PEDIGREE,0.40 kg,ko,3.69,9.23,,,3.69,5900951021015,PROIZVODI ZA KUĆANSTVO
PEDIGREE MULTI BISCROC 200g,01641536,PEDIGREE,0.20 kg,ko,2.25,11.25,,,2.25,9003579302545,PROIZVODI ZA KUĆANSTVO
PEDIGREE MP GOVEDINA 100G VR,01642172,PEDIGREE,0.10 kg,ko,1.09,10.9,,,1.09,5900951017261,PROIZVODI ZA KUĆANSTVO
PEDIGREE RODEO 70g,01647013,PEDIGREE,0.07 kg,ko,1.49,21.29,,,1.49,5998749170212,PROIZVODI ZA KUĆANSTVO
BUDDY MP GOVEDINA 405g,01647057,BUDDY,0.41 kg,ko,1.25,3.09,,,1.25,3850334018236,PROIZVODI ZA KUĆANSTVO
ČAJNA KOBASICA GAVRILOVIĆ,02023932,GAVRILOVIĆ,1.00 kg,kg,25.49,25.49,,,25.49,3858881220812,HRANA
ZIMSKA SALAMA NAR 100g MA PIK VRBOV,02024385,PIK VRBOVEC,0.10 kg,ko,3.49,34.9,,,3.49,3850139010480,HRANA
CIKLA 360G,01590427,SLOVA,0.36 kg,ko,1.45,4.03,,,1.45,3850334076175,HRANA
TARTUFATA 80g ZIGANTE,01600100,ZIGANTE,0.08 kg,ko,13.19,164.88,,,13.19,3859889179201,HRANA
TARTUFI I MASLINE 80g ZIGANTE,01600103,ZIGANTE,0.08 kg,ko,8.79,109.88,,,8.79,3859889179652,HRANA
WHISKAS SM JUNIOR PILETINA 300g,01640994,WHISKAS,0.30 kg,ko,2.99,9.97,,,2.99,5900951014079,PROIZVODI ZA KUĆANSTVO
WHISKAS TEMPTAT PIL SIR 60g,01641143,WHISKAS,0.06 kg,ko,2.35,39.17,,,2.35,5998749146798,PROIZVODI ZA KUĆANSTVO
WHISKAS SM PILET POVRĆE 300g,01641664,WHISKAS,0.30 kg,ko,2.99,9.97,,,2.99,5900951014055,PROIZVODI ZA KUĆANSTVO
FRISKIES PICNIC PILET 42g,01642012,FRISKIES,0.04 kg,ko,0.99,23.57,,,0.99,4000487223349,PROIZVODI ZA KUĆANSTVO
ČAJNA KOB NAR 100g MA PIK VRBOVEC,02024388,PIK VRBOVEC,0.10 kg,ko,3.49,34.9,,,3.49,3850139010435,HRANA
ZIMSKA SALAMA 330g MA PIK,02024474,PIK VRBOVEC,0.33 kg,ko,9.99,30.27,,,9.99,3850139010626,HRANA
PANONA SALAMA NAR 100g MA PIK VRBOVE,02024485,PIK VRBOVEC,0.10 kg,ko,3.69,36.9,,,3.69,3850139010855,HRANA
KULEN 300g PODRAVKA,02024511,PODRAVKA,0.30 kg,ko,8.69,28.97,,,8.69,3858886466383,HRANA
ŠUNKA U OVITKU NAR 125g MA PIK VRBOV,02036496,PIK VRBOVEC,0.13 kg,ko,3.09,24.72,,,3.09,3850139171051,HRANA
MORTADELA PIK NAR 150g MA PIK VRBOVE,02036498,PIK VRBOVEC,0.15 kg,ko,3.39,22.6,,,3.39,3850139171044,HRANA
ŠUNKA KUHANA NAR 125g MA PIK VRBOVEC,02036499,PIK VRBOVEC,0.13 kg,ko,3.09,24.72,,,3.09,3850139360516,HRANA
DEBRECINKA 440g VAC PIK VRBOVEC,02036535,PIK VRBOVEC,0.44 kg,ko,5.49,12.48,,,5.49,3850139330977,HRANA
PRSA PIL DIM NAR 250g VAC DIMCEK VIN,02039384,CEKIN,0.25 kg,ko,4.39,17.56,,,4.39,3850159122033,HRANA
PRSA PILEĆA U OVITKU  500g VINDIJA,02039511,CEKIN,0.50 kg,ko,6.29,12.58,,,6.29,3850159125034,HRANA
HRENOVKE PIL BEZ OV 300g CEKIN VIND,02048157,CEKIN,0.30 kg,ko,2.49,8.3,,,2.49,3850159120022,HRANA
HRENOVKE PIL SIR BEZ OV 100g CEKIN,02048160,CEKIN,0.10 kg,ko,1.05,10.5,,,1.05,3850159120800,HRANA
POLI KRATKI 500g PERUTNINA,02048273,POLI,0.50 kg,ko,5.29,10.58,,,5.29,3850220153065,HRANA
EXTRAWURST (VINDVAC) NAR 250g VINDIJA,02048317,CEKIN,0.25 kg,ko,2.85,11.4,,,2.85,3850159122132,HRANA
POLI MINI 220g PERUTNINA,02048427,POLI,0.22 kg,ko,2.49,11.32,,,2.49,3850220152839,HRANA
HRENOVKE BEZ OV 250g PIK VRBOVEC,02048502,PIK VRBOVEC,0.25 kg,ko,3.39,13.56,,,3.39,3850139310825,HRANA
SIR TVRDI RIBANAC 40g DUKAT,02050951,PRESIDENT,0.04 kg,ko,1.85,46.25,,,1.85,3850355007608,HRANA
SIR POLUTV PODRAVEC 400g DUKAT,02053837,PRESIDENT,0.40 kg,ko,6.69,16.73,,,6.49,3850355007363,HRANA
SIR TVRDI LIVANJSKI 1/4 VAC MLJ LIVN,02053853,MLJEKARA LIV,1.00 kg,kg,29.49,29.49,,,29.49,3870348000201,HRANA
SIR TVRDI EMENTAL PRES 250g DUKAT,02053902,PRESIDENT,0.25 kg,ko,6.99,27.96,,,6.99,3228023910039,HRANA
SIR GORGONZOLA 150g DUKAT,02053904,GALBANI,0.15 kg,ko,4.99,33.27,,,4.89,8000430058765,HRANA
SIR TVRDI EMMENTALER K PLUS 300g,02053911,K PLUS,0.30 kg,ko,3.69,12.3,,,3.69,3850334189134,HRANA
SIR TVRDI PRIMORAC VAC PAŠKA SIRANA,02055398,PAŠKA SIRANA,1.00 kg,kg,30.99,30.99,,,27.99,3859889426107,HRANA
SIR POLUTV GOUDA 48% 250g DUKAT,02055420,PRESIDENT,0.25 kg,ko,4.59,18.36,,,4.49,3850355007301,HRANA
SIR POLUTV GOUDA 48% 400g DUKAT,02055421,PRESIDENT,0.40 kg,ko,6.69,16.73,,,6.49,3850355007325,HRANA
SIR POLUTV DIMSI 400g DUKAT,02055422,PRESIDENT,0.40 kg,ko,6.69,16.73,,,6.49,3850355007288,HRANA
SIR POLUTV PODRAVEC 45% 250g DUKAT,02055423,PRESIDENT,0.25 kg,ko,4.59,18.36,,,4.49,3850355007349,HRANA
SIR TVRDI OLD AMST REZ 150g VELDZUYZEN,02055427,VELDHUYZEN,0.15 kg,ko,6.49,43.27,,,6.19,8717545620236,HRANA
SIR MEKI CAMEMBERT 250g VINDIJA,02100678,Z BREGOV,0.25 kg,ko,6.19,24.76,,,6.19,3850108051902,HRANA
SIR MEKI CAMEMBERT PRES 250g DUKAT,02102553,PRESIDENT,0.25 kg,ko,5.99,23.96,,,5.99,3228020481426,HRANA
LISTIĆI K PL OD SIRA I BILJ MAS 150g,02102786,K PLUS,0.15 kg,ko,1.25,8.33,,,1.25,3850334005205,HRANA
SIR NAM ABC 100g BELJE,02102802,ABC,0.10 kg,ko,1.69,16.9,,,1.25,3856015324153,HRANA
SIR MEKI PLAVA PL BOVI BLUE 100g VIND,02103000,Z BREGOV,0.10 kg,ko,2.79,27.9,,,2.79,3850108052497,HRANA
SIR MEKI BRIE 200g DUKAT,02103071,PRESIDENT,0.20 kg,ko,5.49,27.45,,,5.49,3228020232028,HRANA
SIR NAM ABC 200g BELJE,02103154,ABC,0.20 kg,ko,2.99,14.95,,,2.99,3856015324177,HRANA
SIR MEKI PUNOMASNI SALAKIS 250g DUK,02103166,PRESIDENT,0.25 kg,ko,6.19,24.76,,,5.99,3850355001637,HRANA
SIR TOP TROK PLAVA ZDENKA 140g,02103198,ZDENKA,0.14 kg,ko,2.19,15.64,,,2.25,3858888590093,HRANA
SIR TOP TROK ČARDAŠ 140g ZDENKA,02103200,ZDENKA,0.14 kg,ko,2.79,19.93,,,2.79,3858888590109,HRANA
NAREZAK MESNI 150g PODRAVKA,02160091,PODRAVKA,0.15 kg,ko,2.35,15.67,,,2.35,3859890848196,HRANA
GULAŠ GOVEĐI 400g PODRAVKA,02160333,PODRAVKA,0.40 kg,ko,7.49,18.73,,,5.99,3850104020087,HRANA
HAŠE GOVEĐI 200g PODRAVKA,02160375,PODRAVKA,0.20 kg,ko,2.99,14.95,,,2.99,3850104020353,HRANA
PAŠTETA JETRENA 50g  GAVRILOVIĆ,02164106,GAVRILOVIĆ,0.05 kg,ko,1.35,27,,,1.35,3858881220072,HRANA
PAŠTETA JETRENA 100g  GAVRILOVIĆ,02165862,GAVRILOVIĆ,0.10 kg,ko,1.95,19.5,,,1.95,3858881221543,HRANA
DORUČAK MESNI 150g GAVRILOVIĆ,02165970,GAVRILOVIĆ,0.15 kg,ko,2.69,17.93,,,2.69,3858881220010,HRANA
PAŠTETA ČAJNA 50g  GAVRILOVIĆ,02166094,GAVRILOVIĆ,0.05 kg,ko,1.35,27,,,1.35,3858881220096,HRANA
GRAH S HAMBURGEROM 400g PODRAVKA,02166105,PODRAVKA,0.40 kg,ko,4.89,12.23,,,3.69,3850104035746,HRANA
PAŠTETA ČAJNA 100g GAVRILOVIĆ,02166179,GAVRILOVIĆ,0.10 kg,ko,1.95,19.5,,,1.95,3858881221529,HRANA
PUREĆI NAREZAK 150g PODRAVKA,02166664,PODRAVKA,0.15 kg,ko,2.35,15.67,,,2.35,3850104031748,HRANA
PILEĆI NAREZAK 150g   PODRAVKA,02166676,PODRAVKA,0.15 kg,ko,2.35,15.67,,,2.35,3850104055706,HRANA
MESNI RAGU 400g PODRAVKA,02169583,PODRAVKA,0.40 kg,ko,4.99,12.48,,,4.99,3858886465768,HRANA
VRHNJE ZA KAVU 10% 10*10g ZOTT,02170418,ZOTT,0.10 kg,ko,0.99,9.9,,,0.67,40145037,HRANA
MASLAC IKL 250g FOLIJA DUKAT,02180193,DUKAT,0.25 kg,ko,3.69,14.76,,,3.69,3850355000999,HRANA
ČAJNA KOB XXL 330g VAC PIK VRBOVEC,02024475,PIK,0.33 kg,ko,8.59,26.03,,,8.59,3850139010619,HRANA
MLIJ NAM DUKATELA ORIGINAL 70 G,02100610,DUKATELA,0.07 kg,ko,1.25,17.86,,,0.79,3850354015055,HRANA
MASLAC I KLASA 20g FOLIJA DUKAT,02180151,DUKAT,0.02 kg,ko,0.59,29.5,,,0.59,3850355001521,HRANA
MASLAC SA ZAČINSKIM BILJEM 125g MEGL,02180067,MEGGLE,0.13 kg,ko,4.39,35.12,,,4.39,40349251,HRANA
MASLAC 250g VINDIJA,02180362,Z BREGOV,0.25 kg,ko,3.69,14.76,,,3.69,3850108060102,HRANA
TUNJ MASL ULJE 4X52g RIO MARE,02190177,RIO MARE,0.21 kg,ko,9.59,46.11,,,9.59,8004030005051,HRANA
SKUŠA S POVRĆEM IZOLA BRAND 125g,02190198,DELAMARIS,0.13 kg,ko,3.69,29.52,,,3.39,3838929567802,HRANA
TUNJ SALATA COUS COUS 160g RIO MARE,02190561,RIO MARE,0.16 kg,ko,5.89,36.81,,,5.89,8004030860001,HRANA
TUNJ NATURALE 4X56g RIO MARE,02190811,RIO MARE,0.21 kg,ko,9.59,46.11,,,9.59,8004030344570,HRANA
NAMAZ RIO MARE TUN 100g TUB,02195129,RIO MARE,0.10 kg,ko,4.49,44.9,,,4.49,8004030069008,HRANA
NAMAZ RIO MARE TUB LOSOS 100g,02195131,RIO MARE,0.10 kg,ko,4.49,44.9,,,4.49,8004030070004,HRANA
PANIRANI FILET OSLIĆA 400g LEDO,02195477,LEDO,0.40 kg,ko,7.99,19.98,,,7.29,3850116881973,HRANA
BAKALAR NA BIJELO 90g ALDEN,02190378,ALDEN,0.09 kg,ko,2.95,32.78,,,2.65,3859891792016,HRANA
LOSOS FILET S KOŽOM 400g LEDO,02191011,LEDO,0.40 kg,ko,12.19,30.48,,,12.19,3850116765716,HRANA
LIGNJA PATAGONICA KOL I KR 400g LEDO,02194994,LEDO,0.40 kg,ko,12.79,31.98,,,12.79,3850116892313,HRANA
TUNJ U MASL ULJ 3X52g RIO MARE,02195487,RIO MARE,0.16 kg,ko,7.39,47.37,,,7.39,8004030345775,HRANA
KOZICA SVJEŽA PAK KONZUM,02197318,,1.00 kg,kg,13.99,13.99,,,13.39,,HRANA
LIGNJA PATAGONICA OČIŠĆ 400g LEDO,02197810,LEDO,0.40 kg,ko,12.19,30.48,,,12.19,3850116877341,HRANA
TUNJ SALATA GRAH 160g BOWL RIO MARE,02198506,RIO MARE,0.16 kg,ko,5.89,36.81,,,5.89,8004030023017,HRANA
TUNJ SALATA KUKURUZ 160g BOWL RIO MA,02198507,RIO MARE,0.16 kg,ko,5.89,36.81,,,5.89,8004030022010,HRANA
TUNJ SALATA MEXICO 160g BOWL RIO MAR,02198508,RIO MARE,0.16 kg,ko,5.89,36.81,,,5.89,8004030026018,HRANA
PASTRVA OČIŠ SVJ PAK KONZUM,02198767,,1.00 kg,kg,8.69,8.69,,,8.69,,HRANA
GAMBERI 250g LEDO,02199376,LEDO,0.25 kg,ko,7.89,31.56,,,7.29,3850116746050,HRANA
PLODOVI MORA ZA RIŽOTO 300g KUT LEDO,02199378,LEDO,0.30 kg,ko,6.09,20.3,,,6.09,3850116745985,HRANA
SRDELA SVJ PAK KONZUM,02199514,KONZUM,1.00 kg,kg,4.99,4.99,,,4.09,,HRANA
MAJONEZA TUBA 165g ZVIJEZDA,02200099,ZVIJEZDA,0.17 kg,ko,3.09,18.73,,,2.85,3858882210263,HRANA
MAJONEZA TUBA 265g THOMY NESTLE,02200347,THOMY,0.27 kg,ko,4.49,16.94,,,4.49,7613287084545,HRANA
MAJONEZA THOMY 165g TUBA,02200920,THOMY,0.17 kg,ko,3.09,18.73,,,3.09,7613287084606,HRANA
MAJONEZA DELIKATES 400g ZVIJEZDA,02202089,ZVIJEZDA,0.40 kg,ko,5.39,13.48,,,4.99,3858882219020,HRANA
MARGARIN STOLNI 250g ZVIJEZDA,02210021,ZVIJEZDA,0.25 kg,ko,1.45,5.8,,,1.19,3858882210102,HRANA
MLIJEKO ČOKOLADNO 'ZB 200ML VINDIJA,02230108,Z BREGOV,0.20 l,ko,1.25,6.25,,,1.25,3850108023091,HRANA
MLIJEKO TRAJNO KOZJE 2.8% 0.2L VIND,02230124,Z BREGOV,0.20 l,ko,1.19,5.95,,,1.19,3850108026009,HRANA
MLIJEKO SVJEŽE 3.2% 1L PURE DUKAT,02230137,DUKAT,1.00 l,ko,1.69,1.69,,,1.69,3850354000501,HRANA
MLIJEKO ČOKOLADNO 200ML DUKAT,02230375,DUKAT,0.20 l,ko,1.25,6.25,,,1.25,3850354002239,HRANA
MLIJEKO TRAJNO 2.8% 200ML VINDIJA,02230421,Z BREGOV,0.20 l,ko,0.79,3.95,,,0.79,3850108020052,HRANA
MLIJEKO TRAJNO 2.8% 0.5L  VINDIJA,02230426,Z BREGOV,0.50 l,ko,1.25,2.5,,,1.25,3850108020557,HRANA
MLIJEKO TRAJNO 2.8% 1L BOCA DUKAT,02230471,DUKAT,1.00 l,ko,1.02,1.02,,,1.02,3850354006053,HRANA
MLIJEKO TRAJNO 3.8% 1L BOCA DUKAT,02230472,DUKAT,1.00 l,ko,2.09,2.09,,,2.09,3850354006091,HRANA
MLIJEKO TR 3.5% 1L ALPSKO,02233959,LJUBLJ.MLEK.,1.00 l,ko,2.09,2.09,,,2.09,3838800040578,HRANA
ŠLAG SPRAY 250ML MEGLE ADRIA,02320018,MEGGLE,0.25 l,ko,3.99,15.96,,,3.99,8585002595065,HRANA
PUDING MLIJE VANIL ČAŠA 125g VINDI,02320199,VINDIJA,0.13 kg,ko,0.79,6.32,,,0.79,38500022,HRANA
PUDING MLIJEČ ČOKOL 125g ČAŠA VIND,02320209,VINDIJA,0.13 kg,ko,0.79,6.32,,,0.79,38500039,HRANA
DESERT MOUSSE ČOKOL 100g DUKAT,02320982,DOLCE,0.10 kg,ko,1.49,14.9,,,1.49,3850354001485,HRANA
JOGURT VOĆ JOGOBELLA CLASS 150g ZOTT,02321008,JOGOBELLA,0.15 kg,ko,0.87,5.8,,,0.79,4014500503646,HRANA
DESERT MONTE LJEŠNJAK 4x55g ZOTT,02321022,MONTE,0.22 kg,ko,2.35,10.68,,,2.15,4014500510361,HRANA
JOGURT JOGOBELLA EXOTIC 150g ZOTT,02321047,JOGOBELLA,0.15 kg,ko,0.87,5.8,,,0.79,4014500503684,HRANA
DESERT MONTE LJEŠNJAK 4X100g ZOTT,02321077,MONTE,0.40 kg,ko,2.59,6.48,,,3.19,40145389,HRANA
JOGURT VOĆ YOGHI FRU K PLUS MIX 150g,02329035,K PLUS,0.15 kg,ko,0.47,3.13,,,0.47,3858884508979,HRANA
MLIJEČNI DESERT KINDER MAXI KING 35g,02329055,FERRERO,0.04 kg,ko,1.05,30,,,0.99,4008400553023,HRANA
MARGARIN MARGO CLASSIC 15g ZVIJEZDA,02210238,MARGO,0.02 kg,ko,0.57,38,,,0.49,3858882213677,HRANA
ŠLAG SPRAY 250ML DUKAT,02321021,BRZO&FINO,0.25 l,ko,4.99,19.96,,,4.39,3850354018247,HRANA
MLIJEČNI DESERT KINDER MILCH SCH 28g,02324048,FERRERO,0.03 kg,ko,0.93,33.21,,,0.87,40084794,HRANA
MLIJEČNI DESERT KINDER PINGUI 30g D,02324049,FERRERO,0.03 kg,ko,0.99,33,,,0.87,4008400290126,HRANA
PRIPRAVAK ZA ŠLAG HALTA  500ml,02324114,HALTA,0.50 l,ko,2.55,5.1,,,2.55,8004172000303,HRANA
JOGURT Z BREGOV 2.8% 200g VINDIJA,02330053,Z BREGOV,0.20 kg,ko,0.49,2.45,,,0.49,3850108030020,HRANA
VRHNJE ZA ŠLAG 36% 0.5L VINDIJA,02330736,Z BREGOV,0.50 l,ko,5.39,10.78,,,4.99,3850108033663,HRANA
JOGURT TEKUĆI 180g DUKAT,02330863,DUKAT,0.18 kg,ko,0.44,2.44,,,0.44,3850354000921,HRANA
JOGURT B'AKTIV LGG NATUR 150g DUKAT,02330864,B'AKTIV,0.15 kg,ko,0.99,6.6,,,0.87,3850354019121,HRANA
MLIJEKO ACIDOFILNO 3.2%MM 200g VINDI,02330940,Z BREGOV,0.20 kg,ko,0.93,4.65,,,0.93,3850108032253,HRANA
KEFIR 3.5% 200g VINDIJA,02330941,Z BREGOV,0.20 kg,ko,0.93,4.65,,,0.93,3850108030525,HRANA
VRHNJE ZA KUHANJE 20% 200g DUKAT,02331186,BRZO&FINO,0.20 kg,ko,1.85,9.25,,,1.85,3850354001232,HRANA
MLIJEKO ČOKOLADNO MONTE DRINK 200ML,02331204,MONTE,0.20 l,ko,1.09,5.45,,,1.09,4014500026510,HRANA
JOGURT 3.2% 180g ČAŠA DUKAT,02334069,DUKAT,0.18 kg,ko,0.44,2.44,,,0.44,3850354001133,HRANA
ACIDOFIL 3.2% 180g ČAŠA,02334070,DUKAT,0.18 kg,ko,0.87,4.83,,,0.87,3850354001560,HRANA
VRHNJE KISELO 12% 200g DUKAT,02334127,BRZO&FINO,0.20 kg,ko,0.94,4.7,,,0.94,3850354002024,HRANA
VRHNJE KISELO 20% 200g DUKAT,02334128,BRZO&FINO,0.20 kg,ko,1.59,7.95,,,1.49,3850354002055,HRANA
JOGURT ACTIMEL VOĆNI 4X100g,02334152,ACTIMEL,0.40 kg,ko,3.39,8.48,,,3.09,5997536112558,HRANA
DESERT DUKATINO SVJ SIR S VOĆ 6X50g,02334179,DUKATINO,0.30 kg,ko,3.49,11.63,,,3.09,3850354015116,HRANA
DANONINO DRINK JAGODA 4X100g,02334322,DANONINO,0.40 kg,ko,3.59,8.98,,,3.29,5941209010849,HRANA
JOGURT SENSIA VAN/ŽITAR 190g,02334661,SENSIA,0.19 kg,ko,2.09,11,,,2.09,3850354006152,HRANA
JOG ČVRSTI 3.2% MM 900g VINDIJA,02334675,Z BREGOV,0.90 kg,ko,2.99,3.32,,,2.99,3850108030174,HRANA
MLIJEKO TRAJNO KOZJE 2.8% 1L S ČEPOM,02340206,Z BREGOV,1.00 l,ko,2.99,2.99,,,2.99,3850108026108,HRANA
SLAD SNJEGULJICA 65ML LEDO,02350046,LEDO,0.07 l,ko,1.19,18.31,,,1.19,3850116500171,HRANA
SLAD LEDO KORNET VANILIJA 120ML,02350169,LEDO,0.12 l,ko,2.39,19.92,,,2.19,3850116037820,HRANA
SLAD LEDO KORNET ČOKOLADA 120ML,02350172,LEDO,0.12 l,ko,2.19,18.25,,,2.19,3850116037790,HRANA
ŠLAG K 220ml LEDO,02350334,LEDO,0.22 l,ko,2.45,11.14,,,2.45,3850116506623,HRANA
SLAD LEDO MACHO ČOKOLADA 75ML,02350635,MACHO,0.08 l,ko,2.39,31.87,,,2.29,3850116612621,HRANA
SLAD LEDO MACHO VANILIJA 75ML,02350680,MACHO,0.08 l,ko,2.39,31.87,,,2.29,3850116641942,HRANA
SLAD KORNET ŠUM VOĆE STRAC 120ML LED,02350866,LEDO,0.12 l,ko,2.19,18.25,,,2.19,3850116037851,HRANA
SLAD TWICE VANILIJA ČOKOLADA 1L LEDO,02350875,TWICE,1.00 l,ko,3.59,3.59,,,3.59,3850116712970,HRANA
SLAD TWICE JAG VAN ČOK 1.7L LEDO,02351092,TWICE,1.70 l,ko,5.49,3.23,,,5.49,3850116768441,HRANA
SLAD QUATTRO HAPPINESS 1650ml,02351152,QUATTRO,1.65 l,ko,9.09,5.51,,,9.09,3850116036083,HRANA
SLAD QUATTRO JOY 1650ml,02351153,QUATTRO,1.65 l,ko,9.09,5.51,,,9.09,3850116036113,HRANA
SLAD KORNET MAXIMO 160ML LEDO,02351198,KING,0.16 l,ko,3.49,21.81,,,3.29,3850116815107,HRANA
SLAD QUATTRO FANTASY 1650ml,02351265,QUATTRO,1.65 l,ko,9.09,5.51,,,9.09,3850116036144,HRANA
SLAD KONTIKI 70ML LEDO,02351276,LEDO,0.07 l,ko,1.55,22.14,,,1.19,3850116066363,HRANA
SLAD QUATTRO MINI CLASSIC 900ML,02351401,QUATTRO,0.90 l,ko,6.09,6.77,,,6.09,3850116036359,HRANA
TORTA ROĐENDANSKA 1000g LEDO,02351416,LEDO,1.00 kg,ko,24.49,24.49,,,21.99,3850116875873,HRANA
POMMES FRITES 1000g LEDO,02360042,LEDO,1.00 kg,ko,3.99,3.99,,,3.99,3850116677477,HRANA
VALJUŠCI 500g LEDO,02370042,LEDO,0.50 kg,ko,4.39,8.78,,,3.59,3850116535890,HRANA
ZAGORSKI ŠTRUKLI 600gr KUTIJA LEDO,02371338,LEDO,0.60 kg,ko,6.69,11.15,,,5.49,3850116765198,HRANA
TORTELLINI 4 VRSTE SIRA 250g KLASJE,02373688,AURELIA,0.25 kg,ko,3.59,14.36,,,3.59,3859890561019,HRANA
TORTELLINI DALMAT PRŠUT 250g KLASJE,02373691,AURELIA,0.25 kg,ko,3.59,14.36,,,3.59,3859890561071,HRANA
SIR NAM ABC VLASAC 100g BELJE,02390925,ABC,0.10 kg,ko,1.69,16.9,,,1.69,3856015324191,HRANA
SIR SVJEŽI K PLUS POLUM 500g,02390960,K PLUS,0.50 kg,ko,1.86,3.72,,,1.86,3850334535214,HRANA
SIR SVJEŽI POSNI K PLUS 500g,02390962,K PLUS,0.50 kg,ko,1.69,3.38,,,1.95,3850334535276,HRANA
MLIJ NAM DUKATELA S POVR 150g DUKAT,02398911,DUKATELA,0.15 kg,ko,2.25,15,,,2.09,3850354015017,HRANA
MLIJ NAM DUKATELA ORIGINAL 150 G,02398912,DUKATELA,0.15 kg,ko,2.25,15,,,1.59,3850354014997,HRANA
SIR SVJEZI ZRNATI PRESIDENT 200g,02398927,PRESIDENT,0.20 kg,ko,3.09,15.45,,,2.85,3850355000814,HRANA
SIR K PLUS ZRNATI 20% MM 200g,02398938,K PLUS,0.20 kg,ko,1.75,8.75,,,1.65,3850334058515,HRANA
SIR MEKI MOZZAR K PLUS 100g,02398939,K PLUS,0.10 kg,ko,1.49,14.9,,,1.29,3850334000781,HRANA
SIR MEKI MOZZARELLA 125g GALBANI DUK,02398962,GALBANI,0.13 kg,ko,3.09,24.72,,,2.75,8000430133035,HRANA
SIR SVJ ZAGREB PRESIDENT 375g,02398982,PRESIDENT,0.38 kg,ko,3.69,9.84,,,3.69,3850355002498,HRANA
ĆEVAPČIĆI SVJEŽI 810g  PIK VRBOVEC,02404064,PIK VRBOVEC,0.81 kg,ko,11.99,14.8,,,11.39,3850139435757,HRANA
HAMBURGER SVJEŽI 600g MA PIK VRBOVEC,02404066,PIK VRBOVEC,0.60 kg,ko,3.99,6.65,,,3.89,3850139435719,HRANA
ĆEVAPČIĆI 810g  B BRAND PIK,02404158,PIK VRBOVEC,0.81 kg,ko,5.49,6.78,,,6.79,3850139404302,HRANA
MIJEŠ MLJEV MESO 850g MA PIK VRBOVEC,02404336,PIK VRBOVEC,0.85 kg,ko,8.79,10.34,,,6.09,3850139435917,HRANA
SV VRAT SK NAR 640g PIK VRBOVEC,02404367,PIK VRBOVEC,0.64 kg,ko,6.09,9.51,,,4.59,3850139437508,HRANA
SV SLAB I LEĐA SK BF ODR 575g MA,02404378,PIK VRBOVEC,0.58 kg,ko,5.79,10.07,,,4.39,3850139437515,HRANA
MARINATO GRILL MINI CCA 850g,02422077,CEKIN,1.00 kg,kg,9.99,9.99,,,9.99,3850159150524,HRANA
PIL BATAK I ZABATAK OBIT PAK VINDIJA,02430045,CEKIN,1.00 kg,kg,6.79,6.79,,,6.79,3850159110559,HRANA
PILEĆA KRILA PERUTNINA RFZ 5,02430351,PERUTNINA PT,1.00 kg,kg,2.99,2.99,,,2.89,3850220114615,HRANA
PIL BATAK I ZABATAK NA POD VINDIJA,02431376,CEKIN,1.00 kg,kg,6.79,6.79,,,6.79,3850159110054,HRANA
PIL PRSA BEZ KOŽE NA POD VINDIJA,02431402,CEKIN,1.00 kg,kg,9.69,9.69,,,9.69,3850159110122,HRANA
MARINATO GRILL RAŽNJIĆI POD VINDIJA,02431457,CEKIN,1.00 kg,kg,15.99,15.99,,,15.99,3850159150104,HRANA
PILEĆI RASJEK PREMIUM CCA 1000g VINDIJA,02431542,CEKIN,1.00 kg,kg,6.39,6.39,,,6.39,3850159110610,HRANA
PILEĆA KRILA POD  VINDIJA,02434195,CEKIN,1.00 kg,kg,7.69,7.69,,,7.69,3850159110269,HRANA
PILEĆI RASJ ZA POH TOP KRILA CCA 1100g,02434348,CEKIN,1.00 kg,kg,9.09,9.09,,,9.09,3850159110641,HRANA
PILEĆI RASJ ZA POH TOP FILE 1100g,02434349,CEKIN,1.00 kg,kg,9.49,9.49,,,9.49,3850159110658,HRANA
PILE ROSTER POD SVJ KOKA,02434409,CEKIN,1.00 kg,kg,3.31,3.31,,,3.31,3850159113123,HRANA
RIŽOTO S PILET I POVRĆEM 600g LEDO,02434779,LEDO,0.60 kg,ko,7.09,11.82,,,6.09,3850116813912,HRANA
PILEĆI KRILKO POD VINDIJA,02435425,CEKIN,1.00 kg,kg,10.39,10.39,,,10.39,3850159110702,HRANA
PILE GAVELINO POD VINDIJA,02435484,CEKIN,1.00 kg,kg,6.79,6.79,,,6.79,3850159113154,HRANA
DINOSAURI PIL PANIR 600g SMR VINDI,02435511,CEKIN,0.60 kg,ko,9.39,15.65,,,9.39,3850159141911,HRANA
MEDALJONI PIL PANIR 660g SMR VINDIJA,02435514,CEKIN,0.66 kg,ko,9.39,14.23,,,9.39,3850159141461,HRANA
PILEĆI MINI FILE 400g VINDIJA,02435527,CEKIN,0.40 kg,ko,6.29,15.73,,,6.29,3850159110900,HRANA
PILEĆI RAŽNJIĆI KIDS 450g VINDIJA,02435549,CEKIN,0.45 kg,ko,8.99,19.98,,,8.99,3850159150128,HRANA
JETRA SA SRCEM PILEĆA 500g SVJ VIND,02435556,CEKIN,0.50 kg,ko,2.95,5.9,,,2.95,3850159110931,HRANA
FILE PILEĆEG ZABATKA 500g PERUTNINA,02435579,PERUTNINA PT,0.50 kg,ko,5.49,10.98,,,5.49,3850220115797,HRANA
PUREĆE MLJEVENO MESO 500g VINDIJA,02451416,VINDON,0.50 kg,ko,6.79,13.58,,,6.79,3850339413043,HRANA
JAJA SVJEŽA M 10/1 AGROKOKA PULA,02510559,AGROKOKA PUL,10.00 ko,ko,2.45,0.25,,,2.45,3859889074476,HRANA
JAJA SVJEŽA L 10/1 AGROKOKA PULA,02510561,AGROKOKA PUL,10.00 ko,ko,3.99,0.4,,,3.99,3859889074193,HRANA
JAJA SVJEŽA M 6/1 AGROKOKA PULA,02510563,AGROKOKA PUL,6.00 ko,ko,2.79,0.46,,,2.79,3859889074469,HRANA
JAJA SVJEŽA K PLUS L 10/1,02510565,K PLUS,10.00 ko,ko,3.69,0.37,,,3.29,3850334114211,HRANA
JAJA SVJEŽA K PLUS M 6/1,02510669,K PLUS,6.00 ko,ko,2.85,0.47,,,2.49,3850334186942,HRANA
JAJA SVJEŽA K PLUS M 10/1,02510689,K PLUS,10.00 ko,ko,2.45,0.25,,,2.39,3850334262387,HRANA
VINO ZLATNA VRBNIČKA ŽLAHTINA 0.75L,03020074,VRB ŽLAHTINA,0.75 l,ko,12.79,17.05,,,12.79,3859889467018,PIĆE
VINO TGA ZA JUG 0.75L KV,03020172,TIKVEŠ,0.75 l,ko,6.49,8.65,,,6.49,5310008007129,PIĆE
VINO ŽILAVKA 1L KK KVAL VIN ČIT,03020266,HERCEGOVINAVINO,1.00 l,ko,5.99,5.99,,,5.09,3870083000658,PIĆE
VINO POŠIP VRH 0.75L PZ ČARA,03020922,PZ POŠIP ČAR,0.75 l,ko,22.99,30.65,,,22.99,3859889311014,PIĆE
VINO PELJEŠAC 0.75L BADEL 1862,03021332,VINA HRVATSKE,0.75 l,ko,7.39,9.85,,,7.39,3850112170644,PIĆE
VINO PLAVAC 0.75L BADEL 1862,03021426,VINA HRVATSKE,0.75 l,ko,7.39,9.85,,,5.59,3850112170620,PIĆE
VINO GRAŠEVINA KUTJEVO 0.75L KV,03021680,KUTJEVO,0.75 l,ko,9.49,12.65,,,9.49,3850156001133,PIĆE
VINO ROSE BENKOVAČKI 0.75L BADEL,03022014,VIN BENKOVAC,0.75 l,ko,9.29,12.39,,,9.29,3850112163134,PIĆE
VINO ZLATAN PLAVAC 0.75L PLENKOVIĆ,03022328,ZLATAN OTOK,0.75 l,ko,17.39,23.19,,,17.39,3859888437029,PIĆE
VINO PLAVAC 0.75L KV SKARAMUČA,03022784,SKARAMUČA,0.75 l,ko,6.99,9.32,,,6.99,3859888214026,PIĆE
PJENUŠAC FREIXENET CORD NEGRO BRUT 0.75L,03030023,FREIXENET,0.75 l,ko,14.59,19.45,,,14.59,8410036009090,PIĆE
PJENUŠAC FREIXENET C NEVADA 0.75L,03030024,FREIXENET,0.75 l,ko,12.19,16.25,,,12.19,8410036002015,PIĆE
PIVO BECK'S 0.5L LIM ZAG PIV,03040052,BECKS,0.50 l,ko,2.09,4.18,,,2.05,3850131290101,PIĆE
PIVO OŽUJSKO COOL 0.5L POV AMB BEZAL,03040105,OŽUJSKO,0.50 l,ko,1.55,3.1,,,1.55,38502293,PIĆE
PIVO HEINEKEN 0.5L LIM,03040181,HEINEKEN,0.50 l,ko,2.19,4.38,,,2.09,3830001714692,PIĆE
PIVO LAŠKO ZLATOROG 0.5L PB,03040301,LAŠKO,0.50 l,ko,1.49,2.98,,,1.49,3830001711011,PIĆE
PIVO LAŠKO ZLATOROG 0.5L LIM,03040303,LAŠKO,0.50 l,ko,1.79,3.58,,,1.79,3830001710991,PIĆE
PIVO HEINEKEN 0.33L NEP AMB BOCA,03040410,HEINEKEN,0.33 l,ko,2.29,6.94,,,2.25,3850103901189,PIĆE
JAKO ALKOHOLNO PIĆE TRAVARICA 0.50L,03060010,DEGENIJA,0.50 l,ko,15.99,31.98,,,15.99,3859889693011,PIĆE
RAKIJA TRAVARICA 1L 38% VINOPLOD,03060017,VINOPLOD,1.00 l,ko,17.19,17.19,,,17.19,3859888129849,PIĆE
RAKIJA ST ŠLJIVOV 1L 40% BADEL 1862,03060733,BADEL 1862,1.00 l,ko,19.59,19.59,,,19.59,3850112121097,PIĆE
RAKIJA ŠLJIVOVICA 0.1L MARASKA,03060769,MARASKA,0.10 l,ko,2.19,21.9,,,2.19,3850158300708,PIĆE
RAKIJA STARA ŠLJIV 0.5L 40% BADEL 18,03060924,BADEL 1862,0.50 l,ko,12.19,24.38,,,9.19,3850112121110,PIĆE
RAKIJA TRAVARICA 1L BADEL,03060987,BADEL 1862,1.00 l,ko,14.79,14.79,,,14.79,3850112122193,PIĆE
RAKIJA TRAVARICA 0.1L BADEL,03061178,BADEL 1862,0.10 l,ko,1.99,19.9,,,1.99,3850112122230,PIĆE
VODKA ABSOLUT BLUE 0.7L 40%,03063431,ABSOLUT,0.70 l,ko,21.99,31.41,,,21.49,7312040553150,PIĆE
PRIMA BRAND 0.10L 36% BADEL,03070095,BADEL 1862,0.10 l,ko,1.99,19.9,,,1.99,3850112141231,PIĆE
PELINKOVAC GORKI 0.10L 31% BADEL,03070101,BADEL 1862,0.10 l,ko,2.05,20.5,,,2.05,3850112110398,PIĆE
PRIMA BRAND 1L 36% BADEL 1862,03070244,BADEL 1862,1.00 l,ko,13.99,13.99,,,13.99,3850112141194,PIĆE
GIN BOMBAY SAPPHIRE 47% 0.7L,03070315,BOMBAY,0.70 l,ko,32.99,47.13,,,31.99,5010677714006,PIĆE
LIKER KRUŠKOVAC SVATOVSKI 1L 24% BAD,03070325,BADEL 1862,1.00 l,ko,12.19,12.19,,,12.19,3850112110169,PIĆE
LIKER PELINKOVAC GORKI 1L 31% BADEL,03070354,BADEL 1862,1.00 l,ko,19.59,19.59,,,19.59,3850112110039,PIĆE
STOCK 84 0.7L,03070711,STOCK,0.70 l,ko,18.39,26.27,,,18.39,8000440396390,PIĆE
LIKER KRUŠKOVAC 1L MARASKA,03070749,MARASKA,1.00 l,ko,12.19,12.19,,,12.19,3850158403607,PIĆE
GIN GORDONS DRY 0.7L,03070780,GORDON'S,0.70 l,ko,26.99,38.56,,,25.49,5000289925440,PIĆE
LIKER CHERRICA ČUTURICA 0.7L MARASKA,03070784,MARASKA,0.70 l,ko,15.99,22.84,,,15.99,3850158401122,PIĆE
VODKA VIGOR 0.10L BADEL 1862,03070916,VIGOR,0.10 l,ko,2.05,20.5,,,2.05,3850112142283,PIĆE
RAK ŠLJIV STA 1L DOM MARASKA,03071010,MARASKA,1.00 l,ko,19.59,19.59,,,19.59,3850158301705,PIĆE
LIKER PELINKOVAC ANTIQUE 0.7L,03071140,BADEL 1862,0.70 l,ko,20.99,29.99,,,20.99,3850112110572,PIĆE
GIN EMPIRE 37.5% 1L MARASKA,03071259,MARASKA,1.00 l,ko,16.59,16.59,,,16.59,3850158200879,PIĆE
LIKER APEROL 0.7L,03071689,APEROL,0.70 l,ko,22.99,32.84,,,22.99,8002230000302,PIĆE
VODKA TROJKA 1l 37.5%  SEGESTICA,03073775,SEGESTICA,1.00 l,ko,12.19,12.19,,,12.19,3850112144027,PIĆE
LIKER PELINKOVAC 28%V 0.10L MARASKA,03075004,MARASKA,0.10 l,ko,2.05,20.5,,,2.05,3850158406301,PIĆE
BACARDI BREEZER ORANGE RTD 0.275L,03075782,BACARDI,0.28 l,ko,4.09,14.87,,,3.99,5010677551311,PIĆE
BACARDI BREEZER LIME RTD 0.275L,03075783,BACARDI,0.28 l,ko,4.09,14.87,,,3.99,5010677551397,PIĆE
LIKER PELINKOVAC 1L MARASKA,03075806,MARASKA,1.00 l,ko,18.99,18.99,,,18.99,3850158406752,PIĆE
LIKER BAILEY'S 0.7L,03080035,BAILEY'S,0.70 l,ko,29.49,42.13,,,29.49,5011013100156,PIĆE
RUM CAPTAIN MORGAN SP GOLD 0.7L 35%,03080042,CAPTAIN MORG,0.70 l,ko,24.49,34.99,,,24.49,5000299223017,PIĆE
LIKER JAGERMEISTER 0.7L,03080172,JAGERMEISTER,0.70 l,ko,20.49,29.27,,,20.49,4067700015020,PIĆE
VISKI JIM BEAM BOURBON 0.7l,03080174,JIM BEAM,0.70 l,ko,24.49,34.99,,,24.49,080686000389,PIĆE
LIKER LIMONCE 0.5L 25%,03080551,LIMONCE,0.50 l,ko,12.19,24.38,,,12.19,8000440112815,PIĆE
VODKA COSMOPOLITAN 1L MARASKA,03081038,MARASKA,1.00 l,ko,14.59,14.59,,,14.59,3850158409005,PIĆE
VODKA SMIRNOFF RED LABEL 0.70L,03081710,SMIRNOFF,0.70 l,ko,21.99,31.41,,,21.49,5410316671118,PIĆE
VISKI JACK DANIEL'S 0.7L,03081739,JACK DANIELS,0.70 l,ko,29.49,42.13,,,29.49,5099873089798,PIĆE
VODKA FINLANDIA 0.7L,03081740,FINLANDIA,0.70 l,ko,19.19,27.41,,,19.19,6440003100095,PIĆE
RUM BACARDI 0.7L 37.5%,03082134,BACARDI,0.70 l,ko,22.49,32.13,,,21.99,5010677013147,PIĆE
RUM MALIBU 0.7L,03082194,MALIBU,0.70 l,ko,19.79,28.27,,,18.99,5010284100018,PIĆE
GIN BEEFEATER 0.7L,03082259,BEEFEATER,0.70 l,ko,24.99,35.7,,,24.49,5000329002193,PIĆE
VISKI JAMESON 0.7 LIT - GOLA BOCA,03082776,JAMESON,0.70 l,ko,29.49,42.13,,,27.99,5011007003005,PIĆE
VISKI CHIVAS REGAL 12 YO 0.7L,03085107,CHIVAS REGAL,0.70 l,ko,41.49,59.27,,,38.99,0080432402931,PIĆE
MARTINI VERMOUTH BIANCO 1L,03090075,MARTINI,1.00 l,ko,21.49,21.49,,,19.59,7630040408820,PIĆE
OCAT BALZAMSKI 0.25L PONTI,03120001,PONTI,0.25 l,ko,2.99,11.96,,,2.99,80522621,HRANA
OCAT BALZAMSKI 0.5L PONTI,03120006,PONTI,0.50 l,ko,4.19,8.38,,,4.19,80228486,HRANA
OCAT ALKOHOLNI 0.5L KISKO,03120039,KISKO,0.50 l,ko,1.25,2.5,,,1.25,3850164310142,HRANA
OCAT VINSKI 0.5L KISKO,03120071,KISKO,0.50 l,ko,1.79,3.58,,,1.79,3850164321148,HRANA
OCAT JABUČNI 0.5L KISKO,03120408,KISKO,0.50 l,ko,1.79,3.58,,,1.79,3850164340149,HRANA
KREMA ACETO BALZAMICO 0.25L PONTI,03127025,PONTI,0.25 kg,ko,4.19,16.76,,,4.19,8001010076568,HRANA
PIVO OŽUJSKO 0.5L LIM ZAG PIV,03130006,OŽUJSKO,0.50 l,ko,1.95,3.9,,,1.85,3850131400609,PIĆE
PIVO KARLOVAČKO 0.5L BOCA POV AMB KP,03130207,KARLOVAČKO,0.50 l,ko,1.49,2.98,,,1.49,3850103000820,PIĆE
PIVO KARLOVAČKO 0.33L LIM KARLOV,03130252,KARLOVAČKO,0.33 l,ko,1.45,4.39,,,1.45,3850103902582,PIĆE
PIVO PAN 0.5L LIMENKA,03130254,PAN,0.50 l,ko,1.85,3.7,,,1.39,3859888291461,PIĆE
PIVO STELLA ARTOIS LIMENKA 0.5L ZP,03130389,STELLA ARTOIS,0.50 l,ko,2.19,4.38,,,2.09,3850131486009,PIĆE
PIVO OŽUJSKO 0.33L LIM ZAG PIV,03130430,OŽUJSKO,0.33 l,ko,1.45,4.39,,,1.07,3850131006047,PIĆE
PIVO KARLOVAČKO 0.5L LIMENKA,03130443,KARLOVAČKO,0.50 l,ko,1.95,3.9,,,1.85,3850103002312,PIĆE
PIVO OŽUJSKO 0.5L BOCA POV AMB ZG PI,03130524,OŽUJSKO,0.50 l,ko,1.49,2.98,,,1.49,38501692,PIĆE
PIVO PAN MEGA 2L PET,03130643,PAN,2.00 l,ko,4.29,2.15,,,4.29,3858887580415,PIĆE
CIDER SOMERSBY JABUKA 0.33L NB,03130658,SOMERSBY,0.33 l,ko,2.05,6.21,,,2.05,7310070764973,PIĆE
PIVO CORONA EXTRA 0.355L NEP BOCA,03130669,CORONA,0.36 l,ko,2.79,7.86,,,2.79,75032814,PIĆE
PIVO PAN ZLATNI 0.5L LIMENKA,03130782,PAN,0.50 l,ko,1.85,3.7,,,1.85,3858887580644,PIĆE
KAŠICA HIPP PURET RIŽ MRK 8MJ 220g,03140030,HIPP,0.22 kg,ko,2.49,11.32,,,2.49,9062300134411,HRANA
KAŠICA HIPP TELET POVR RIŽ 8MJ 220g,03140032,HIPP,0.22 kg,ko,2.49,11.32,,,2.49,9062300103035,HRANA
NEG PIĆE ORANGE CAPRI SONNE 0.2L,03140108,CAPRI SONNE,0.20 l,ko,0.67,3.35,,,0.67,4000177407400,PIĆE
KAŠICA HIPP INT JAB BAN KEK 4-6MJ 190,03140115,HIPP,0.19 kg,ko,1.99,10.47,,,1.99,9062300132455,HRANA
NEKTAR VINDI BOROVNICA 1L,03140175,VINDI,1.00 l,ko,2.49,2.49,,,2.49,3850108074376,PIĆE
SOK 100% NARANČA JUICY 1L,03140211,JUICY,1.00 l,ko,4.39,4.39,,,4.99,3858890970425,PIĆE
NEKTAR JABUKA JUICY 1L,03140397,JUICY,1.00 l,ko,2.49,2.49,,,2.49,3858890970906,PIĆE
KAŠICA FRUTEK MAREL KRUŠ 190g,03140457,FRUTEK,0.19 kg,ko,2.09,11,,,2.09,3838945503136,HRANA
SOK FRUTEK JABUKA 0.125L,03140467,FRUTEK,0.13 l,ko,1.19,9.52,,,1.19,3838945502733,PIĆE
NEG PIĆE MIST DRAG CAPRI SONNE 0.2L,03140474,CAPRI SONNE,0.20 l,ko,0.67,3.35,,,0.67,4000177408100,PIĆE
SOK 100% ANANAS JUICY 1L,03140548,JUICY,1.00 l,ko,3.49,3.49,,,3.49,3858890970692,PIĆE
NEG PIĆE MULTI A+C+E VINDI 2L,03140896,VINDI,2.00 l,ko,3.09,1.55,,,3.09,3850108073379,PIĆE
NEKTAR JABUKA BRAVO  2L,03141280,BRAVO,2.00 l,ko,3.99,2,,,3.79,9008700124195,PIĆE
NEKTAR  NARANČA BRAVO 2L,03141290,BRAVO,2.00 l,ko,4.99,2.5,,,4.69,9008700145268,PIĆE
SOK 100% NARANČA CAPPY 0.33L,03141291,CAPPY,0.33 l,ko,2.05,6.21,,,2.05,90492341,PIĆE
NEGAZ PIĆE JUICY FRUITS LIMUNADA 1.5L,03141833,JUICY FRUITS,1.50 l,ko,2.15,1.43,,,2.15,3858890975185,PIĆE
NEGAZ PIĆE JUICY FRUITS LIMUNADA 0.5L,03141834,JUICY FRUITS,0.50 l,ko,1.35,2.7,,,1.35,3858890975215,PIĆE
SOK 100% NARANČA HAPPY DAY  1L,03141937,HAPPY DAY,1.00 l,ko,4.39,4.39,,,3.79,90087066,PIĆE
SOK 100% VINDI NARAN  1L,03142008,VINDI,1.00 l,ko,3.49,3.49,,,3.49,3850108075397,PIĆE
NAPITAK POWERADE MOUNTAIN BLAST 0.5L,03142103,POWERADE,0.50 l,ko,2.05,4.1,,,2.05,54492653,PIĆE
NEKTAR VINDI BRESKVA KAŠ 1L,03142185,VINDI,1.00 l,ko,2.45,2.45,,,1.75,3850108079524,PIĆE
NEKTAR CRNI RIBIZL FRUCTAL1L,03142816,FRUCTAL,1.00 l,ko,3.09,3.09,,,2.89,3838945509015,PIĆE
GAZ PIĆE PEPSI COLA 2L PET,03160001,PEPSI,2.00 l,ko,2.49,1.25,,,2.59,3830065022627,PIĆE
GAZ PIĆE PIPI NARA 0.5L PET DALMACI,03160037,PIPI,0.50 l,ko,1.45,2.9,,,1.45,3870183400006,PIĆE
GAZ PIĆE PIPI NARANČA 2L,03160038,PIPI,2.00 l,ko,2.89,1.45,,,2.85,3870183400013,PIĆE
GAZ PIĆE ORANGINA 0.5L PET,03160077,ORANGINA,0.50 l,ko,2.05,4.1,,,2.05,3877000209170,PIĆE
NEG PIĆE MULTI ACE VINDI 1L,03160261,VINDI,1.00 l,ko,1.85,1.85,,,1.35,3850108071290,PIĆE
NEGAZ PIĆE JUICY FRUITS MULTI 1.5L,03160270,JUICY FRUITS,1.50 l,ko,2.15,1.43,,,2.15,3858890975000,PIĆE
NEGAZ PIĆE JUICY FR MUL 0.5L JAM,03160271,JUICY FRUITS,0.50 l,ko,1.35,2.7,,,1.35,3858890975031,PIĆE
GAZ PIĆE SKY COLA 0.5L JAMNICA,03160275,SKY COLA,0.50 l,ko,1.19,2.38,,,1.19,3871059000146,PIĆE
GAZ PIĆE COCA COLA ZERO 2L,03160278,COCA COLA,2.00 l,ko,2.99,1.5,,,2.89,5449000131843,PIĆE
GAZ PIĆE COCA COLA ZERO 0.5L,03160279,COCA COLA,0.50 l,ko,1.49,2.98,,,1.45,5449000131836,PIĆE
GAZ PIĆE COCA COLA ZERO 1L,03160280,COCA COLA,1.00 l,ko,1.99,1.99,,,1.85,5449000133328,PIĆE
GAZ PIĆE COCA COLA 1.5L,03160286,COCA COLA,1.50 l,ko,2.39,1.59,,,2.39,5449000000439,PIĆE
GAZ PIĆE COCA COLA 1L,03160839,COCA COLA,1.00 l,ko,1.99,1.99,,,1.85,5449000054227,PIĆE
NAPITAK RED BULL 0.355L,03161086,RED BULL,0.36 l,ko,2.89,8.14,,,2.89,9002490210939,PIĆE
VINO GRAŠEVINA 1L ILOČKI PODRUMI,03010028,ILOČKI PODRUMI,1.00 l,ko,7.99,7.99,,,7.99,3859889556460,PIĆE
VINO GRAŠEVINA KV 0.75L ILOČKI PODRU,03020076,ILOČKI PODRUMI,0.75 l,ko,8.59,11.45,,,8.59,3859889556453,PIĆE
PIVO UNION 0.5L LIM,03040034,UNION,0.50 l,ko,1.55,3.1,,,1.55,3838999050013,PIĆE
GIN TANQUERAY 0.7L,03071137,TANQUERAY,0.70 l,ko,35.99,51.41,,,33.99,5000281015248,PIĆE
NAPITAK RED BULL SUGARFREE 0.25L,03161437,RED BULL,0.25 l,ko,2.15,8.6,,,2.15,90162800,PIĆE
GAZ PIĆE COCA COLA 0.33L LIM,03161768,COCA COLA,0.33 l,ko,1.35,4.09,,,1.35,5449000214911,PIĆE
GAZ PIĆE SCHWEPPES BITT LEM 0.5L,03162916,SCHWEPPES,0.50 l,ko,1.69,3.38,,,1.69,54490130,PIĆE
GAZ PIĆE SCHWEPPES TONIC WAT 1.5L,03162958,SCHWEPPES,1.50 l,ko,2.85,1.9,,,2.85,5449000044679,PIĆE
GAZ PIĆE SCHWEPPES TANGERINA 1.5L,03162987,SCHWEPPES,1.50 l,ko,2.85,1.9,,,2.85,5449000044730,PIĆE
GAZ PIĆE SCHWEPPES BITT LEM 1.5L,03163119,SCHWEPPES,1.50 l,ko,2.85,1.9,,,2.85,5449000044709,PIĆE
GAZ PIĆE COCA COLA 0.5L PET,03163478,COCA COLA,0.50 l,ko,1.49,2.98,,,1.45,54491472,PIĆE
GAZ PIĆE FANTA NARANČA 0.5L,03163494,FANTA,0.50 l,ko,1.49,2.98,,,1.45,5449000322142,PIĆE
GAZ PIĆE SPRITE 0.5L,03163504,SPRITE,0.50 l,ko,1.49,2.98,,,1.45,5449000334992,PIĆE
NAPITAK RED BULL 0.25L,03163559,RED BULL,0.25 l,ko,2.15,8.6,,,2.15,9002490100070,PIĆE
NAPITAK RED BULL 4-PACK 4X0.25L,03163560,RED BULL,1.00 l,ko,7.89,7.89,,,7.89,9002490100490,PIĆE
LEDENI ČAJ JANA ŠUM VOĆ BRU 1.5L,03164065,JANA,1.50 l,ko,2.15,1.43,,,2.15,3858884601717,PIĆE
LEDENI ČAJ JANA ŠUM VOĆE BRUS 0.5L,03164066,JANA,0.50 l,ko,1.49,2.98,,,1.49,3858884601731,PIĆE
GAZ PIĆE SCHWEPPES TANGERINA 0.5L,03164152,SCHWEPPES,0.50 l,ko,1.69,3.38,,,1.69,87126068,PIĆE
GAZ PIĆE SKY COLA 2L,03166973,SKY COLA,2.00 l,ko,2.25,1.13,,,2.25,3871059000481,PIĆE
GAZ PIĆE SKY ORANGE 2L,03166974,SKY,2.00 l,ko,2.25,1.13,,,2.25,3871059000504,PIĆE
GAZ PIĆE COCA COLA 2L,03167351,COCA COLA,2.00 l,ko,2.39,1.2,,,2.89,5449000000286,PIĆE
GAZ PIĆE FANTA NARANČA 2L,03167364,FANTA,2.00 l,ko,2.99,1.5,,,2.89,5449000322203,PIĆE
GAZ PIĆE SPRITE 2L,03167377,SPRITE,2.00 l,ko,2.99,1.5,,,2.89,5449000335036,PIĆE
LEDENI ČAJ JANA BRESKVA 1.5L,03169973,JANA,1.50 l,ko,2.15,1.43,,,2.15,3858884601045,PIĆE
LEDENI ČAJ JANA BRESKVA 0.5L,03169974,JANA,0.50 l,ko,1.49,2.98,,,1.49,3858884601052,PIĆE
MIN VODA JAMNICA 0.5L GAZ PET,03180001,JAMNICA,0.50 l,ko,1.05,2.1,,,1.05,3859888152113,PIĆE
MIN VODA DONAT MG 0.5L GAZ PET,03180004,DONAT,0.50 l,ko,1.75,3.5,,,1.75,3838600253345,PIĆE
MIN VODA KISELJAK 1.5L PET,03180015,SAR KISELJAK,1.50 l,ko,1.15,0.77,,,1.15,3871059000078,PIĆE
MIN VODA KISELJAK 0.5L GAZ PET,03180016,SAR KISELJAK,0.50 l,ko,0.99,1.98,,,0.99,3871059000023,PIĆE
VODA MINERALNA JANA 1.5L,03180030,JANA,1.50 l,ko,1.19,0.79,,,1.19,3858884600055,PIĆE
VODA MINERALNA JANA 0.5L,03180031,JANA,0.50 l,ko,1.05,2.1,,,1.05,3858884600062,PIĆE
MIN VODA DONAT MG 1L GAZ PET,03180050,DONAT,1.00 l,ko,2.75,2.75,,,2.75,3838600024945,PIĆE
MIN VODA RADENSKA 1.5L GAZ PET,03180101,RADENSKA,1.50 l,ko,1.25,0.83,,,1.25,3830000620864,PIĆE
VODA SENSATION LIME/KIWA 0.5L JAM,03180154,SENSATION,0.50 l,ko,1.35,2.7,,,1.35,3875000184336,PIĆE
VODA SENSATION LIME/KIWA 1.5L JAM,03180155,SENSATION,1.50 l,ko,2.15,1.43,,,2.15,3858884602349,PIĆE
MIN VODA JAMNICA 1L PB,03180561,JAMNICA,1.00 l,ko,0.87,0.87,,,0.87,3859888152014,PIĆE
MIN VODA JAMNICA 1.5L PET,03180804,JAMNICA,1.50 l,ko,1.25,0.83,,,1.25,3859888152045,PIĆE
MIN VODA STUDENAC 1.5L GAZ PET,03180888,STUDENAC,1.50 l,ko,1.15,0.77,,,1.15,3856022300836,PIĆE
MIN VODA MIVELA GAZ 0.5 L PET,03180928,MIVELA,0.50 l,ko,1.65,3.3,,,0.5,8600599002816,PIĆE
VODA MINERALNA JANA 1L,03182017,JANA,1.00 l,ko,1.15,1.15,,,1.15,3858884600987,PIĆE
VODA IZVOR JANA LIM-LIMETA 0.5L,03185021,JANA,0.50 l,ko,1.35,2.7,,,1.35,3858884600932,PIĆE
VODA IZVOR JANA JAG-GUAVA 0.5L JAM,03185023,JANA,0.50 l,ko,1.35,2.7,,,1.35,3858884600956,PIĆE
VODA IZVOR JANA LIMUN 1.5L JAMNICA,03185040,JANA,1.50 l,ko,1.99,1.33,,,1.99,3858884600819,PIĆE
ULJE MASLIN EX DJ 0.5L ZVIJEZDA,03210019,ZVIJEZDA,0.50 l,ko,8.99,17.98,,,8.99,3858882211574,HRANA
ULJE SUNCOKRET 1L PET ZVIJEZDA,03220230,ZVIJEZDA,1.00 l,ko,1.69,1.69,,,1.69,3858882210010,HRANA
PECIVO ŽEMLJA PRIMORSKA 100g MLINAR,04010028,MLINAR,0.10 kg,ko,1.09,10.9,,,1.09,3858881122956,HRANA
TOAST 500g    KLARA,04010237,KLARA,0.50 kg,ko,2.69,5.38,,,2.69,3858881320017,HRANA
MRVICE KRUŠNE 500g KLARA,04010249,KLARA,0.50 kg,ko,2.69,5.38,,,2.69,3858881322011,HRANA
MRVICE KRUŠNE 250g KLARA,04010250,KLARA,0.25 kg,ko,1.59,6.36,,,1.59,3858881322059,HRANA
KRUH PEKA BIJELA 500g BABIĆ,04011213,BABIĆ,0.50 kg,ko,2.19,4.38,,,2.05,3858884711249,HRANA
KRUH PEKA 500g BABIĆ,04011214,BABIĆ,0.50 kg,ko,2.19,4.38,,,2.05,3858884711232,HRANA
KRUH POLUBIJELI 700g PAK MLINAR,04011230,MLINAR,0.70 kg,ko,1.69,2.41,,,1.55,3858881127500,HRANA
MLINCI BEZ JAJA 500g KOGUTEX,04011603,KOGUTEX,0.50 kg,ko,3.89,7.78,,,3.89,3859891148028,HRANA
KRUH MEDITERAN 500g RADNIK OPATIJA,04011779,RADNIK,0.50 kg,ko,1.95,3.9,,,1.75,3850151244092,HRANA
PEC BOMBICE SA SJEM PAK 4 240g DON,04014012,PET MINUTA,0.24 kg,ko,3.19,13.29,,,3.19,3858885560273,HRANA
KRUH S ULJEM 350g MASLINA,04015379,MASLINA PZ,0.35 kg,ko,1.69,4.83,,,1.69,,HRANA
PECIVO KRUMPIRKO 100g RADNIK,04015663,RADNIK,0.10 kg,ko,0.69,6.9,,,0.59,3850151241497,HRANA
KRUH RUSTIKA BIJELA 400g BABIĆ PEK,04015799,BABIĆ,0.40 kg,ko,2.09,5.23,,,1.95,3858884711720,HRANA
KRUH PANJ 400g TKZ,04015820,TKZ,0.40 kg,ko,1.99,4.98,,,1.99,3858884920689,HRANA
DVOPEK CLASSIC 225g KLARA,04016013,KLARA,0.23 kg,ko,3.49,15.51,,,3.29,3858881327528,HRANA
DVOPEK IZ CIJELOG ZRNA 225g KLARA,04016293,KLARA,0.23 kg,ko,3.49,15.51,,,3.29,3858881324855,HRANA
PECIVO HOT DOG 2/1 280g DON DON,04016315,DON DON,0.28 kg,ko,1.99,7.11,,,1.99,3858885560303,HRANA
KRUH ZADARSKI C PAK 700g TKZ,04016402,TKZ,0.70 kg,ko,1.55,2.21,,,1.55,3858884925240,HRANA
KRUH ZADARSKI BIJ PAK 650g TKZ,04016403,TKZ,0.65 kg,ko,1.99,3.06,,,1.99,3859888640351,HRANA
DVOPEK GRANETTI INTEGRAL 280g AWT,04016471,MULINO BIANCO,0.28 kg,ko,3.49,12.46,,,3.49,8076809527033,HRANA
KRUH BIJELI SENDVIČ PAK 650g MLINAR,04016480,MLINAR,0.65 kg,ko,2.49,3.83,,,2.29,3858881127517,HRANA
KRUH PAN CARRE 430g BARILLA,04016531,BARILLA,0.43 kg,ko,2.85,6.63,,,2.85,8076809582162,HRANA
KRUH PAN BAULETO BIJELI 400g BARILLA,04016532,BARILLA,0.40 kg,ko,2.55,6.38,,,2.55,8076809504720,HRANA
KRUH PAN BAULETO INTEG 400g BARILLA,04016533,BARILLA,0.40 kg,ko,2.79,6.98,,,2.79,8076809582483,HRANA
PECIVO K PLUS ŽEMLJA 3/1 180g,04016534,K PLUS,0.18 kg,ko,1.19,6.61,,,1.19,3850334214560,HRANA
KRUH ZADARSKI C T-850 700g ZADAR,04019409,TKZ,0.70 kg,ko,1.39,1.99,,,1.39,3856388820627,HRANA
VJENČIĆ S MARMELADOM 500g  FANOLA,04020456,FANOLA,0.50 kg,ko,6.69,13.38,,,6.69,3859888257061,HRANA
PECIVO SUVITA SA POSIP 100g BRIONKA,04021017,PULJANKA,0.10 kg,ko,0.99,9.9,,,0.99,3858883003581,HRANA
CROISSANT MARELICA  6/1 300g BAULI,04022708,BAULI,0.30 kg,ko,4.69,15.63,,,4.09,8001720446200,HRANA
CROISSANT CREMA  6/1 300g BAULI,04022717,BAULI,0.30 kg,ko,4.69,15.63,,,4.09,8001720445876,HRANA
PAN CARE TOAST KRUH 285g AWT,04024336,MULINO BIANCO,0.29 kg,ko,1.99,6.98,,,1.99,8076809582452,HRANA
PERECI SLANI 250g ZLATNO ZRNO,04025444,ZLATNO ZRNO,0.25 kg,ko,3.19,12.76,,,3.19,3859889360746,HRANA
CROISSANT 7DAYS MIDI KAK/VAN 60g,04025561,CHIPITA,0.06 kg,ko,1.05,17.5,,,1.05,7622201389383,HRANA
CROISSANT 7DAYS MIDI KAKAO 60g,04027851,CHIPITA,0.06 kg,ko,1.05,17.5,,,1.05,7622201388409,HRANA
CROISSANT 7DAYS MINI KAKAO 60g,04028124,CHIPITA,0.06 kg,ko,1.35,22.5,,,1.35,7622202215322,HRANA
CROISSANT KAKAO 6/1 300g BAULI,04029201,BAULI,0.30 kg,ko,4.69,15.63,,,4.09,8001720645825,HRANA
CROISSANT 7DAYS MINI KAKAO 185g,04029804,CHIPITA,0.19 kg,ko,3.29,17.78,,,3.29,7622202215292,HRANA
CROISSANT 7DAYS MINI VANILIJA 185g,04029806,CHIPITA,0.19 kg,ko,3.29,17.78,,,3.29,7622202215735,HRANA
KRUPICA PŠENIČNA 400g FRANCK,04030074,FRANCK,0.40 kg,ko,2.05,5.13,,,2.05,3858881081598,HRANA
BRAŠNO GLATKO T-550 1kg MLINETA,04030487,MLINETA,1.00 kg,ko,0.75,0.75,,,0.75,3859888419025,HRANA
CORNFLAKES BRUGGEN 375g,04030488,BRUEGGEN,0.38 kg,ko,3.69,9.84,,,3.69,4008713713602,HRANA
PAHULJICE ZOBENE EXTRA 500g BRUEGGEN,04030527,BRUEGGEN,0.50 kg,ko,1.75,3.5,,,1.75,4008713702804,HRANA
PALENTA MAXX 540g  FRANCK,04030846,FRANCK,0.54 kg,ko,1.65,3.06,,,1.65,3858881083882,HRANA
PAHULJICE FITNESS NESTLE 375g,04031064,NESTLE ŽITAR,0.38 kg,ko,6.19,16.51,,,5.89,7613032853815,HRANA
TIJESTO ŠIR VALJ REZANCI S JAJIMA 400g 1147,04050105,ZLATO POLJE,0.40 kg,ko,3.19,7.98,,,3.19,3838700011470,HRANA
TIJESTO FARFALLE 31 500g ZARA,04050181,PASTA ZARA,0.50 kg,ko,1.89,3.78,,,1.89,8004350130310,HRANA
TIJESTO CHIFFERI RIGATI 55 500g ZARA,04050184,PASTA ZARA,0.50 kg,ko,1.89,3.78,,,1.89,8004350130556,HRANA
TIJESTO PENNE RIGATE 49 500g ZARA,04050187,PASTA ZARA,0.50 kg,ko,1.89,3.78,,,1.89,8004350130495,HRANA
TIJESTO VERMICELLI TAGL 80 500g ZARA,04050323,PASTA ZARA,0.50 kg,ko,1.89,3.78,,,1.89,8004350130808,HRANA
TIJESTO VERMICELLI 5 500g ZARA,04050625,PASTA ZARA,0.50 kg,ko,1.09,2.18,,,1.09,8004350130051,HRANA
TIJESTO REZAN USK MRK JAJ 400g MAROD,04050899,MARODI,0.40 kg,ko,3.19,7.98,,,3.19,3859888666214,HRANA
TJESTENINA S 4 SIRA 145g TALIAN POD,04050903,TALIANETTE,0.15 kg,ko,3.09,21.31,,,3.09,3850104231025,HRANA
TJESTENINA KARBONARA 160g PODRAVKA,04051335,TALIANETTE,0.16 kg,ko,3.09,19.31,,,3.09,3850104230943,HRANA
TIJ MAXX SPAGH 3 625G,04051337,PASTA ZARA,0.63 kg,ko,1.89,3.02,,,1.89,8004350001887,HRANA
RIŽA ZL POLJE ZA DOM JELA 1kg KUT,04060006,ZLATO POLJE,1.00 kg,ko,4.09,4.09,,,4.09,3838700540291,HRANA
RIŽA ARBORIO 1kg SCOTTI,04060048,RISO SCOTTI,1.00 kg,ko,5.99,5.99,,,5.99,8001860250378,HRANA
KAŠA JEČMENA 1kg BIVITA BOŽJAKOVINA,04065003,BOŽJAKOVINA,1.00 kg,ko,1.29,1.29,,,1.29,3859888540545,HRANA
INSTANT NES CL 100g LIM NESTLE,04070018,NESCAFE,0.10 kg,ko,8.09,80.9,,,7.09,7891000255049,HRANA
KAVA JUBILARNA MLJEV 175g VR FRANCK,04070058,JUBILARNA,0.18 kg,ko,5.49,31.37,,,5.49,3858881085589,HRANA
KAVA JUBILARNA MLJEV 400g VR FRANCK,04070059,JUBILARNA,0.40 kg,ko,10.39,25.98,,,10.39,3858881085596,HRANA
INSTANT CRONAT GOLD JACOBS 200g ST,04070073,JACOBS,0.20 kg,ko,18.79,93.95,,,16.19,8711000532904,HRANA
KIKIRIKI BEZ ULJA AROM 250g VREĆ FRA,04070234,CHIO,0.25 kg,ko,3.39,13.56,,,3.39,3856021302275,HRANA
KAVA GLORIA MLJEVENA 250g VR FRANCK,04070352,GLORIA,0.25 kg,ko,5.09,20.36,,,5.09,3858881084872,HRANA
INSTANT KAVA GOLD 100g BOČICA FRANC,04070405,FRANCK,0.10 kg,ko,6.89,68.9,,,6.89,3850291055244,HRANA
INSTANT KAVA CLASSIC LIM 100g FRANCK,04070424,FRANCK,0.10 kg,ko,5.59,55.9,,,5.59,3850291055213,HRANA
KAVA JUBIL VAC MLJEV 250g FRANCK,04070777,JUBILARNA,0.25 kg,ko,5.39,21.56,,,5.39,3858881080263,HRANA
MIX FRANCK 3U1 18g,04070786,FRANCK,0.02 kg,ko,0.49,27.22,,,0.49,3858881083646,HRANA
MIX FRANCK 2U1 15g,04070787,FRANCK,0.02 kg,ko,0.49,32.67,,,0.49,3858881083622,HRANA
KAVA LEDENA NES XPRESS MACCH 250ml,04071193,NESCAFE,0.25 l,ko,2.59,10.36,,,2.59,8445290619198,HRANA
KAVA LEDENA NES XPRESS WHITE 250ml,04071194,NESCAFE,0.25 l,ko,2.59,10.36,,,2.59,8445290618498,HRANA
ČAJ BOROVNICA FILT 55g OMOT FRANCK,04090281,FRANCK,0.06 kg,ko,3.09,56.18,,,3.09,3858881083851,HRANA
ČAJ ZELENI FILT 35g OMOT FRANCK,04090285,FRANCK,0.04 kg,ko,2.85,81.43,,,2.85,3858881083752,HRANA
ČAJ ŠUMSKO VOĆE FILT 55g OMOT FRANCK,04090288,FRANCK,0.06 kg,ko,3.09,56.18,,,3.09,3858881083813,HRANA
ČAJ EARL GREY 20X2g AHMAD,04090594,AHMAD,0.04 kg,ko,4.29,107.25,,,4.29,054881005517,HRANA
ČAJ INDIJSKI FILT OMOT 30g FRANCK,04091005,FRANCK,0.03 kg,ko,2.85,95,,,2.85,3858881082045,HRANA
ČAJ ŠIPAK FILT 20/1 60g FRANCK,04091824,FRANCK,0.06 kg,ko,2.85,47.5,,,2.09,3858881081383,HRANA
ČAJ KAMILICA FILT 20/1 20g FRANCK,04091837,FRANCK,0.02 kg,ko,2.25,112.5,,,2.25,3858881081420,HRANA
ČAJ ENGLISH BREAKFAST 50g,04095668,TWININGS,0.05 kg,ko,5.29,105.8,,,5.29,0070177077693,HRANA
PAPAR MJEŠAVINA 35g MLINAC KOTANY,04100444,KOTANYI,0.04 kg,ko,5.49,156.86,,,5.49,9001414041130,HRANA
PAPAR CRNI ZRNO 36g MLINAC KOTANY,04100446,KOTANYI,0.04 kg,ko,5.49,152.5,,,5.49,9001414041116,HRANA
SOL MORSKA SITNA 1kg KUT SOLANA,04110310,SOLANA PAG,1.00 kg,ko,1.05,1.05,,,1.05,3859888155114,HRANA
SOL SOLJENKA 250g PVC SOLANA PAG,04110352,SOLANA PAG,0.25 kg,ko,1.49,5.96,,,1.49,3859888155183,HRANA
ŠEĆER KRISTAL 1kg VIROVITICA,04121781,VIRO,1.00 kg,ko,0.99,0.99,,,0.99,3859893641008,HRANA
MED KADULJA HR 450g APIDAL,04131001,APIDAL,0.45 kg,ko,12.79,28.42,,,12.79,3859889410021,HRANA
FLIPS TIP TOP VES PRIJAT 45g,04140032,TIP TOP,0.05 kg,ko,1.35,30,,,1.35,3856021303722,HRANA
PECIVO KVIKI PERECI 100g PODRAVKA,04140144,KVIKI,0.10 kg,ko,1.35,13.5,,,1.35,3850104007217,HRANA
MRAMORNI BLOK KOLAČ 400g,04140168,JOMO,0.40 kg,ko,3.59,8.98,,,3.19,9002287000262,HRANA
MRAMORNI KUGLOF 400g,04140169,JOMO,0.40 kg,ko,3.59,8.98,,,3.19,9002287000521,HRANA
ŠTAPIĆI KVIKI 100g PODRAVKA,04140238,KVIKI,0.10 kg,ko,1.35,13.5,,,1.35,3850104007293,HRANA
DVOPEK FETTE DORATE 315g 2060 AWT,04140495,MULINO BIANCO,0.32 kg,ko,3.39,10.76,,,3.39,8076809512060,HRANA
KEKS GRANCEREALE CLASSICO 250g,04140499,BARILLA,0.25 kg,ko,2.49,9.96,,,2.49,8076809540124,HRANA
VAFL LOACKER NAPOLITANER 175g,04140669,LOACKER,0.18 kg,ko,3.09,17.66,,,2.75,8000380007219,HRANA
FLIPS BOBI 2X90g KAROLINA,04140940,BOBI,0.18 kg,ko,2.35,13.06,,,2.05,3858891590325,HRANA
BRUSCHETTE RAJČ/MASL/ORIG 70g MARETT,04141679,MARETTI,0.07 kg,ko,1.19,17,,,1.19,3800205875109,HRANA
BRUSCHETTE MIJEŠ POVRĆE 70g MARETTI,04141680,MARETTI,0.07 kg,ko,1.19,17,,,1.19,3800205875307,HRANA
NIC NAC S 125g LORENZ,04141920,LORENZ,0.13 kg,ko,3.39,27.12,,,3.19,4017100759000,HRANA
FLIPS SMOKI 130g ŠTARK,04142263,SOKO ŠTARK,0.13 kg,ko,1.59,12.23,,,1.59,8600939507087,HRANA
BISKVIT JAFFA KEKS NARANČA 150g,04144000,JAFFA,0.15 kg,ko,1.75,11.67,,,1.59,8600114000013,HRANA
BISKVIT NARANČA 125g KRAŠ,04144049,KRAŠ,0.13 kg,ko,1.75,14,,,1.75,3850102922703,HRANA
KEKS ČAJNI KOLUTIĆI 800g KRAŠ,04144062,KRAŠ,0.80 kg,ko,4.89,6.11,,,4.89,3850120700079,HRANA
POPCORN K PLUS HRUSTY SLANI 3X100g,04146103,HRUSTY,0.30 kg,ko,1.75,5.83,,,1.75,3838900841839,HRANA
KVIKI GRIC 100g PODRAVKA,04147524,KVIKI,0.10 kg,ko,1.75,17.5,,,1.75,3850104225277,HRANA
DVOPEK FETTE DORATE 315G INTEG 2060 AWT,04148000,MULINO BIANCO,0.32 kg,ko,3.39,10.76,,,3.39,8076809512077,HRANA
FLIPS BOBI 90g,04149382,BOBI,0.09 kg,ko,1.35,15,,,1.19,3858891590042,HRANA
KEKS GRANCEREALE ČOKOLADA 230g,04150462,BARILLA,0.23 kg,ko,3.59,15.61,,,3.59,8076809540155,HRANA
VAFL NAPOLITANKA ČOK PRELJ 500g KRAŠ,04150558,KRAŠ,0.50 kg,ko,8.39,16.78,,,6.29,3850102320073,HRANA
KEKS PLAZMA 300g,04150724,BAMBI,0.30 kg,ko,3.69,12.3,,,3.69,8600043000023,HRANA
VAFL JADRO 430g,04151051,JADRO,0.43 kg,ko,3.99,9.28,,,3.99,3850102522545,HRANA
KEKS PETIT BEURRE 480g KRAŠ,04151117,KRAŠ,0.48 kg,ko,3.69,7.69,,,3.69,3850102311439,HRANA
BISKVIT MILKA NARANČA 147g,04151217,MILKA,0.15 kg,ko,2.25,15.31,,,2.25,7622300479138,HRANA
KEKS DOMAĆICA ORIGINAL 300g,04151246,DOMAĆICA,0.30 kg,ko,4.39,14.63,,,3.19,3850102314126,HRANA
BISKVIT BARNI MILK 30g,04151404,BARNI,0.03 kg,ko,1.05,35,,,1.05,5906747318345,HRANA
BISKVIT BARNI CHOCO 150g,04151405,BARNI,0.15 kg,ko,4.39,29.27,,,4.39,7622300509606,HRANA
BISKVIT BARNI CHOCO 30g,04151406,BARNI,0.03 kg,ko,1.05,35,,,1.05,5906747314118,HRANA
BISKVIT BARNI MILK 150g,04151407,BARNI,0.15 kg,ko,4.39,29.27,,,4.39,7622300511814,HRANA
VAFL NAPOLIT CHOC CREAM BLOK 420g KR,04151425,KRAŠ,0.42 kg,ko,3.99,9.5,,,3.99,3850102326143,HRANA
FLIPS TIP TOP CUBICS 50g,04151533,TIP TOP,0.05 kg,ko,1.35,27,,,1.35,3856021303685,HRANA
VAFL NAPOLITANKA 840g KRAŠ,04151586,KRAŠ,0.84 kg,ko,6.19,7.37,,,6.19,3850102326150,HRANA
VAFL NAPOLITANKA NOUGAT 840g KRAŠ,04152518,KRAŠ,0.84 kg,ko,6.19,7.37,,,6.19,3850102326198,HRANA
DESERT ČOKOLADNA TORTICA 25g KRAŠ,04154813,TORTICA,0.03 kg,ko,0.69,27.6,,,0.69,3850102320011,HRANA
JUHA KOKOŠ S REZ 18g FINI MINI PODR,04160070,FINI MINI,0.02 kg,ko,0.99,55,,,0.99,3850104048296,HRANA
JUHA GOVEĐ S REZAN 18g FINI MINI,04160071,FINI MINI,0.02 kg,ko,0.99,55,,,0.99,3850104048333,HRANA
JUHA POVRTNA S TJES VREĆ 16g FINI PO,04160072,FINI MINI,0.02 kg,ko,0.99,55,,,0.99,3850104048326,HRANA
JUHA DALMATINSKA 60g PODRAVKA,04160519,PODRAVKA,0.06 kg,ko,1.25,20.83,,,1.25,3850104003837,HRANA
JUHA BEČKA 62g PODRAVKA,04161002,PODRAVKA,0.06 kg,ko,1.75,28.23,,,1.75,3850104088162,HRANA
JUHA SVATOVSKA 58g PODRAVKA,04161003,PODRAVKA,0.06 kg,ko,1.75,30.17,,,1.75,3850104004964,HRANA
JUHA KOKOŠ S TIJES 62g PODRAVKA,04162562,PODRAVKA,0.06 kg,ko,1.25,20.16,,,1.25,3850104003189,HRANA
JUHA GOVEĐ TIJES I MESO 60g PODRAVKA,04162614,PODRAVKA,0.06 kg,ko,1.75,29.17,,,1.29,3850104002410,HRANA
JUHA GOVEĐ S TIJES 65g PODRAVKA,04162627,PODRAVKA,0.07 kg,ko,1.25,19.23,,,1.25,3850104003134,HRANA
VEGETA 250g VREĆICA PODRAVKA,04163419,VEGETA,0.25 kg,ko,2.75,11,,,2.75,3850104008597,HRANA
KAŠICA INST ČOKOLINO 1kg VREĆ,04170091,LINO,1.00 kg,ko,8.99,8.99,,,8.99,3850104017537,HRANA
PAHULJ NESQ ČOK ŽIT LOPT DUO 325g,04170469,NESTLE ŽITAR,0.33 kg,ko,5.59,17.2,,,5.39,7613032028251,HRANA
PAHULJ NESQUIK 375g,04170625,NESTLE ŽITAR,0.38 kg,ko,5.59,14.91,,,5.39,5900020013668,HRANA
MUESLI TAMNA ČOKOLADA 375g DR OETKER,04171123,VITALIS,0.38 kg,ko,5.19,13.84,,,5.19,4000521002954,HRANA
KAŠICA INST ČOKOLINO 500g,04172111,LINO,0.50 kg,ko,5.99,11.98,,,5.99,3850104210259,HRANA
KAŠICA FRUTEK JAB KOLAČ 190g,04172606,FRUTEK,0.19 kg,ko,2.09,11,,,2.09,3838945511391,HRANA
MUESLI CRUNCH NATU GRAN CHOCO 350g,04172622,NATUREL,0.35 kg,ko,4.49,12.83,,,4.49,3858887245055,HRANA
MUESLI CRUNCH NATU GRAN FRUIT 350g,04172623,NATUREL,0.35 kg,ko,4.49,12.83,,,4.49,3858887245062,HRANA
CEDEVITA NARANČA 200g,04181016,CEDEVITA,0.20 kg,ko,2.75,13.75,,,2.65,3850322003527,PIĆE
CEDEVITA LIMUN 200g,04181018,CEDEVITA,0.20 kg,ko,2.75,13.75,,,2.65,3850322003534,PIĆE
BOMBON MENTOS FRUIT 38g,04190033,MENTOS,0.04 kg,ko,1.09,28.68,,,1.09,87108026,HRANA
BOMBON WERTHER'S 90g,04190350,WERTHERS,0.09 kg,ko,1.55,17.22,,,1.55,4014400908527,HRANA
BOMBON PEZ FRUIT 8.5g,04190369,PEZ,0.01 kg,ko,0.29,34.12,,,0.29,90444470,HRANA
BOMBON PEZ FIGURICE 1+2 17g,04190686,PEZ,0.02 kg,ko,3.09,181.76,,,3.09,5997255700104,HRANA
BOMBON MENTOL ZELENI 100g KANDIT,04191025,KANDIT,0.10 kg,ko,1.19,11.9,,,1.19,3858881043466,HRANA
BOMBON HARIBO CRVI 200g,04191372,HARIBO,0.20 kg,ko,3.09,15.45,,,3.09,9002975377218,HRANA
BOMBON SMARTIES 38g NESTLE,04191408,SMARTIES,0.04 kg,ko,1.69,44.47,,,1.69,7613034462961,HRANA
BOMB ORBIT FRESH MINT MINTS 28g,04191644,WRIGLEY,0.03 kg,ko,1.25,44.64,,,1.25,42211501,HRANA
BOMB ORBIT STRONG MINT MINTS 28g,04191645,WRIGLEY,0.03 kg,ko,1.25,44.64,,,1.25,42211631,HRANA
BOMBON BRONHI 100g KARAMELA KRAŠ,04191766,BRONHI,0.10 kg,ko,1.59,15.9,,,1.59,3850102516797,HRANA
BOMBON PEPERMINT 100g TVR KRAŠ,04191821,KRAŠ,0.10 kg,ko,1.55,15.5,,,1.55,3850102210312,HRANA
BOMBON MENTOS DUGINE BOJE 37.5g,04193161,MENTOS,0.04 kg,ko,1.09,29.07,,,1.09,87311396,HRANA
BOMBON 505 SA CRTOM  100g KRAŠ,04194735,KRAŠ,0.10 kg,ko,1.35,13.5,,,1.35,3850102216147,HRANA
BOMBON RONDO C CLASSIC 28 g,04195094,CEDEVITA,0.03 kg,ko,0.87,31.07,,,0.73,38502934,HRANA
LIZALICA CHUPA CHUPS FRUIT 12g,04199030,CHUPA CHUPS,0.01 kg,ko,0.49,40.83,,,0.49,84196675,HRANA
ŽV GUMA ORBIT SPEARMINT DRAŽEJE 14g,04200009,WRIGLEY,0.01 kg,ko,1.25,89.29,,,1.25,50173822,HRANA
ŽV GUMA AIRWAVES WRIG MEN&EUCAL 14g,04200043,WRIGLEY,0.01 kg,ko,1.25,89.29,,,1.25,50173167,HRANA
ŽV GUMA ORBIT WHITE 14g PLAVA,04200074,WRIGLEY,0.01 kg,ko,1.25,89.29,,,1.25,42069942,HRANA
ŽV GUMA ORBIT WHITE SPEARMINT 14g,04200201,WRIGLEY,0.01 kg,ko,1.25,89.29,,,1.25,42113164,HRANA
ŽV GUMA AIRWAVES EXTREME 14g,04200569,WRIGLEY,0.01 kg,ko,1.25,89.29,,,1.25,42189633,HRANA
ŽV GUMA AIRWAVES CRNI RIBIZL 14g,04201010,WRIGLEY,0.01 kg,ko,1.25,89.29,,,1.25,42070047,HRANA
ŽV GUMA AIRW BLACK MINT WRIG 14g,04201260,WRIGLEY,0.01 kg,ko,1.25,89.29,,,1.25,42101925,HRANA
ŽV GUMA ORBIT PEPERMINT 14g,04201410,WRIGLEY,0.01 kg,ko,1.25,89.29,,,1.25,50173204,HRANA
ŽV GUMA ORBIT BLUEBERRY 14g,04202178,WRIGLEY,0.01 kg,ko,1.25,89.29,,,1.25,42123880,HRANA
ŽV GUMA ORBIT SWEET MINT 14g,04207050,WRIGLEY,0.01 kg,ko,1.25,89.29,,,1.25,50173808,HRANA
ČOKOLADA TOBLERONE MLIJ 100g,04210054,TOBLERONE,0.10 kg,ko,3.89,38.9,,,3.89,7614500010013,HRANA
ČOKOL KINDER T 8 100g,04210063,FERRERO,0.10 kg,ko,2.35,23.5,,,2.25,80177616,HRANA
ČOKOLADA RIKI S RIŽOM  300g KANDIT,04210441,RIKI,0.30 kg,ko,7.09,23.63,,,7.09,3858881040472,HRANA
TIJES MAXX LUM RIG 053 625G,04051336,PASTA ZARA,0.63 kg,ko,1.89,3.02,,,1.89,8004350001870,HRANA
DESERT CORNY BIG ČOKOLADA 50g,04210475,SCHWARTAU,0.05 kg,ko,1.49,29.8,,,1.49,4011800586515,HRANA
DESERT ČOK LIZAL ŽIC LIZLI 15G KRAŠ,04210485,ŽIVOTINJSKO CARSTVO,0.02 kg,ko,0.87,58,,,0.87,38500633,HRANA
ČOKOL LINDT DARK EXCELL 70% 100g,04210560,LINDT,0.10 kg,ko,6.59,65.9,,,5.39,3046920022323,HRANA
ČOKOL DORINA S KEKSOM 80g,04210630,DORINA,0.08 kg,ko,2.35,29.38,,,2.35,3850102117970,HRANA
KAKAO NESQUIK PLUS 200g NESTLE,04210699,NESQUIK,0.20 kg,ko,4.19,20.95,,,4.19,5998710960729,HRANA
ČOKOL DORINA CIJ LJEŠNJAK 100g,04210993,DORINA,0.10 kg,ko,2.85,28.5,,,2.85,3850102122073,HRANA
ČOKOL DORINA RIŽA 75g NL,04211159,DORINA,0.08 kg,ko,2.35,31.33,,,2.35,3850102123681,HRANA
KAKAO KRAŠ EXPRES SP 330g KRAŠ,04211206,KRAŠ EXPRESS,0.33 kg,ko,4.99,15.12,,,4.99,3850102111152,HRANA
ČOKOL LINDT EXC DARK ORANGE 100g,04211364,LINDT,0.10 kg,ko,6.59,65.9,,,5.39,3046920028370,HRANA
ČOKOL DORINA NOISETTE 80g,04211564,DORINA,0.08 kg,ko,2.35,29.38,,,2.35,3850102125173,HRANA
ČOKOL MIKADO RIŽA 225g,04211695,MIKADO,0.23 kg,ko,4.89,21.73,,,4.19,3858888570477,HRANA
ČOKOL DORINA LEDENA 100g,04212302,DORINA,0.10 kg,ko,2.49,24.9,,,1.79,3850102117215,HRANA
ČOKOL DORINA MLIJEČNA 80g,04213178,DORINA,0.08 kg,ko,1.03,12.88,,,1.03,3850102111961,HRANA
ČOKOL MILKA ALPSKA 80g,04218065,MILKA,0.08 kg,ko,1.03,12.88,,,1.03,7622300424695,HRANA
DESERT BOUNTY 57g,04220004,MARS,0.06 kg,ko,1.75,30.7,,,1.75,5000159557771,HRANA
DESERT RAFAELO 4X16X4 40g,04220023,FERRERO,0.04 kg,ko,1.59,39.75,,,1.49,5413548040639,HRANA
DESERT KINDER JOY 20g,04220358,FERRERO,0.02 kg,ko,2.15,107.5,,,1.85,80310891,HRANA
DESERT TWIX EXTRA 75g,04220838,MARS,0.08 kg,ko,1.89,25.2,,,1.85,5900951312250,HRANA
DESERT KINDER BUENO T1 43g,04220953,FERRERO,0.04 kg,ko,1.59,36.98,,,1.49,80052760,HRANA
DESERT DUPLO KINDER 26g,04221322,FERRERO,0.03 kg,ko,1.25,48.08,,,1.05,80052357,HRANA
ČOKOLADA KINDER 50g T4,04221351,FERRERO,0.05 kg,ko,1.55,31,,,1.35,80177609,HRANA
DESERT CORNY BIG BANANA 50g,04221369,SCHWARTAU,0.05 kg,ko,1.49,29.8,,,1.49,4011800584511,HRANA
DESERT KINDER BUENO WHITE 39g,04221482,FERRERO,0.04 kg,ko,1.59,40.77,,,1.49,80761761,HRANA
DESERT RUM PLOČICE 45g,04221798,KANDIT,0.05 kg,ko,1.09,24.22,,,0.75,3858881042186,HRANA
NAMAZ LINO LADA DUO 400g ST PODRAVKA,04230107,LINO LADA,0.40 kg,ko,3.99,9.98,,,3.99,3850104019784,HRANA
NAMAZ NUTELLA 400g STAKLO,04230973,NUTELLA,0.40 kg,ko,5.89,14.73,,,5.49,80135876,HRANA
BOMBONJERA BAJADERA 200g KRAŠ,04251156,BAJADERA,0.20 kg,ko,9.99,49.95,,,9.99,3850102230044,HRANA
DESERT RAFFAELO 150g T15,04270548,FERRERO,0.15 kg,ko,5.39,35.93,,,4.99,8000500023976,HRANA
PERECI SALINIS BEZ GL 60g SCHAR,04280003,DR SCHAR,0.06 kg,ko,2.25,37.5,,,2.25,8008698002070,HRANA
ŠUMEĆE TABL MAGNEZIJ 96g NATUREL,04280421,NATUREL,0.10 kg,ko,2.75,28.65,,,2.75,3858887241743,HRANA
TIJESTO FUSILLI 98 500g BARILLA,04310039,BARILLA,0.50 kg,ko,2.35,4.7,,,2.35,8076802085981,HRANA
BOMBON HARIBO ZLATNI MEDO 100g,04340708,HARIBO,0.10 kg,ko,1.99,19.9,,,1.99,9002975301558,HRANA
BOMBON HARIBO BRESKVA 100g,04340724,HARIBO,0.10 kg,ko,1.99,19.9,,,1.99,9002975380522,HRANA
TIJESTO PENNE RIGATE 73 500g BARILLA,04360209,BARILLA,0.50 kg,ko,2.35,4.7,,,2.35,8076802085738,HRANA
BOMBON HARIBO ZLATNI MEDO 200g,04380768,HARIBO,0.20 kg,ko,3.09,15.45,,,3.09,9002975301268,HRANA
BOMBONJERA TOFFIFEE 15KOM 125g,04390185,TOFFIFEE,0.13 kg,ko,3.69,29.52,,,3.69,4014400400007,HRANA
TIJESTO BAVETTE 13 500g BARILLA,04410353,BARILLA,0.50 kg,ko,2.49,4.98,,,2.49,8076800195132,HRANA
ČOKOLADA TOBLERON ML CHUNK 35g,04420204,TOBLERONE,0.04 kg,ko,1.79,51.14,,,1.79,0000076145759,HRANA
SALVETE VIOLETA 38X38 2SL LILA 25/1,05081009,VIOLETA,25.00 ko,ko,1.99,0.08,,,1.99,3870128003651,PROIZVODI ZA KUĆANSTVO
TP VLAŽNI VIOLETA NEVEN 60/1,05081541,VIOLETA,59.99 ko,ko,2.79,0.05,,,2.79,3870128001664,TOALETNE POTREPŠTINE
SALVETE VIOLETA 38X38 2SL BEŽ 25/1,05081567,VIOLETA,25.00 ko,ko,1.99,0.08,,,1.99,3870128001183,PROIZVODI ZA KUĆANSTVO
RUPČIĆI PAP VIOLETA CLASSIC SOFT 3SL 10/1,05089927,VIOLETA,10.00 ko,ko,2.49,0.25,,,2.49,3870128000070,TOALETNE POTREPŠTINE
KRPA SPUŽV VILEDA 3/1   1030,05350092,VILEDA,3.00 ko,ko,4.79,1.6,,,4.79,3838447000072,PROIZVODI ZA KUĆANSTVO
SPUŽVA GLITZI CRYST 1/1 1017,05354913,VILEDA,1.00 ko,ko,2.05,2.05,,,2.05,3838447000294,PROIZVODI ZA KUĆANSTVO
SPUŽVA GLITZI CRYST 3/1 1031,05354939,VILEDA,3.00 ko,ko,4.99,1.66,,,4.99,3838447000331,PROIZVODI ZA KUĆANSTVO
ŠTAPIĆI RAŽ 25C 25/1 POKUPČANKA,05590106,POKUPČANKA,25.00 ko,ko,1.49,0.06,,,1.49,3858881180161,PROIZVODI ZA KUĆANSTVO
ŽIGICE ZA DOMAĆ VELIKE,05590126,EUROALP,1.00 ko,ko,1.49,1.49,,,1.75,8411442315904,PROIZVODI ZA KUĆANSTVO
BLAZINICE LOLETE SENSITIVE 85/1,06500022,LOLETE,85.03 ko,ko,1.75,0.02,,,1.75,3858881100244,TOALETNE POTREPŠTINE
HIG UL ALWAYS UL NOR PL DUO 20/1,06500030,ALWAYS P&G,20.00 ko,ko,3.45,0.17,,,3.45,8700216171311,TOALETNE POTREPŠTINE
HIG UL ALWAYS SUP+16/1 DUO 6756,06500031,ALWAYS P&G,16.00 ko,ko,3.45,0.22,,,3.45,8700216861069,TOALETNE POTREPŠTINE
HIG UL LIBRESSE INV NORM CL DUO 20/1,06500091,LIBRESSE,20.00 ko,ko,2.89,0.14,,,2.89,7322541194998,TOALETNE POTREPŠTINE
TAMPONI OB PROCOMF SUPER 16 4503,06500167,OB,16.00 ko,ko,5.59,0.35,,,5.19,3574660234541,TOALETNE POTREPŠTINE
TAMPONI OB PROCOMF NORMAL 16 4381,06500169,OB,16.00 ko,ko,5.59,0.35,,,5.19,3574660234428,TOALETNE POTREPŠTINE
HIG UL LIBRESSE MAXI GOODNIGHT DUO,06500235,LIBRESSE,20.00 ko,ko,3.69,0.18,,,3.69,7322540576450,TOALETNE POTREPŠTINE
HIG UL LIBRESSE MAXI GOODNIGHT 10/1,06502379,LIBRESSE,10.00 ko,ko,1.99,0.2,,,1.99,7322541192543,TOALETNE POTREPŠTINE
TAMPONI OB PROCOMF SUP PLUS 16,06504338,OB,16.00 ko,ko,5.59,0.35,,,5.19,3574661476391,TOALETNE POTREPŠTINE
DN UL CAREFREE ALOA 20,06505395,CAREFREE,20.00 ko,ko,2.55,0.13,,,2.49,3574660224849,TOALETNE POTREPŠTINE
DN UL LIBRESSE EXTRA 2u1 24/1,06507017,LIBRESSE,24.00 ko,ko,2.45,0.1,,,2.45,7322540062656,TOALETNE POTREPŠTINE
SAPUN TEK PALM AQUARIUM 300ml 3040,06510006,PALMOLIVE,0.30 l,ko,3.99,13.3,,,3.99,8003520013040,KOZMETIKA
SAPUN TEK K PLUS OLEA CO/VA 500ml,06510032,OLEA,0.50 l,ko,1.79,3.58,,,1.79,3850334567451,KOZMETIKA
SAPUN TEK PALM MED&MLIJ 300ml PUM,06510036,PALMOLIVE,0.30 l,ko,4.19,13.97,,,3.99,8003520013026,KOZMETIKA
ZP SENSOD FLUORID 75ML  0350,06511219,SENSODYNE,0.08 l,ko,7.39,98.53,,,6.89,5054563186904,KOZMETIKA
GEL TUŠ AXE AFRICA 250  4827,06520306,AXE,0.25 l,ko,2.99,11.96,,,2.99,8710447279793,KOZMETIKA
ŠAMPON ELSEVE COLOR VIV 250ml 0869,06520385,LOREAL ELSEVE,0.25 l,ko,5.49,21.96,,,5.49,3600523327713,KOZMETIKA
ŠAMPON H&S 400ml ČISTA NJEGA,06520521,HEAD&SHOULDE,0.40 l,ko,8.39,20.98,,,8.39,5011321336049,KOZMETIKA
KREMA NIVEA SOFT 300 ML,06520589,NIVEA,0.30 l,ko,13.79,45.97,,,13.79,4005808760466,KOZMETIKA
ŠAMPON GLISS OIL NUTR 250ML 8480,06520800,GLISS,0.25 l,ko,5.99,23.96,,,5.99,9000100398435,KOZMETIKA
GEL TUŠ PALM COCO 250ml,06521320,PALMOLIVE,0.25 l,ko,2.99,11.96,,,2.99,8714789732923,KOZMETIKA
GEL TUŠ NIVEA BC CASM MOM 250ml,06521371,NIVEA,0.25 l,ko,2.99,11.96,,,2.99,9005800222950,KOZMETIKA
GEL TUŠ NIVEA BC ENERGY M 250ML,06521379,NIVEA,0.25 l,ko,2.99,11.96,,,2.99,4005808780723,KOZMETIKA
ŠAMPON SCHAUMA 7 LJEK TR 400ml,06521657,SCHAUMA,0.40 l,ko,4.19,10.48,,,4.19,3838824086750,KOZMETIKA
ŠAMPON ELSEVE TOT REPAIR 250ml,06521700,LOREAL ELSEVE,0.25 l,ko,5.49,21.96,,,5.49,3600521704677,KOZMETIKA
ZP COLG WHITENI 75ml  3245,06530177,COLGATE,0.08 l,ko,3.99,53.2,,,3.69,8718951312173,KOZMETIKA
ZP AQUA FRESH 100ml 8062,06530299,AQUAFRESH,0.10 l,ko,3.59,35.9,,,3.39,5054563203649,KOZMETIKA
ČETKICA AQUA CL&FL 2/1 SR TVRDA,06530305,AQUAFRESH,1.00 ko,ko,4.39,4.39,,,3.19,5054563931870,KOZMETIKA
VODICA ZA USTA LISTERINE FRESH 250ml,06530634,LISTERINE,0.25 l,ko,5.99,23.96,,,5.79,5010123703431,KOZMETIKA
ZP PARODONT FLUORID 75ml,06537553,PARODONTAX,0.08 l,ko,7.39,98.53,,,6.89,5054563110350,KOZMETIKA
REGENER ELSEVE COLOR VIV 200ml 1361,06540080,LOREAL ELSEVE,0.20 l,ko,5.49,27.45,,,5.49,3600523327676,KOZMETIKA
GEL TAFT POW ACTIV 150  2188,06540286,TAFT,0.15 l,ko,6.89,45.89,,,6.89,9000101723229,KOZMETIKA
LAK TAFT VOLUMEN 250ml,06540607,TAFT,0.25 l,ko,6.19,24.76,,,6.19,3838824058245,KOZMETIKA
LAK TAFT ULTRA STRONG 250ml,06540610,TAFT,0.25 l,ko,6.19,24.76,,,6.19,4012800706002,KOZMETIKA
LAK TAFT POWER CASHMERE OVERFILL,06540611,TAFT,0.25 l,ko,6.19,24.76,,,6.19,9000100477505,KOZMETIKA
REGENER ELSEVE TOT REPAIR 200ml,06541700,LOREAL ELSEVE,0.20 l,ko,5.49,27.45,,,5.49,3600521706473,KOZMETIKA
PJENA TAFT GLANZ 200ml  3667,06542678,TAFT,0.20 l,ko,6.19,30.95,,,6.19,3838824083667,KOZMETIKA
REGENER GLISS KUR 200 REP OIL NUTR,06546645,GLISS,0.20 l,ko,8.89,44.45,,,8.89,9000100398701,KOZMETIKA
DEO AXE AFRICA 150ml    5874,06550028,AXE,0.15 l,ko,6.19,41.27,,,5.69,8717644013045,KOZMETIKA
DEO DOVE ORIG 150ml,06550240,DOVE,0.15 l,ko,6.69,44.6,,,6.69,8720181291715,KOZMETIKA
DEO REXONA SEXY 150ml,06550641,REXONA,0.15 l,ko,5.89,39.27,,,5.89,8717644585337,KOZMETIKA
DEO NIVEA Ž PEARL&BEAUTY SPR 150ml,06552500,NIVEA,0.15 l,ko,5.39,35.93,,,5.39,4005808734528,KOZMETIKA
ROLL ON NIVEA Ž PEARL&BEAUT 50ml,06552501,NIVEA,0.05 l,ko,6.99,139.8,,,6.99,42242147,KOZMETIKA
DEO NIVEA FRESH M 150ml,06555058,NIVEA,0.15 l,ko,6.59,43.93,,,6.59,9005800373331,KOZMETIKA
ROLL ON NIVEA Ž FRE 50ml 8095,06555060,NIVEA,0.05 l,ko,6.99,139.8,,,6.99,42241553,KOZMETIKA
ROLL ON NIVEA FRESH M 50ml,06555167,NIVEA,0.05 l,ko,6.99,139.8,,,6.99,42242864,KOZMETIKA
PJENA NIVEA SENS 200ML,06560147,NIVEA,0.20 l,ko,6.39,31.95,,,6.39,4005808310715,KOZMETIKA
BRIJAČ JEDNOK GILL BL 3,06560233,GILLETTE,1.00 ko,ko,6.89,6.89,,,5.49,7702018489619,KOZMETIKA
GEL GILL SER SENSITIV 200ml 4692,06561545,GILLETTE,0.20 l,ko,6.59,32.95,,,6.59,3014260214692,KOZMETIKA
GEL NIVEA SENSITIVE 200ML 7405,06561992,NIVEA,0.20 l,ko,9.49,47.45,,,9.49,4005808265312,KOZMETIKA
BRIJAČ JEDNOK Ž GILL SIM VEN2 4+2,06562139,VENUS,6.00 ko,ko,6.19,1.03,,,6.19,7702018069316,KOZMETIKA
LIP BALM MELEM 4.5g,06588115,MELEM,0.01 kg,ko,4.99,1108.89,,,4.89,3856007902840,KOZMETIKA
KREMA NIVEA 75ML        1039,06590158,NIVEA,0.08 l,ko,4.19,55.87,,,3.39,42163176,KOZMETIKA
MARAMICE NIVEA VIS NORM 25 KOM 1212,06590282,NIVEA,25.00 ko,ko,6.59,0.26,,,6.59,9005800305776,KOZMETIKA
KREMA ZA RUKE ATRIX 100ML TUBA 4932,06591062,ATRIX,0.10 l,ko,4.49,44.9,,,4.49,9005800374826,KOZMETIKA
SPREJ NIV SUN DJ F50+ 200ML,06591723,NIVEA,0.20 l,ko,24.99,124.95,,,24.99,4006000075419,KOZMETIKA
SPREJ NIV SUN F30 200ml,06591727,NIVEA,0.20 l,ko,21.99,109.95,,,21.99,5025970022840,KOZMETIKA
ULJE AMBRE SOL KOKOS 200ml,06592083,GARNIER AMBRE SOLAIR,0.20 l,ko,16.19,80.95,,,16.19,3600542450645,KOZMETIKA
LOSION NIV SUN SPF30 200ML,06592243,NIVEA,0.20 l,ko,20.99,104.95,,,20.99,4005808423040,KOZMETIKA
LOSION NIV SUN F20 200ML,06592244,NIVEA,0.20 l,ko,19.39,96.95,,,19.39,4005808407507,KOZMETIKA
LOSION NIV SUN HIDRAT POS SUN 200ml,06592247,NIVEA,0.20 l,ko,13.59,67.95,,,13.59,4005808478941,KOZMETIKA
LABELLO SUN PROTECT SF30 4.8g,06592249,LABELLO,0.01 kg,ko,5.69,1185.42,,,5.69,4006000077963,KOZMETIKA
LOSION NIV SUN DJ F50+ 200ml,06592256,NIVEA,0.20 l,ko,25.49,127.45,,,25.49,4006000075402,KOZMETIKA
MLIJEKO TIJ NIVEA 250ML,06592661,NIVEA,0.25 l,ko,9.99,39.96,,,9.99,4005808246205,KOZMETIKA
KREMA VEET OSJETLJIVA KOŽA 100ML,06594885,VEET,0.10 l,ko,7.59,75.9,,,6.99,5997321773438,KOZMETIKA
LOSION NIV SUN PROT&BRON F20 200ml,06596982,NIVEA,0.20 l,ko,19.39,96.95,,,19.39,9005800386348,KOZMETIKA
HIG UL ALWAYS ULT NOĆNI DUO 14/1,06600063,ALWAYS P&G,14.00 ko,ko,3.45,0.25,,,3.45,8700216861052,TOALETNE POTREPŠTINE
KREMA ZAŠTITNA SUDOCREM 125g,06601600,SUDOCREM,0.13 kg,ko,11.39,91.12,,,10.39,3850114243674,KOZMETIKA
ČETKICA SIGNAL WHITE SYST M 1581,06610188,SIGNAL,1.00 ko,ko,5.39,5.39,,,5.39,8718114198903,KOZMETIKA
KONAC ZUBNI 0B MENTA 50m 5029,06614074,ORAL B,50.00 m,ko,4.99,0.1,,,4.99,5010622005029,KOZMETIKA
FLASTER UNIVERZ 10/1    9403,06621155,HANSAPLAST,10.00 ko,ko,2.29,0.23,,,2.29,9005800338057,TOALETNE POTREPŠTINE
HP AQUA PROTECT 20 FLASTERA 1241,06621156,HANSAPLAST,20.00 ko,ko,4.49,0.22,,,4.49,9005800225333,TOALETNE POTREPŠTINE
HANSAPLAST UNIVERZ 20/1 9427,06621161,HANSAPLAST,20.00 ko,ko,3.69,0.18,,,3.69,4005800239427,TOALETNE POTREPŠTINE
BRIJAČ GILL MACH3       9626,06630201,GILLETTE,1.00 ko,ko,15.79,15.79,,,15.79,7702018020676,KOZMETIKA
SJAJILO FINISH S&D REGULAR 400ML,08011905,FINISH ADW,0.40 l,ko,4.89,12.23,,,4.89,5999109581938,SREDSTVA ZA ČIŠĆENJE
DOMESTOS CITRUS 750ML   9780,08030271,DOMESTOS,0.75 l,ko,3.89,5.19,,,3.49,5996037079780,SREDSTVA ZA ČIŠĆENJE
SPR K PLUS DAX UNIVER LIMUN 750ml,08030882,DAX,0.75 l,ko,2.25,3,,,2.25,3850334164346,SREDSTVA ZA ČIŠĆENJE
GEL DAX ODČEP ODVODA 1L,08031846,DAX,1.00 l,ko,1.49,1.49,,,1.49,3838900949795,SREDSTVA ZA ČIŠĆENJE
FROSCH UNIV CLASSIC 1L,08034448,FROSCH,1.00 l,ko,3.69,3.69,,,3.69,4009175138965,SREDSTVA ZA ČIŠĆENJE
AJAX FF SPRING FLOW 1L  4933,08035449,AJAX,1.00 l,ko,4.39,4.39,,,4.39,8718951278424,SREDSTVA ZA ČIŠĆENJE
WC BREF POWER AKTIV LEMON 50g,08091137,BREF,0.05 kg,ko,3.59,71.8,,,3.59,9000100625104,SREDSTVA ZA ČIŠĆENJE
DEO BOROTALCO 150ML,08163668,BOROTALCO,0.15 l,ko,5.89,39.27,,,4.99,8002410040388,KOZMETIKA
DESERT BANANKO 30g KRAŠ,90029870,BANANKO,0.03 kg,ko,0.69,23,,,0.69,3850102127252,HRANA
NAMAZ POVRĆE 75g NATUREL,90030971,NATUREL,0.08 kg,ko,1.75,23.33,,,1.75,3858887246243,HRANA
SAPUN PALM OS ALOE&OLIVE 90g,90031239,PALMOLIVE,0.09 kg,ko,1.85,20.56,,,1.75,8693495033985,KOZMETIKA
PJENA GILL SENSITIVE 300ml,90031299,GILLETTE,0.20 l,ko,3.59,17.95,,,3.59,7702018617234,KOZMETIKA
HIG UL NAT THICK NIGHT 14,90031409,NATURELLA,14.00 ko,ko,2.39,0.17,,,2.39,4015400437932,TOALETNE POTREPŠTINE
SIR POLUTVRDI TRAPIST 500g DUKAT,90031746,PRESIDENT,0.50 kg,ko,9.39,18.78,,,9.39,3850355007165,HRANA
SV SLABINA I LEĐA BK ODR 560g PIK,90032093,PIK VRBOVEC,0.56 kg,ko,6.59,11.77,,,5.99,3850139431681,HRANA
LIKER PELINKOVAC 0.7 L BADEL,90032338,BADEL 1862,0.70 l,ko,15.39,21.99,,,15.39,3850112110756,PIĆE
MLIJEKO TR CAFE 3.8% 0.5L BOCA DUKAT,90032541,DUKAT,0.50 l,ko,1.35,2.7,,,1.35,3850354006831,HRANA
DESERT KINDER PINGUI 4pack 120g,90032543,FERRERO,0.12 kg,ko,3.39,28.25,,,2.99,8000500119716,HRANA
ŠAMPON PANTEN INTENZ REG 250ml,90034822,PANTENE,0.25 l,ko,5.09,20.36,,,5.09,8006540532089,KOZMETIKA
CROISSANT 7DAYS MINI DOUBLE KAK/VAN 185g,90034959,CHIPITA,0.19 kg,ko,3.29,17.78,,,3.29,7622202213984,HRANA
MLIJEKO TR 1.5% BEZ LAKT 1L LJUB MLEK,90036037,LJUBLJ.MLEK.,1.00 l,ko,2.75,2.75,,,2.75,3838800049922,HRANA
ŠUNKA FINA NAR. 150g MA PIK,90036524,PIK VRBOVEC,0.15 kg,ko,4.09,27.27,,,4.09,3850139250671,HRANA
INSTANT NES CL LIM NESTLE 200g,90036869,NESCAFE,0.20 kg,ko,13.79,68.95,,,12.39,7891000255025,HRANA
SOK 100% JABUKA JUICY 1L,90037585,JUICY,1.00 l,ko,2.89,2.89,,,2.89,3858890970210,PIĆE
MEĐIMURSKO PILE PODL PERUTNINA,90037649,PERUTNINA PT,1.00 kg,kg,3.31,3.31,,,3.31,3850220111157,HRANA
SPREJ NIV PR & BRONZE F20 200ml,90037991,NIVEA,0.20 l,ko,20.99,104.95,,,20.99,7319470012127,KOZMETIKA
MLIJEKO ČOKOLADNO 1L BOCA DUKAT,90038216,DUKAT,1.00 l,ko,2.99,2.99,,,2.99,3850354007661,HRANA
PARIZER PIKO NAREZAK 200g MA,90038638,PIKO,0.20 kg,ko,3.59,17.95,,,3.59,3850139190892,HRANA
ULJE MASLIN CRNI TARTUF 100ML,90039053,ZIGANTE,0.10 l,ko,12.39,123.9,,,12.39,3859892291891,HRANA
DESERT MONTE 150g ZOTT,90039873,MONTE,0.15 kg,ko,1.49,9.93,,,1.49,40338248,HRANA
MLIJEKO ČOKOLADNO 0.5L BOCA DUKAT,90039960,DUKAT,0.50 l,ko,2.09,4.18,,,1.55,3850354006879,HRANA
DESERT KINDER MILCHSCHNITTE T5 140g,90039969,FERRERO,0.14 kg,ko,4.19,29.93,,,3.69,8000500062654,HRANA
MUESLI KNUSPER DUPLA ČOK 300g VITALI,90042038,VITALIS,0.30 kg,ko,5.19,17.3,,,5.19,4000521010256,HRANA
DŽEM SMOKVA DIDA BOŽA 700g,90042599,DIDA BOŽA,0.70 kg,ko,7.69,10.99,,,7.09,3859891515745,HRANA
GAZ PIĆE FANTA SHOKATA 0.5L,90042692,FANTA,0.50 l,ko,1.49,2.98,,,1.45,5449000291677,PIĆE
ŠAMPON PANTENE AQUALIGHT 400ML,90044320,PANTENE,0.40 l,ko,7.49,18.73,,,7.49,5410076561223,KOZMETIKA
BOMBON TIC TAC MINT 18g,90045176,FERRERO,0.02 kg,ko,0.99,55,,,0.99,80052043,HRANA
BOMBON TIC TAC NARANČA 18g,90045178,FERRERO,0.02 kg,ko,0.99,55,,,0.99,80052333,HRANA
ZIMSKA SALAMA NAR 80g,90045241,GAVRILOVIĆ,0.08 kg,ko,3.59,44.88,,,2.69,3858881227637,HRANA
SRIJEMSKA SALAMA NAR 80g,90045243,GAVRILOVIĆ,0.08 kg,ko,2.95,36.88,,,2.19,3858881227620,HRANA
JUHA KREM RAJČ I MOZZ 23g FIN MINI,90045355,FINI MINI,0.02 kg,ko,0.99,43.04,,,0.99,3850104260940,HRANA
ČOKOLADA MILKA S LJEŠNJACIMA 80g,90045381,MILKA,0.08 kg,ko,2.59,32.38,,,2.59,7622210043931,HRANA
ČOKOLADA MILKA NOISETTE 80g,90045395,MILKA,0.08 kg,ko,2.59,32.38,,,2.59,7622210043955,HRANA
LED U KOCKAMA 2.5kg REBUS,90045501,REBUS,2.50 kg,ko,3.89,1.56,,,3.59,3855006015018,HRANA
SIR TVRDI GRANA PADANO RIBANI 100g,90045587,AGRIFORM,0.10 kg,ko,4.39,43.9,,,3.69,8003518100219,HRANA
PAŠTETA OD TUNE 95g ARGETA,90047225,ARGETA,0.10 kg,ko,2.49,26.21,,,2.49,3838975567061,HRANA
PAŠTETA KOKOŠJA ARGETA 95g,90047247,ARGETA,0.10 kg,ko,1.85,19.47,,,1.75,3838975567009,HRANA
ULJE MASLINOVO EX DJ 0.25L MONIN,90048519,MONINI,0.25 l,ko,5.39,21.56,,,5.39,80053811,HRANA
KRUH POLUBIJELI 500g BABIĆ,90049418,BABIĆ,0.50 kg,ko,1.25,2.5,,,1.19,3858884719153,HRANA
KRUH POLUBIJELI 700g BABIĆ,90049419,BABIĆ,0.70 kg,ko,1.04,1.49,,,1.04,3858884711041,HRANA
KRUH BIJELI 500G BABIĆ,90049423,BABIĆ,0.50 kg,ko,1.29,2.58,,,1.19,3858884719160,HRANA
KOKICE K PLUS HRUSTY  125g,90049858,HRUSTY,0.13 kg,ko,1.05,8.4,,,0.99,3838900976609,HRANA
VISKI J WALKER RL 0.7L,90050454,JOHNNIE WALKER,0.70 l,ko,22.49,32.13,,,22.49,5000267014203,PIĆE
JOGURT NATUR GRČKI DUKATOS 150g,90051414,DUKATOS,0.15 kg,ko,1.25,8.33,,,1.25,3850354009726,HRANA
KOBASICA GRANIČARSKA 80g NAR,90051551,GAVRILOVIĆ,0.08 kg,ko,2.95,36.88,,,2.95,3859892502522,HRANA
KEKS K PLUS FINESSE CHOCO COOKIES 150g,90051561,FINESSE,0.15 kg,ko,1.85,12.33,,,1.85,3850334231864,HRANA
DESERT LION STAN 42g NESTLE,90052082,LION,0.04 kg,ko,1.69,40.24,,,1.69,7613287757029,HRANA
SIR POLUTVRDI TRAPIST K PLUS 300g,90052151,K PLUS,0.30 kg,ko,5.99,19.95,,,5.99,3850334336712,HRANA
SIR TVRDI OLD AMSTERDAM 150g VELDHUYZEN,90052301,VELDHUYZEN,0.15 kg,ko,5.19,34.62,,,4.99,8717545623077,HRANA
GURMANSKA KOBASICA SVJEŽA 600g PIK,90053107,PIK VRBOVEC,0.60 kg,ko,5.89,9.81,,,5.39,3850139441710,HRANA
SALVETE VIOLETA 38X38 2SL BIJELE 25/1,90053686,VIOLETA,25.00 ko,ko,1.99,0.08,,,1.99,3870128001169,PROIZVODI ZA KUĆANSTVO
SIR POLUTVRDI RIBANI PIZZAMIX 200g,90055132,FRISCHPACK,0.20 kg,ko,4.09,20.45,,,4.09,4004164019485,HRANA
VRHNJE ZA ŠLAG 36%MM 200ML VINDIJA,90055241,Z BREGOV,0.20 l,ko,2.85,14.25,,,2.75,3850108033694,HRANA
BOMBONI SKITTLES FRUITS 38G,90055417,WRIGLEY,0.04 kg,ko,1.19,31.32,,,1.19,5000159376655,HRANA
BOMBONI SKITTLES CRAZY SOURS VR 38g,90055419,WRIGLEY,0.04 kg,ko,1.19,31.32,,,1.19,5000159376792,HRANA
BRUSCHETTE PIZZA 70g MARETTI,90055491,MARETTI,0.07 kg,ko,1.19,17,,,1.19,3800205871255,HRANA
ČOKOLADA MILKA OREO 100g,90055995,MILKA,0.10 kg,ko,3.09,30.9,,,3.09,7622210194046,HRANA
KRUH KUK MIJ CIJELI PAK 500g MLINAR,90056495,MLINAR,0.50 kg,ko,3.09,6.18,,,2.99,3858881122086,HRANA
KRUH POLUBIJELI 500g TKZ,90056601,TKZ,0.50 kg,ko,0.74,1.48,,,0.74,3858884928333,HRANA
MIN VODA MIVELA BLAGO GAZ 0.5 L PET,90057706,MIVELA,0.50 l,ko,1.65,3.3,,,0.5,8600599002847,PIĆE
PECIVO OBITELJSKO K PLUS 8/1 400g,90057790,K PLUS,0.40 kg,ko,2.45,6.13,,,2.49,3850334343185,HRANA
LASAGNE BOLOGNESE MINUTE 1000g,90057933,MINUTE,1.00 kg,ko,6.59,6.59,,,6.59,3850334433985,HRANA
PAŠTETA ČAJNA 100g ASSCOMMERCE,90058331,ASCOMMERCE,0.10 kg,ko,0.69,6.9,,,0.69,3858881333864,HRANA
SOL ZA PERILICU DAX 1.1kg,90058892,DAX,1.10 kg,ko,0.89,0.81,,,0.89,3850334399977,SREDSTVA ZA ČIŠĆENJE
FILET MARINI INCUNA U SU ULJU 75g,90058923,ARBASOL,0.05 kg,ko,4.19,93.11,,,4.19,3859891895069,HRANA
VISKI BALLANTINES 0.7L 		,90058947,BALLANTINES,0.70 l,ko,19.79,28.27,,,18.99,5010106113127,PIĆE
CIDER SOMERSBY JABUKA 0.5L LIM,90059055,SOMERSBY,0.50 l,ko,2.25,4.5,,,2.25,3858887584055,PIĆE
PIVO PAN LIM 0.5L 4 PACK,90059069,PAN,2.00 l,ko,6.39,3.2,,,6.39,3858887580477,PIĆE
PUDING CHOCO-LOCO 4X125g VINDIJA,90059143,FINO MI JE,0.50 kg,ko,2.49,4.98,,,1.85,3850108040500,HRANA
JOGURT BADEM PISTACIJA 150g DUKATOS,90059149,DUKATOS,0.15 kg,ko,1.25,8.33,,,1.25,3850354009764,HRANA
JOGURT JAGODA 150g DUKATOS,90059151,DUKATOS,0.15 kg,ko,1.25,8.33,,,1.25,3850354009788,HRANA
DESERT SNICKERS CLASSIC 50g,90059597,MARS,0.05 kg,ko,1.35,27,,,1.35,5900951311505,HRANA
PECIVO K PLUS LIZIKA 1/1 150g,90059790,K PLUS,0.15 kg,ko,0.69,4.6,,,0.99,3850334343604,HRANA
NEKTAR NARANČA YIPPY 0.33L PET,90060453,YIPPY,0.33 l,ko,1.75,5.3,,,1.69,9008700141949,PIĆE
NEKTAR JABUKA YIPPY 0.33L PET,90060457,YIPPY,0.33 l,ko,1.75,5.3,,,1.69,9008700141918,PIĆE
KEKS CHOCO MINIS 150g MILKA,90060897,MILKA,0.15 kg,ko,2.79,18.6,,,2.79,7622300441715,HRANA
RIŽA K PLUS DUGO ZRNO 1kg SB,90061250,K PLUS,1.00 kg,ko,1.99,1.99,,,1.99,3850334426352,HRANA
RIŽA K PLUS PARBOILED 1kg SB,90061276,K PLUS,1.00 kg,ko,2.39,2.39,,,2.39,3850334340160,HRANA
PIVO HEINEKEN 0.4L POV BOCA,90062189,HEINEKEN,0.40 l,ko,1.59,3.98,,,1.55,5998818171249,PIĆE
MORTADELA S MASLINAMA NAR 150g MA,90062455,PIK VRBOVEC,0.15 kg,ko,3.49,23.27,,,3.49,3850139171099,HRANA
KREKER TUC ORIGINAL SLANI 100g,90063038,TUC,0.10 kg,ko,1.45,14.5,,,1.45,5410041435702,HRANA
KREKER TUC BACON 100g,90063063,TUC,0.10 kg,ko,1.45,14.5,,,1.45,7622300570293,HRANA
DESERT KINDER CHOCO FRESH T5,90063250,FERRERO,0.11 kg,ko,3.69,35.14,,,3.39,8000500309469,HRANA
DESERT TWIX 50g,90063465,MARS,0.05 kg,ko,1.35,27,,,1.35,5900951313592,HRANA
TAMPONI TAMPAX COMPAK SUPER 16/1,90063484,TAMPAX,16.00 ko,ko,4.59,0.29,,,4.59,4015400219743,TOALETNE POTREPŠTINE
GOUDA SANDWICH 120g REZ DUKAT,90063605,PRESIDENT,0.12 kg,ko,3.49,29.08,,,3.49,3850355007103,HRANA
NEGAZ PIĆE YIPPY ŠUM VOĆE 0.33L,90063830,YIPPY,0.33 l,ko,1.75,5.3,,,1.69,9008700173582,PIĆE
MARAMICE VL K PLUS DAX UNIVER 80/1,90064087,DAX,80.00 ko,ko,2.25,0.03,,,2.25,3850334520067,SREDSTVA ZA ČIŠĆENJE
ULJE SPR AMBRE SOL F30 150ml,90064123,GARNIER AMBRE SOLAIR,0.15 l,ko,24.99,166.6,,,24.99,3600542452465,KOZMETIKA
KRUPICA PŠENIČNA GRIS K PLUS 1kg,90064212,K PLUS,1.00 kg,ko,0.99,0.99,,,1.1,3850334340559,HRANA
DRESSING BALSAMICO 75ML DEVELEY,90064398,DEVELEY,0.08 l,ko,0.95,12.67,,,0.95,4006824018067,HRANA
ŠUNKA DELIKATES NAR 150g,90064794,PIK VRBOVEC,0.15 kg,ko,3.69,24.6,,,3.69,3850139171723,HRANA
VJEŠALICA 420G RAWSTILJ PAN,90066794,RAW ŠTILJ,0.42 kg,ko,6.59,15.68,,,6.59,3850334325808,HRANA
NEGAZ PIĆE CAPPY PULPY NAR 1L,90068284,CAPPY PULPY,1.00 l,ko,3.19,3.19,,,3.19,5449000333421,PIĆE
NEGAZ PIĆE CAPPY PULPY NAR 0.33L,90068305,CAPPY PULPY,0.33 l,ko,2.15,6.45,,,2.15,54027596,PIĆE
ZP COLGATE TRIPLE ACTION 125ML,90068534,COLGATE,0.13 l,ko,2.95,23.6,,,2.79,7891024128831,KOZMETIKA
PAH LINO PILLOWS TAMNI PODR VR 500g,90069525,LINO,0.50 kg,ko,6.19,12.38,,,6.19,3850104263538,HRANA
ŽV GUMA ORBIT BUBBLEMINT 14g,90069669,WRIGLEY,0.01 kg,ko,1.25,89.29,,,1.25,42247371,HRANA
RUČNIK PAP PALOMA MEGA 3SL 2/1,90069679,PALOMA,2.00 ko,ko,4.19,2.1,,,4.19,3838952018814,PROIZVODI ZA KUĆANSTVO
MINI MOZZARELLA K PLUS 125g,90070153,K PLUS,0.13 kg,ko,1.99,15.92,,,1.85,3850334387974,HRANA
SIR POLUTVRDI MASDAM K PLUS 300g FRI,90070216,K PLUS,0.30 kg,ko,4.99,16.63,,,4.99,3850334351470,HRANA
ČIPS K PLUS HRUSTY BBQ XCUT 150g,90070296,HRUSTY,0.15 kg,ko,1.59,10.6,,,1.59,3850334009852,HRANA
SIR TVRDI GRANA PADANO K PLUS 200g,90070710,K PLUS,0.20 kg,ko,6.19,30.95,,,5.89,3850334350756,HRANA
VREĆICA ZIP 10/1 F&P,90071403,FRESH&PACK,10.00 ko,ko,1.65,0.17,,,1.65,3850334009722,PROIZVODI ZA KUĆANSTVO
PUREĆA PRSA 750g AIA,90071436,AIA,0.75 kg,ko,9.29,12.39,,,9.29,8008110003067,HRANA
ČOK DORINA LJEŠNJAK 80g,90071695,DORINA,0.08 kg,ko,2.35,29.38,,,2.35,3850102501526,HRANA
MIN VODA ROMERQUELLE 0.5L GAZ PET,90071741,ROMERQUELLE,0.50 l,ko,1.19,2.38,,,1.19,90311185,PIĆE
PUREĆI FILE ODRESCI 450g AIA,90071899,AIA,0.45 kg,ko,6.79,15.07,,,6.49,8008110001353,HRANA
FILET LOSOSA PAK KONZUM,90072325,,1.00 kg,kg,26.99,26.99,,,24.49,,HRANA
VL MAR VIOLETA SENS BADEM 56/1,90072532,VIOLETA,55.99 ko,ko,2.25,0.04,,,2.25,3870128006690,TOALETNE POTREPŠTINE
TIJESTO K PLUS SPIRALI PREM INT 500g,90072957,K PLUS,0.50 kg,ko,1.65,3.3,,,1.65,3850334363435,HRANA
SIR TVRDI GRANA PAD RIB K PLUS 100g,90074487,K PLUS,0.10 kg,ko,3.49,34.9,,,3.19,3850334353993,HRANA
VODICA MICELARNA GARNIER 400ML,90075474,GARNIER,0.40 l,ko,8.69,21.73,,,8.69,3600541382619,KOZMETIKA
ŠTAPIĆI SLANI SALTAS 220g,90076227,SALTAS,0.22 kg,ko,2.25,10.23,,,1.59,3856014112850,HRANA
ŠTAPIĆI SLANI SALTAS 45g,90076231,SALTAS,0.05 kg,ko,0.69,15.33,,,0.49,3856014112881,HRANA
PECIVO S BUČINIM KOŠTICAMA 120g KLAR,90076716,KLARA,0.12 kg,ko,1.19,9.92,,,1.19,3858881322158,HRANA
ODRESCI PILEĆEG FILE OD PRSA 400g,90077062,CEKIN,0.40 kg,ko,6.29,15.73,,,6.29,3850159113383,HRANA
ŠAMPON PALM 2U1 ALL HAIR 350ml,90077204,PALMOLIVE,0.35 l,ko,4.89,13.97,,,4.89,8718951577008,KOZMETIKA
SARDINA BILJ ULJE ADRIA MARE 73.5G,90077668,ADRIA MARE,0.07 kg,ko,1.09,14.83,,,1.09,3850334019448,HRANA
RUČNIK VIOLETA CHEESE-LEMON XXL 2/1 2SL,90078487,VIOLETA,2.00 ko,ko,3.29,1.65,,,3.29,3859892288624,PROIZVODI ZA KUĆANSTVO
KEKS BREAKFAST CEREALS/CHOCO 160g,90080742,BREAKFAST,0.16 kg,ko,2.59,16.19,,,1.89,3856014113543,HRANA
 FANTASIA ČOK KUGL 100g DANONE,90081126,FANTASIA,0.10 kg,ko,1.25,12.5,,,1.25,8595002100862,HRANA
KRUH PROTEINSKI 250g MASTER,90081444,MASTERMACHER,0.25 kg,ko,3.99,15.96,,,3.99,4000446011376,HRANA
NAPITAK BADEM BEZ ŠEĆ 1L ALPRO,90081448,ALPRO,1.00 l,ko,4.59,4.59,,,4.59,5411188112709,HRANA
GEL TUŠ NIVEA CREME CARE 250ml,90082503,NIVEA,0.25 l,ko,2.99,11.96,,,2.99,9005800223025,KOZMETIKA
PAH LINO PILLOWS MILK PODR VR 500g,90082811,LINO,0.50 kg,ko,6.19,12.38,,,6.19,3850104263613,HRANA
KRUH SUVITOL REZ PAK 500g MLINAR,90083522,MLINAR,0.50 kg,ko,3.49,6.98,,,3.49,3858889891069,HRANA
ČOK DORINA MLIJEČNA 250g FLOW PACK,90083726,DORINA,0.25 kg,ko,5.59,22.36,,,5.59,3850102502189,HRANA
NAMAZ  ALPINESSE 250g MEGGLE,90083827,ALPINESSE,0.25 kg,ko,4.99,19.96,,,4.99,4034900008190,HRANA
BLAZINICE LOLETE 120/1,90083991,LOLETE,120.05 ko,ko,2.79,0.02,,,2.79,3858881101036,TOALETNE POTREPŠTINE
SLAD QUATTRO MINI CHOCOMANIA 900ml,90084043,QUATTRO,0.90 l,ko,6.09,6.77,,,6.09,3850116036298,HRANA
KEKS BABY LINO 140g,90084045,LINO,0.14 kg,ko,2.25,16.07,,,2.25,3850104269219,HRANA
FLIPS MOJ PRVI LINO 25g,90084063,LINO,0.03 kg,ko,2.25,90,,,2.25,3850104268618,HRANA
LIKER OD MEDA 0.7L ZVEČEVO,90085657,ZVEČEVO,0.70 l,ko,11.39,16.27,,,11.39,3858894170340,PIĆE
RAKIJA ŠLJIVOVICA 0.7L ZVEČEVO,90085674,ZVEČEVO,0.70 l,ko,14.19,20.26,,,14.19,3858894170128,PIĆE
RAKIJA TRAVARICA 0.7L ZVEČEVO,90085686,ZVEČEVO,0.70 l,ko,11.39,16.26,,,11.39,3858894170265,PIĆE
ODSTRANJIVAČ LAKA OLEA 200ML,90085823,OLEA,0.20 l,ko,2.49,12.45,,,2.49,3850334380340,KOZMETIKA
PAŠTETA ČAJNA ARGETA 95 g,90087030,ARGETA,0.10 kg,ko,1.85,19.47,,,1.75,3838471024365,HRANA
JOGURT NATUR GRČKI VILIKIS 150g VINDIJA,90087504,VILIKIS,0.15 kg,ko,1.25,8.33,,,1.25,3850108030242,HRANA
CROISSANT 7DAYS KAKAO 240g 6/1,90087526,CHIPITA,0.24 kg,ko,4.99,20.79,,,4.99,7622202049385,HRANA
PRŠUT DALMATIKO 80g NAR,90087584,DALMATIKO,0.08 kg,ko,3.69,46.13,,,3.69,3858889493331,HRANA
PAŠTETA JETRENA 95g LO,90087632,PODRAVKA,0.10 kg,ko,1.59,16.74,,,1.59,3858886469230,HRANA
PAŠTETA ČAJNA 95g PODRAVKA,90087641,PODRAVKA,0.10 kg,ko,1.59,16.74,,,1.59,3858886469209,HRANA
PAŠTETA PILEĆA  95g LO PODRAVKA,90087648,PODRAVKA,0.10 kg,ko,1.59,16.74,,,1.59,3858886469179,HRANA
PAŠTETA PIKANT 95g LO,90087682,PODRAVKA,0.10 kg,ko,1.59,16.74,,,1.59,3858886469261,HRANA
NAPITAK MONSTER ENERGY 0.5L,90088082,MONSTER,0.50 l,ko,2.45,4.9,,,2.45,5060166695279,PIĆE
DESERT M&M KIKIRIKI 90g,90088899,MARS,0.09 kg,ko,2.79,31,,,2.79,5900951247897,HRANA
ŠTAPIĆI SALTAS KIKIRIKI 4PACK 160g,90089551,SALTAS,0.16 kg,ko,2.25,14.06,,,2.25,3856014114205,HRANA
INSTANT JACOBS CREMA  200g,90089799,JACOBS,0.20 kg,ko,18.79,93.95,,,16.19,8711000521106,HRANA
ŠTAPIĆI K PLUS HRUSTY SLANI 220g,90090560,HRUSTY,0.22 kg,ko,0.99,4.5,,,0.99,3858884500140,HRANA
PERECI K PLUS HRUSTY SLANI 220G,90090569,HRUSTY,0.22 kg,ko,0.99,4.5,,,0.99,3850334385659,HRANA
BARANJSKA DOMAĆA KOB 250g MA BELJE,90091287,BELJE,0.25 kg,ko,6.19,24.76,,,4.59,3850257052201,HRANA
LEĆA LIM.400g PODRAVKA,90091539,PODRAVKA,0.40 kg,ko,2.35,5.88,,,2.35,3850104272356,HRANA
SLANUTAK LIM.400g/240g PODRAVKA,90091557,PODRAVKA,0.24 kg,ko,2.09,8.71,,,2.09,3850104272349,HRANA
PIVO LOWENBRAU 0.5 LIM,90092395,LOWENBRAU,0.50 l,ko,1.35,2.7,,,1.29,3850131004715,PIĆE
JOGURT CRNI RIBIZ CIMET 150g DUKATOS,90092412,DUKATOS,0.15 kg,ko,1.25,8.33,,,1.25,3850354010920,HRANA
PECIVO SLANCI 80g NOSHI,90094167,NOSHI,0.08 kg,ko,0.67,8.38,,,0.67,,HRANA
KRUH BIJELI 500g NOSHI,90094169,NOSHI,0.50 kg,ko,1.15,2.3,,,1.15,,HRANA
KRUH KALUP VELIKI 700g NOSHI,90094171,NOSHI,0.70 kg,ko,1.99,2.84,,,1.99,,HRANA
KRUH POLUBIJELI 700g NOSHI,90094175,NOSHI,0.70 kg,ko,1.04,1.49,,,1.04,,HRANA
KRUH POLUBIJELI REZANI 700g NOSHI,90094177,NOSHI,0.70 kg,ko,1.65,2.36,,,1.65,,HRANA
KRUH BIJELI REZANI 700g NOSHI,90094178,NOSHI,0.70 kg,ko,1.99,2.84,,,1.99,,HRANA
MLINCI K PLUS 250g  MLIN JERTOVEC,90095592,K PLUS,0.25 kg,ko,1.75,7,,,1.75,3850334405722,HRANA
KEKS CAKE&CHOC MILKA 175g,90095905,MILKA,0.18 kg,ko,4.19,23.94,,,4.19,7622210295965,HRANA
PECIVO K PLUS SA SJEM 120g DON DON,90096231,K PLUS,0.12 kg,ko,0.99,8.25,,,0.99,3850334405753,HRANA
KAVA DOLCE GUS CORT ESP MACC 16/1 100.8g,90096977,DOLCE GUSTO,0.10 kg,ko,8.09,80.26,,,8.09,7613032827014,HRANA
SAPUN TEK K PLUS OLEA ORH/CAS 500ml,90097689,OLEA,0.50 l,ko,1.79,3.58,,,1.79,3850334567482,KOZMETIKA
SAPUN TEK K PLUS OLEA OCEAN 500ml,90097701,OLEA,0.50 l,ko,1.79,3.58,,,1.79,3850334567420,KOZMETIKA
KAVA BARCAFFE CLASSIC 175g,90097741,BARCAFFE,0.18 kg,ko,5.69,32.49,,,5.39,3838471022699,HRANA
PROSECCO MIONETTO 0.75L,90101483,MIONETTO,0.75 l,ko,18.19,24.25,,,18.19,8006220001669,PIĆE
PRIPRAVAK ZA ŠLAG CREME PATISS 500ml,90106532,MEGGLE,0.50 l,ko,2.79,5.58,,,2.79,4034900027757,HRANA
PAŠTETA KOKOŠJA JUNIOR ARGETA 95g,90108934,ARGETA,0.10 kg,ko,1.85,19.48,,,1.75,3838975567016,HRANA
PAŠTETA TUNA JUNIOR ARGETA 95g,90108984,ARGETA,0.10 kg,ko,2.49,26.21,,,2.49,3838471019057,HRANA
ARF GRILL 650ml,90109087,ARF,0.65 l,ko,3.89,5.98,,,3.89,3850105149961,SREDSTVA ZA ČIŠĆENJE
KAVA ARABESCA MINAS MLJEVENA 400g,90111165,ARABESCA,0.40 kg,ko,10.39,25.98,,,10.39,3858886801917,HRANA
KOBASICA ČAJNA NARESCI GAV 80g,90111312,GAVRILOVIĆ,0.08 kg,ko,2.95,36.88,,,2.95,3858881227613,HRANA
NAMAZ SIR SVJEŽI VIVIS 200 g   ,90111765,VIVIS,0.20 kg,ko,2.75,13.75,,,2.75,3850108058482,HRANA
NEGAZ PIĆE CRNI RIBIZL I NAR  FRUCTAL CLASS 1L,90112729,FRUCTAL,1.00 l,ko,2.49,2.49,,,2.39,3838945029247,PIĆE
PAŠTETA TUNA SICILIANA ARGETA 95g,90113349,ARGETA,0.10 kg,ko,2.49,26.21,,,2.49,3838471015868,HRANA
SLAD CARTE D'OR VANILIJA 1L,90116057,ALGIDA CD OR,1.00 l,ko,9.79,9.79,,,9.79,8722700127796,HRANA
SLAD SNICKERS X-TRA 66G,90116160,MARS,0.07 kg,ko,2.45,37.12,,,2.45,5000159460880,HRANA
SLAD MARS X-TRA 60G,90116305,MARS,0.06 kg,ko,2.45,40.84,,,2.45,5000159460866,HRANA
ĆEVAPČICI PUREĆI 532g VINDIJA,90121885,VINDON,0.53 kg,ko,7.09,13.33,,,5.99,3850339419090,HRANA
TOAST S INTEG.BRAŠ.500g,90123790,KLARA,0.50 kg,ko,3.09,6.18,,,3.09,3856016900578,HRANA
ZP ELMEX JUNIOR 6-12G 75ML,90128939,ELMEX,0.08 l,ko,5.49,73.2,,,5.49,8718951470583,KOZMETIKA
TUNJ KOMADI NATURALE 120g RIO MARE,90130156,RIO MARE,0.12 kg,ko,4.89,40.75,,,4.89,8004030595033,HRANA
TUNJ KOMADI SUNC ULJE 112G RIO MARE,90130170,RIO MARE,0.11 kg,ko,4.89,43.66,,,4.89,8004030595002,HRANA
ČOKOLADA MILKA OREO 300g,90130183,MILKA,0.30 kg,ko,7.49,24.97,,,7.49,7622210384362,HRANA
RAKIJA STARA ŠLJIVOVICA 0.1L BADEL,90130361,BADEL 1862,0.10 l,ko,2.15,21.5,,,2.15,3850112121301,PIĆE
KH-7 SREDSTVO ZA UKLANJANJE MRLJA 750ML,90138798,KH-7,0.75 l,ko,6.99,9.32,,,6.59,8420822115799,SREDSTVA ZA ČIŠĆENJE
PEDIGREE MP JUNIOR 4X100g,90139356,PEDIGREE,0.40 kg,ko,3.69,9.23,,,3.69,5900951319617,PROIZVODI ZA KUĆANSTVO
BRIJAČ Ž JEDN WILK XTR 3 BEA 4/1,90140966,WILKINSON,4.00 ko,ko,6.59,1.65,,,6.59,4027800318308,KOZMETIKA
BRIJAČ M JEDN WILK XTR SENS 4/1,90140971,WILKINSON,4.00 ko,ko,6.89,1.72,,,6.89,4027800710409,KOZMETIKA
SIR POLUTVRDI PODRAVEC 150g DUKAT,90141691,PRESIDENT,0.15 kg,ko,3.99,26.6,,,3.99,3850355007066,HRANA
HAMBURGER VAK 350g PIK,90141927,PIK VRBOVEC,0.35 kg,ko,8.09,23.11,,,8.09,3850139051353,HRANA
NEKTAR JABUKA FRUCTAL CLASS 1L,90142191,FRUCTAL,1.00 l,ko,2.39,2.39,,,2.39,3838945029209,PIĆE
NEKTAR NARANČA FRUCTAL CLASS 1L,90142201,FRUCTAL,1.00 l,ko,2.89,2.89,,,2.49,3838945029216,PIĆE
NEGAZ PIĆE BOROVNICA FRUCTAL CLASS 1L,90142233,FRUCTAL,1.00 l,ko,2.49,2.49,,,2.39,3838945029254,PIĆE
SVINJSKI FILE VAC,90144266,PIK VRBOVEC,1.00 kg,kg,11.19,11.19,,,10.79,3850139540925,HRANA
SIR POLUTV TILZIT MAP 150G VINDIJA,90145042,Z BREGOV,0.15 kg,ko,3.69,24.6,,,3.69,3850108053913,HRANA
KRUH DALMATINAC 400G BABIĆ,90146650,BABIĆ,0.40 kg,ko,1.69,4.23,,,1.45,3858884711959,HRANA
PRSA PIL DIMLJ DIMCEK NAR 100G VINDIJA,90146772,CEKIN,0.10 kg,ko,2.75,27.5,,,2.75,3850159123337,HRANA
MARAMICE VIOLETA MAKE UP 60/1,90146946,VIOLETA,60.02 ko,ko,4.99,0.08,,,4.99,3870128005334,KOZMETIKA
ŠUNKA PUREĆA DELUXE NAR 100g VINDON,90147208,VINDON,0.10 kg,ko,3.19,31.9,,,3.19,3850159128813,HRANA
JOGURT ACTIMEL JAG BAN 4X100G,90147977,ACTIMEL,0.40 kg,ko,3.39,8.48,,,3.09,5997536134314,HRANA
SIR K PLUS GAUDA 300 g,90148329,K PLUS,0.30 kg,ko,4.09,13.63,,,4.09,3850334406293,HRANA
JAJA SVJ K PLUS M 10/1 PODNI UZGOJ,90148335,K PLUS,10.00 ko,ko,3.69,0.37,,,3.29,3850334421111,HRANA
KRUH SOVITAL 350G BABIĆ,90148797,BABIĆ,0.35 kg,ko,2.05,5.86,,,1.95,3858884719146,HRANA
KRUH SOVITAL 450G BABIĆ,90152082,BABIĆ,0.45 kg,ko,2.69,5.98,,,2.55,3858884719139,HRANA
KRUH FRANCUZ 500G BABIĆ,90152107,BABIĆ,0.50 kg,ko,2.29,4.58,,,2.19,3858884719269,HRANA
KRUH GRAHAM 250G BABIĆ,90152109,BABIĆ,0.25 kg,ko,1.79,7.16,,,1.59,3858884719290,HRANA
PECIVO BAKINO 120G BABIĆ,90152112,BABIĆ,0.12 kg,ko,0.99,8.25,,,0.87,3858884712437,HRANA
KAJMAK PRESIDENT 100G DUKAT,90153021,PRESIDENT,0.10 kg,ko,3.19,31.9,,,3.19,8606002112684,HRANA
RUPČIĆI PAP VIOLETA KUT 3SL 60/1,90153453,VIOLETA,59.99 ko,ko,2.49,0.04,,,2.49,3870128009172,TOALETNE POTREPŠTINE
PRSA PILEĆA U OVITKU NAR 100g,90154127,CEKIN,0.10 kg,ko,2.75,27.5,,,2.75,3850159123306,HRANA
DEO AXE BLACK 150ML,90154697,AXE,0.15 l,ko,6.19,41.27,,,5.69,8712561614122,KOZMETIKA
KOCKA GOVEĐA 120g PODRAVKA,90155043,PODRAVKA,0.12 kg,ko,2.75,22.92,,,2.75,3850104274862,HRANA
KOCKA KOKOŠJA 120g PODRAVKA,90155046,PODRAVKA,0.12 kg,ko,2.75,22.92,,,2.75,3850104274855,HRANA
SIR POLUTV GOUDA MAP 150G VINDIJA,90155294,VINDIJA SIREVI,0.15 kg,ko,3.69,24.6,,,3.69,3850108058215,HRANA
STICK OLDSP WHITEWATER 50ml,90156905,OLD SPICE,0.05 l,ko,6.19,123.8,,,6.19,8700216162180,KOZMETIKA
SOK 100% ANANAS 1L,90157056,VINDI,1.00 l,ko,3.29,3.29,,,3.29,3850108075380,PIĆE
ZAGREBAČKI ODREZAK 400G LEDO,90157439,LEDO,0.40 kg,ko,10.99,27.48,,,9.09,3850116102917,HRANA
BEČKI ODREZAK 400G LEDO,90157443,LEDO,0.40 kg,ko,10.59,26.48,,,9.39,3850116102900,HRANA
CORDON BLEU PAN PILEĆI 400G LEDO,90157447,LEDO,0.40 kg,ko,9.99,24.98,,,9.39,3850116103891,HRANA
VOĆNE KOŠARICE 300G GECCHELE,90158078,GECCHELE,0.30 kg,ko,3.59,11.97,,,3.59,8015854123586,HRANA
LISNATI ŠTAPIĆI 125G GECCHELE,90158092,GECCHELE,0.13 kg,ko,1.99,15.92,,,1.99,8015854121025,HRANA
PAŠTETA TUNA CLASS EVA 95G LIM,90158458,EVA,0.10 kg,ko,2.29,24.11,,,2.29,3850104274978,HRANA
JUHA KREM OD GLJIVA 54g PODRAVKA,90160136,PODRAVKA,0.05 kg,ko,1.75,32.41,,,1.75,3850104274596,HRANA
JUHA KREM OD RAJČICE 60g PODRAVKA,90160140,PODRAVKA,0.06 kg,ko,1.75,29.17,,,1.75,3850104274619,HRANA
LESKOVAČKI ĆEVAPČIĆI 480G PANVITA,90160729,AVE,0.48 kg,ko,7.79,16.23,,,7.79,3831020345966,HRANA
LESKOVAČKA PLJESKAVICA 480G,90160735,AVE,0.48 kg,ko,7.59,15.81,,,7.59,3831020345959,HRANA
SARAJEVSKI ĆEVAPČIĆI 480G,90160737,AVE,0.48 kg,ko,8.59,17.89,,,7.89,3831020345232,HRANA
SARAJEVSKA PLJESKAVICA 480G,90160739,AVE,0.48 kg,ko,8.59,17.89,,,7.89,3831020345249,HRANA
PAŠTETA PIKETA ČAJNA  95g AL,90166120,PIKETA,0.10 kg,ko,1.49,15.68,,,1.49,3850104277788,HRANA
PAŠTETA PIKETA JETRENA  95G AL,90166124,PIKETA,0.10 kg,ko,1.49,15.68,,,1.49,3850104277795,HRANA
PAŠTETA PIKETA PILEĆA 95G AL,90166147,PIKETA,0.10 kg,ko,1.49,15.68,,,1.49,3850104277856,HRANA
KEKS MILKA CHOCO LILASTIX 112G,90166766,MILKA,0.11 kg,ko,2.79,24.91,,,2.79,7622210406354,HRANA
RUM CAPTAIN MORGAN WHITE 0.7L PPD DIST.,90166939,CAPTAIN MORG,0.70 l,ko,24.49,34.99,,,24.49,5000281040899,PIĆE
PIVO PAN ZLATNI LIM 0.5 l 4 PACK,90166982,PAN,2.00 l,ko,6.39,3.2,,,6.39,3858887580651,PIĆE
TOAST AMERICAN SANDWICH 550G MORATO,90167259,MORATO,0.55 kg,ko,3.29,5.98,,,3.29,8006837000918,HRANA
MLIJEČNO PECIVO 400G MORATO,90167322,MORATO,0.40 kg,ko,3.79,9.48,,,3.79,8006837001083,HRANA
PEL GAĆ PAMP MAXI JP 52/1,90167384,PAMPERS,52.00 ko,ko,25.99,0.5,,,25.99,8006540069264,TOALETNE POTREPŠTINE
PEL GAĆ PAMP JUNIOR JP 48/1,90167387,PAMPERS,48.01 ko,ko,25.99,0.54,,,25.99,8006540069325,TOALETNE POTREPŠTINE
ULJE U SPRAYU NIVEA PROTECT&BRONZE F20,90167721,NIVEA,0.20 l,ko,21.99,109.95,,,21.99,4005900111296,KOZMETIKA
ULJE U SPRAYU NIVEA PROTECT&BRONZE F30,90167743,NIVEA,0.20 l,ko,24.49,122.45,,,24.49,4005900118172,KOZMETIKA
PROSECCO GRANDE VENTO 0.75L,90168836,GRANDE VENTO,0.75 l,ko,13.39,17.85,,,13.39,5949013501027,PIĆE
PIVO OŽUJSKO  PET 2 L,90168880,OŽUJSKO,2.00 l,ko,4.69,2.35,,,4.59,3850131001608,PIĆE
TJEST.LINGUINE PREM.K PLUS 500g,90169301,K PLUS,0.50 kg,ko,1.65,3.3,,,1.65,3850334532510,HRANA
KAVA BARCAFFE BLACK & EASY 8G,90170004,BARCAFFE,0.01 kg,ko,0.49,61.25,,,0.49,3838471028844,HRANA
PECIVO HOT DOG 4/1 250G DON DON,90170399,DON DON,0.25 kg,ko,2.35,9.4,,,2.35,3858885564547,HRANA
FELIX PARTY MIX OCEAN MIX 60G,90170677,FELIX,0.06 kg,ko,1.99,33.17,,,1.99,3858890176919,PROIZVODI ZA KUĆANSTVO
FELIX PARTY MIX ORIGINAL MIX 60G,90170684,FELIX,0.06 kg,ko,1.99,33.17,,,1.99,3858890176933,PROIZVODI ZA KUĆANSTVO
FRISKIES PICNIC GOVEDINA 42G,90170703,FRISKIES,0.04 kg,ko,0.99,23.57,,,0.99,7613035219816,PROIZVODI ZA KUĆANSTVO
PIVO STAROPRAMEN  LIMENKA 0.50L,90173214,STAROPRAMEN,0.50 l,ko,2.05,4.1,,,2.05,3850131003398,PIĆE
GAZ PIĆE COCA-COLA ZERO 0.33L LIM,90174355,COCA COLA,0.33 l,ko,1.35,4.09,,,1.35,5449000214799,PIĆE
KRUH FARMER PAK 500G BRIONKA,90181766,BRIONKA,0.50 kg,ko,2.25,4.5,,,2.25,3858883007909,HRANA
VRHNJE KISELO K PLUS 180G 12%,90182943,K PLUS,0.18 kg,ko,0.69,3.83,,,0.69,3850334544605,HRANA
ČVARCI PREMIUM 90G SILMA,90183740,SILMA,0.09 kg,ko,4.89,54.33,,,4.89,3859892782139,HRANA
ISTAR SALAMIN S TARTUF 200G ZIGAN,90183876,ZIGANTE,0.20 kg,ko,11.59,57.95,,,11.59,3859892799281,HRANA
VL MAR LUMPI SOFT LOTION 80/1,90184785,LUMPI,80.00 ko,ko,1.65,0.02,,,1.65,3850334558558,TOALETNE POTREPŠTINE
FILET SLANIH INĆUNA 75G ARBASOL,90185404,ARBASOL,0.05 kg,ko,5.59,124.22,,,5.59,3859891895045,HRANA
ŠAMPON H&S CITRUS 250ml,90185466,HEAD&SHOULDE,0.25 l,ko,5.39,21.56,,,4.79,8006540063286,KOZMETIKA
KULEN BELJE NAR 100G MA,90185844,BELJE,0.10 kg,ko,4.39,43.9,,,4.39,3850257053215,HRANA
LIKER VIŠNJEVAC 0.7L MARASKA,90186596,MARASKA,0.70 l,ko,14.19,20.27,,,14.19,3850158401146,PIĆE
LIKER PELINKOVAC 0.7L MARASKA,90186599,MARASKA,0.70 l,ko,14.79,21.13,,,14.79,3850158406820,PIĆE
MASLINE SNACK KALAMATA ODKOŠT 65g,90187365,GAEA,0.07 kg,ko,3.19,49.08,,,3.19,5201671801513,HRANA
PAŠTETA PIKETA PIKANT PILEĆA 95g AL,90187620,PIKETA,0.10 kg,ko,1.49,15.68,,,1.49,3850104279843,HRANA
MASLINE ZELENE 350g/ 200g PODRAVKA,90187710,PODRAVKA,0.20 kg,ko,3.49,17.45,,,3.49,3850104279270,HRANA
MASLINE ZELENE OTKOŠT 330g/160 g POD,90187752,PODRAVKA,0.16 kg,ko,3.59,22.44,,,3.59,3850104279294,HRANA
MASLINE ZELENE S PAP 680g/390g PODR,90187757,PODRAVKA,0.39 kg,ko,6.19,15.87,,,6.19,3850104279263,HRANA
MASLINE ZELENE OTKOŠT 650g/320g PODR,90187764,PODRAVKA,0.32 kg,ko,5.89,18.41,,,5.89,3850104279300,HRANA
KAVA CREMA MLJEV. 9g STICK,90188924,FRANCK CREMA,0.01 kg,ko,0.57,63.33,,,0.39,3858881087866,HRANA
PAP RUPČIĆI NATUR KUTIJA 2SL 150/1,90189209,NATUR,149.93 ko,ko,1.99,0.01,,,1.99,3838900976647,TOALETNE POTREPŠTINE
PAP RUPČIĆI NATUR 3SL 10/1,90189770,NATUR,10.00 ko,ko,1.25,0.13,,,1.25,3838900965627,TOALETNE POTREPŠTINE
PAP RUPČIĆI NATUR  3SL 1/1,90189774,NATUR,1.00 ko,ko,0.17,0.17,,,0.17,3838900965580,TOALETNE POTREPŠTINE
DESERT ČOK/VAN JAJE 70G,90191799,KIDSWORLD,0.07 kg,ko,1.39,19.86,,,1.39,8595588202561,HRANA
JOGURT JOGOBELLA PANNA COTTA 150G ZOTT,90198669,JOGOBELLA,0.15 kg,ko,0.99,6.6,,,0.89,4014500512075,HRANA
KRUMPIR ZA PEČENJE I PRŽENJE 2.5 kg,90201911,KORA,2.50 kg,ko,3.19,1.28,,,3.29,3850334151490,HRANA
MLIJEKO KONDENZIRANO NESTLE 397g,90202016,NESTLE,0.40 kg,ko,5.19,13.07,,,5.19,8715000014026,HRANA
RAVIOLI SA 4 VRSTE SIRA 250g RANA,90202029,RANA,0.25 kg,ko,3.69,14.76,,,3.69,8001665713153,HRANA
TORTELLINI SA RIKOTOM I ŠPIN 250G RANA,90202038,RANA,0.25 kg,ko,3.69,14.76,,,3.69,8001665713177,HRANA
PUREĆI BATAK/ZABATAK CCA 2.2kg  AIA,90205320,AIA,1.00 kg,kg,3.89,3.89,,,3.09,,HRANA
CAPP GLORIA ČOKOLADA 200g,90205336,GLORIA,0.20 kg,ko,3.49,17.45,,,3.49,3850291055558,HRANA
CAPP GLORIA CLASSIC 200g,90205343,GLORIA,0.20 kg,ko,3.49,17.45,,,3.49,3858881087804,HRANA
DESERT ČOK ŽIVOTINJSKO CARSTVO 15G NOVO,90210252,ŽIVOTINJSKO CARSTVO,0.02 kg,ko,0.89,59.33,,,0.87,3850102507979,HRANA
ČAJ UVIN H 20*1.5G NATURAVITA,90212319,NATURAVITA,0.03 kg,ko,1.99,66.33,,,1.99,3858884090641,HRANA
DEO NIVEA PROTECT&CARE 150ml,90213288,NIVEA,0.15 l,ko,6.69,44.6,,,6.69,9005800262048,KOZMETIKA
CIDER SOMERSBY BOROVNICA 0.5L LIM,90214697,SOMERSBY,0.50 l,ko,2.25,4.5,,,2.25,3858887584161,PIĆE
SLAD KORNET MAXIMO MAL CAKE 160ML LEDO,90215110,KING,0.16 l,ko,3.49,21.81,,,3.29,3850116105710,HRANA
KAVA BARCAFFE BLACK&EASY SUGAR 11g,90215819,BARCAFFE,0.01 kg,ko,0.49,44.55,,,0.49,3838471030359,HRANA
VODA FUNKC JANA VIT LIM 0.5L,90219653,JANA,0.50 l,ko,1.49,2.98,,,1.49,3858890871975,PIĆE
SIR POLUTV K PLUS CHEDDAR 100G,90219838,K PLUS,0.10 kg,ko,2.25,22.5,,,2.09,3850334577399,HRANA
SIR POLUTV K PLUS MAASDAM 100G,90219869,K PLUS,0.10 kg,ko,2.09,20.9,,,2.05,3850334577368,HRANA
SIR POLUTV K PLUS MOZZARELLA 100g,90219875,K PLUS,0.10 kg,ko,2.25,22.5,,,2.09,3850334577429,HRANA
OBITELJSKA ČAROLIJA 500G FANOLA,90220670,FANOLA,0.50 kg,ko,6.59,13.18,,,6.59,3859888257177,HRANA
DESERT KIT KAT 41.5G 4F NESTLE,90222646,KIT KAT,0.04 kg,ko,1.69,40.72,,,1.69,7613035365414,HRANA
ORAH GROŽĐICE SEEBERGER MIX 150g,90222656,SEEBERGER,0.15 kg,ko,4.39,29.27,,,4.09,4008258154229,HRANA
ORAŠČIĆ MIX SEEBERGER 150g,90222663,SEEBERGER,0.15 kg,ko,5.89,39.27,,,5.69,4008258150092,HRANA
PUREĆA KRILA VAKUUM AIA cca 2.7,90225349,AIA,1.00 kg,kg,2.59,2.59,,,2.75,,HRANA
SMOOTHIE M-MINUTE MIX 3X4 3000ml,90227856,MINUTE,1.00 ko,ko,27.99,27.99,,,27.99,3838900807095,PIĆE
KRUH DOMAĆI KUKURUZNI 400g DON DON,90228019,DON DON,0.40 kg,ko,2.95,7.38,,,2.95,3830043040339,HRANA
KRUH DOMAĆI SA SJEMENKAMA 400G DON DON,90228048,DON DON,0.40 kg,ko,2.95,7.38,,,2.95,3830043040346,HRANA
KRUH DOMAĆI MIJEŠANI 400G DON DON,90228061,DON DON,0.40 kg,ko,2.45,6.13,,,2.45,3830043040353,HRANA
JOGURT VOĆNI JAGODA 150g VINDIJA,90229161,Z BREGOV,0.15 kg,ko,0.73,4.87,,,0.79,3850108037838,HRANA
JOGURT VOĆ MIX 150g ČAŠA VINDIJA,90229164,Z BREGOV,0.15 kg,ko,0.73,4.87,,,0.79,3850108037760,HRANA
RUM HAVANA CLUB ESPECIAL  0.7L,90229185,HAVANA,0.70 l,ko,22.99,32.84,,,22.49,8501110086196,PIĆE
VRHNJE K PLUS ZA KUH 200G 20%,90229967,K PLUS,0.20 kg,ko,0.99,4.95,,,1.29,3850334585523,HRANA
KAŠA ZOB MAL VAN 65g DOBRA,90231272,DOBRA,0.07 kg,ko,1.25,19.23,,,1.25,8595054904272,HRANA
KAŠA ZOB ŠUM VOĆE 65g DOBRA,90231275,DOBRA,0.07 kg,ko,1.25,19.23,,,1.25,8595054904302,HRANA
KAŠA ZOB ČOK 65g DOBRA,90231284,DOBRA,0.07 kg,ko,1.25,19.23,,,1.25,8595054904258,HRANA
DET JAR LEMON 450ML,90232306,JAR HDW,0.45 l,ko,2.39,5.31,,,2.39,4015400922407,SREDSTVA ZA ČIŠĆENJE
SLAD CEDEVITA 114ML LEDO,90232724,LEDO,0.11 l,ko,2.19,19.21,,,1.79,3850116107233,HRANA
PANCETA DIMLJ KOCKICE NAR 2X70g,90240558,MONTORSI,0.14 kg,ko,3.19,22.79,,,3.09,80639749,HRANA
KRUH FINI DOMAĆI 700g BABIĆ,90240634,BABIĆ,0.70 kg,ko,2.59,3.7,,,2.45,3858884711799,HRANA
KULEN NAR 100G MA PIK,90240711,PIK VRBOVEC,0.10 kg,ko,3.49,34.9,,,3.49,3850139012132,HRANA
KRUH PANJ 400G PAK TKZ,90242551,TKZ,0.40 kg,ko,2.05,5.13,,,2.05,3858884924144,HRANA
SRED SANYTOL VIŠENAMJ ČIŠĆ I DEZ 500ml,90243627,SANYTOL,0.50 l,ko,4.39,8.78,,,4.19,3045200700005,SREDSTVA ZA ČIŠĆENJE
SIR NAM ABC TUNA 100g BELJE,90243881,ABC,0.10 kg,ko,1.69,16.9,,,1.69,3856015324221,HRANA
BISKVIT MRAMORNI 400g GECCHELE,90249968,GECCHELE,0.40 kg,ko,4.49,11.23,,,4.49,8015854140866,HRANA
SIR TOPLJ LIST CHEDDAR 150G DUKAT,90253519,PRESIDENT,0.15 kg,ko,2.49,16.6,,,2.25,3228022210055,HRANA
DVOPEK MINI CLASSIC 120G NATUREL,90258605,NATUREL,0.12 kg,ko,1.75,14.58,,,1.75,3858889361593,HRANA
DŽEM SMOKVA BAKINA TAJNA 375G,90258836,BAKINA TAJNA,0.38 kg,ko,5.99,15.97,,,5.99,8600103131551,HRANA
RUČNIK VIOLETA LOVE 3/1 3SL,90260686,VIOLETA,3.03 ko,ko,4.19,1.38,,,4.19,3859892288952,PROIZVODI ZA KUĆANSTVO
ŽV GUMA WHITE CLASSIC 14G,90263717,WRIGLEY,0.01 kg,ko,1.25,89.29,,,1.25,40099484,HRANA
WC BREF COLOR AKTIV FRESH FLOWERS 50g,90266016,BREF,0.05 kg,ko,4.19,83.8,,,4.19,9000101023985,SREDSTVA ZA ČIŠĆENJE
BATAK PILEĆI K PLUS,90270053,K PLUS,1.00 kg,kg,4.99,4.99,,,4.99,3850159118050,HRANA
FILE OD PRSA K PLUS,90270057,K PLUS,1.00 kg,kg,9.69,9.69,,,9.69,3850159118081,HRANA
PRSA PILEĆA K PLUS BEZ KOŽE,90270061,K PLUS,1.00 kg,kg,7.39,7.39,,,7.39,3850159118036,HRANA
BAT/ZAB/LEĐA K PLUS,90270066,K PLUS,1.00 kg,kg,3.59,3.59,,,3.59,3850159118043,HRANA
KRUH PIKOLINO 350g RADNIK,90273235,RADNIK,0.35 kg,ko,1.85,5.29,,,1.65,3850151244061,HRANA
MIJEŠANO MLJEV MESO LIGHT 540G (MA),90276053,PIK VRBOVEC,0.54 kg,ko,7.19,13.31,,,6.69,3850139446500,HRANA
SV MLJEVENA 540G (MA),90276060,PIK VRBOVEC,0.54 kg,ko,2.22,4.11,,,2.22,3850139540598,HRANA
JUN MLJEVENA 540G (MA),90276065,PIK VRBOVEC,0.54 kg,ko,7.89,14.61,,,7.59,3850139540611,HRANA
MINI CROISSANT 200G RUGGERI,90278040,LA CROISSANTERIE,0.20 kg,ko,1.85,9.25,,,1.85,8001618991980,HRANA
PECIVO GOLOSINI S MARELICOM 200G RUGGERI,90278045,LA CROISSANTERIE,0.20 kg,ko,2.45,12.25,,,2.45,8001618991904,HRANA
PECIVO GOLOSINI S ČOKOLADOM 200G RUGGERI,90278049,LA CROISSANTERIE,0.20 kg,ko,2.45,12.25,,,2.45,8001618991898,HRANA
ODRESCI PILEĆEG FILEA 400g,90279396,PERUTNINA PT,0.40 kg,ko,7.39,18.48,,,7.39,3850220117210,HRANA
CORDON BLEU OD PIL/PUR MESA 245g,90279703,AIA,0.25 kg,ko,2.75,11.22,,,2.75,8008110258740,HRANA
PAN ODRESCI OD PIL/PUR MESA 220g,90279746,AIA,0.22 kg,ko,2.75,12.5,,,2.75,8008110258719,HRANA
BUĐOLA NARESCI 90G,90280097,DOBRO,0.09 kg,ko,3.19,35.44,,,3.19,3850133800797,HRANA
PANCETA ROLANA NARESCI 90G,90280104,DOBRO,0.09 kg,ko,2.99,33.22,,,2.99,3850133800834,HRANA
PRŠUT NARESCI 90G,90280107,DOBRO,0.09 kg,ko,4.19,46.56,,,4.19,3850133800773,HRANA
VL MARAMICE BABY 56/1 VIOLETA 99% WATER,90280239,VIOLETA,55.56 ko,ko,3.09,0.06,,,3.09,3870128012677,TOALETNE POTREPŠTINE
CAPP FR CLASSIC 112g KUT,90281750,FRANCK,0.11 kg,ko,4.89,43.66,,,4.89,3858881088313,HRANA
CAPP FR IRISH CR 160g KUT,90281757,FRANCK,0.16 kg,ko,4.89,30.56,,,4.89,3858881088344,HRANA
CAPP FR KOKOS BIJE ČOK KUT 148g,90281767,FRANCK,0.15 kg,ko,4.89,33.04,,,4.89,3858881088351,HRANA
ZAČIN ORIGANO USITNJ VR 5g VEGETA MAESTRO,90282031,VEGETA MAESTRO,0.01 kg,ko,1.09,218,,,1.09,3850104294570,HRANA
ZAČIN PERŠIN USITNJ VR 7g VEGETA MAESTRO,90282115,VEGETA MAESTRO,0.01 kg,ko,1.09,155.71,,,1.09,3850104294549,HRANA
ZAČIN ČEŠNJAK GRANULE VR 25g VEGETA MAESTRO,90282240,VEGETA MAESTRO,0.03 kg,ko,1.35,54,,,1.35,3850104294440,HRANA
SIR TVRDI PAŠKI 200G,90283219,PAŠKI SIR,0.20 kg,ko,14.99,74.95,,,12.39,3859892884291,HRANA
SIR TVRDI DALMATINAC 200g,90283229,PAŠKI SIR,0.20 kg,ko,7.49,37.45,,,6.89,3859892884352,HRANA
VODA FUNKC JANA VIT LIMUN 1.5L,90286672,JANA,1.50 l,ko,2.25,1.5,,,2.25,3858890873085,PIĆE
VODA SENSATION EUROPA 0.5L,90286676,SENSATION,0.50 l,ko,1.35,2.7,,,1.35,3875000184398,PIĆE
VODA SENSATION EUROPA 1.5L,90286678,SENSATION,1.50 l,ko,2.15,1.43,,,2.15,3858890873443,PIĆE
KEKS OREO 176g,90288240,OREO,0.18 kg,ko,2.75,15.62,,,2.75,7622210765338,HRANA
GRILL ĆEVAPČIĆI 600g PIK,90288291,PIK VRBOVEC,0.60 kg,ko,6.59,10.98,,,6.09,3850139445091,HRANA
SIR TVRDI KRAVLJI 230G ŠPIN,90289836,ŠPIN,0.23 kg,ko,7.19,31.26,,,7.09,3858881194885,HRANA
MIN VODA JAMNICA 1L PET,90289879,JAMNICA,1.00 l,ko,1.15,1.15,,,1.15,3858890873054,PIĆE
KRPA UNIVERZALNA DAX 6/1,90289987,DAX,6.00 ko,ko,1.79,0.3,,,1.79,3850334608086,PROIZVODI ZA KUĆANSTVO
KRPA POD PAMUK DAX 1/1,90289988,DAX,1.00 ko,ko,0.99,0.99,,,0.99,3850334608024,PROIZVODI ZA KUĆANSTVO
SPUŽVA ABRAZIVNA DAX 2/1,90289992,DAX,2.00 ko,ko,0.49,0.25,,,0.49,3850334608239,PROIZVODI ZA KUĆANSTVO
SPUŽVASTA KRPA DAX 5/1,90289998,DAX,5.00 ko,ko,2.59,0.52,,,2.59,3850334608147,PROIZVODI ZA KUĆANSTVO
ŽICA INOX DAX 2/1,90290001,DAX,2.00 ko,ko,0.79,0.4,,,0.83,3850334608413,PROIZVODI ZA KUĆANSTVO
PILEĆA KRILA K PLUS,90290014,K PLUS,1.00 kg,kg,5.19,5.19,,,5.19,3850159118074,HRANA
TUBA VOĆNA HIPP JAB KRUŠ BAN 100g,90290024,HIPP,0.10 kg,ko,1.65,16.5,,,1.65,4062300278530,HRANA
TUBA VOĆNA HIPP JAB BAN JAG 100g,90290027,HIPP,0.10 kg,ko,1.65,16.5,,,1.65,4062300278547,HRANA
TUBA VOĆNA HIPP JAB BRES ŠUM VOĆE 100g,90290029,HIPP,0.10 kg,ko,1.65,16.5,,,1.65,4062300278554,HRANA
TUBA VOĆNA HIPP JAB BAN MAL ŽIT 100g,90290035,HIPP,0.10 kg,ko,1.65,16.5,,,1.65,4062300278608,HRANA
KRUH PRIMOŠTENSKI 650g MLINAR,90290160,MLINAR,0.65 kg,ko,2.19,3.37,,,2.19,3858881129092,HRANA
KRUH MORNAR 500g MLINAR,90290165,MLINAR,0.50 kg,ko,2.55,5.1,,,2.55,3858881129085,HRANA
KRUH PRIMOŠT PAK 650g MLINAR,90290202,MLINAR,0.65 kg,ko,2.29,3.52,,,2.29,3858881120389,HRANA
JUHA PROLJETNA 50g PODRAVKA,90290259,PODRAVKA,0.05 kg,ko,1.25,25,,,1.25,3850104295201,HRANA
JUHA ALPSKA 64g PODRAVKA,90290261,PODRAVKA,0.06 kg,ko,1.75,27.34,,,1.75,3850104295218,HRANA
RIKULA 125 grama,90290439,KONZUM,0.13 kg,ko,1.55,12.4,,,1.55,3858890542455,HRANA
TORTELLONI RICOTTA ŠPINAT 450g,90290449,AURELIA,0.45 kg,ko,5.99,13.31,,,5.99,3859892780654,HRANA
MATOVILAC 125 grama,90290468,KONZUM,0.13 kg,ko,1.55,12.4,,,1.65,3858890542462,HRANA
ČETKICE ZA ZUBE DENTORAL PREM SOFT,90290509,DENTORAL,1.00 ko,ko,1.99,1.99,,,1.99,3850334608178,KOZMETIKA
TP PALOMA GREEN TEA 150L 3SL 4/1,90290830,PALOMA,4.00 ko,ko,2.25,0.56,,,2.25,3838952025904,TOALETNE POTREPŠTINE
VODA ROMERQUELLE 0.5L,90290951,ROMERQUELLE,0.50 l,ko,1.19,2.38,,,1.19,90311208,PIĆE
VODA ROMERQUELLE LIM TRAVA 0.5L,90290958,ROMERQUELLE,0.50 l,ko,1.45,2.9,,,1.45,9031100003807,PIĆE
NAMAZ HUMMUS NATURAL 200g RIBELLA,90290968,RIBELLA,0.20 kg,ko,2.79,13.95,,,2.79,8606011898852,HRANA
TOAST K PLUS CLASSIC 500g,90290974,K PLUS,0.50 kg,ko,0.99,1.98,,,1.25,3850334610812,HRANA
TOAST K PLUS S MASLACEM 500g,90290976,K PLUS,0.50 kg,ko,2.19,4.38,,,2.19,3850334610836,HRANA
TOAST K PLUS INTEGRALNI 500g,90290979,K PLUS,0.50 kg,ko,1.75,3.5,,,1.75,3850334610850,HRANA
TOAST K PLUS AMERICAN 750g,90290981,K PLUS,0.75 kg,ko,2.55,3.4,,,2.55,3850334610874,HRANA
NAMAZ HUMMUS SJEM BUNDE 200g RIBELLA,90290999,RIBELLA,0.20 kg,ko,2.79,13.95,,,2.79,8606011898869,HRANA
NAPITAK HELL CLASSIC 0.25l,90291597,HELL,0.25 l,ko,1.35,5.4,,,1.35,5999884034469,PIĆE
SIR TVRDI K PLUS EMMENTALER 100g,90291790,K PLUS,0.10 kg,ko,1.79,17.9,,,1.79,3850334343444,HRANA
LINZER MARELICA 310g K PLUS,90291826,K PLUS,0.31 kg,ko,3.69,11.9,,,3.69,3850334350527,HRANA
COCKTAIL COSMOPOLITAN 0.33l nb,90291837,A LE COQ,0.33 l,ko,1.99,6.03,,,1.89,4740098002871,PIĆE
COCKTAIL CUBA LIBRE 0.33l nb,90291840,A LE COQ,0.33 l,ko,1.99,6.03,,,1.89,4740098002956,PIĆE
COCKTAIL MOJITO 0.33l nb,90291842,A LE COQ,0.33 l,ko,1.99,6.03,,,1.89,4740098002833,PIĆE
COCKTAIL SEX ON THE BEACH 0.33l nb,90291844,A LE COQ,0.33 l,ko,1.99,6.03,,,1.89,4740098002857,PIĆE
PIK PEČENA ŠUNKA NAR 125g MA,90291848,PIK VRBOVEC,0.13 kg,ko,3.69,29.52,,,3.69,3850139350401,HRANA
KOLAČ MAĐARICA 500g MLINAR,90295417,MLINAR,0.50 kg,ko,8.09,16.18,,,8.09,3856028401162,HRANA
RUM RON CALADOS TAMNI 700ml,90295646,CALADOS,0.70 l,ko,11.79,16.84,,,11.79,5021692750108,PIĆE
PIVO STAROPRAMEN 4PACK LIM 0.5L,90295823,STAROPRAMEN,2.00 l,ko,7.19,3.6,,,7.09,3850131004784,PIĆE
ZVIJEZDA GASTRO SALATNA MAJONEZA 15G,90296050,ZVIJEZDA,0.02 kg,ko,0.33,22,,,0.33,3856015316660,HRANA
TIJESTO PENNE 400g GRANO DORO,90296094,GRANO DORO,0.40 kg,ko,0.8,2,,,0.95,3850334349866,HRANA
TIJESTO SPIRALI 400g  GRANO DORO,90296108,GRANO DORO,0.40 kg,ko,0.8,2,,,0.95,3850334349828,HRANA
GIN SOUTH BANK 0.7L,90296112,SOUTH BANK,0.70 l,ko,10.19,14.56,,,10.19,5021692111107,PIĆE
PRŠUT DALMAT NAR 100g VP PIVAC,90298046,PIVAC,0.10 kg,ko,4.29,42.9,,,4.29,3858884994406,HRANA
LIKER ROGAČ PAŠKO 0.5L,90298173,PAŠKO LIKERI,0.50 l,ko,17.19,34.38,,,14.79,3859891911417,PIĆE
FLIPS CHIO MINIONS 75g,90298389,CHIO,0.08 kg,ko,1.95,26,,,1.95,9000159732501,HRANA
KAVA MLJ PRŽENA BARCAFFE  400g,90298402,BARCAFFE,0.40 kg,ko,11.19,27.98,,,9.99,3838471032308,HRANA
VIVIS SVJEŽI KREM SIR 100g,90298692,VIVIS,0.10 kg,ko,1.59,15.9,,,1.59,3850108058734,HRANA
GEL ZA TUŠIRANJE OLDSPICE WHITEWATER 400ml,90298838,OLD SPICE,0.40 l,ko,6.19,15.48,,,6.19,8700216856812,KOZMETIKA
ŽV GUMA ORBIT EUCALYPTUS 14g,90299304,WRIGLEY,0.01 kg,ko,1.25,89.29,,,1.25,50173617,HRANA
PILEĆI FILE 500g,90299387,PERUTNINA PT,0.50 kg,ko,7.09,14.18,,,7.09,3850220115827,HRANA
ISTARSKA PANCETA NAREZAK 80g PISINIUM,90299642,PISINIUM,0.08 kg,ko,3.89,48.63,,,3.69,3858884931890,HRANA
KULENOVA SEKA 300g GAVRILOVIĆ,90299968,GAVRILOVIĆ,0.30 kg,ko,8.19,27.3,,,8.19,3858892725825,HRANA
DN UL ALWAYS DEO RPW 20/1,90300072,ALWAYS P&G,20.00 ko,ko,2.35,0.12,,,2.35,8001090361998,TOALETNE POTREPŠTINE
RUSTIKA SA SJEMENKAMA 400g BABIĆ,90300499,BABIĆ,0.40 kg,ko,2.19,5.48,,,1.99,3858884719320,HRANA
NEKTAR NARANČA 1L,90300927,VINDI,1.00 l,ko,1.99,1.99,,,1.99,3850108071351,PIĆE
PISTACIJA SLANA 150g NATURA,90301918,NATURA,0.15 kg,ko,6.09,40.6,,,6.09,3859892798826,HRANA
BUČINE SJEMENKE 150g NATURA,90301923,NATURA,0.15 kg,ko,2.85,19,,,2.85,3859892798475,HRANA
INDIJSKI ORAH SLANI 100g NATURA,90301929,NATURA,0.10 kg,ko,4.19,41.9,,,4.19,3859892798802,HRANA
SIR NAM PHILADELPHIA NATUR 175g,90302545,PHILADELPHIA,0.18 kg,ko,4.39,25.09,,,4.39,7622300340285,HRANA
LISTOVI ZA PITE I SAVIJA K PLUS 500g,90304152,K PLUS,0.50 kg,ko,1.23,2.46,,,1.55,3850334377791,HRANA
KAVA LAVAZZA CREME E GUSTO 250g,90306718,LAVAZZA,0.25 kg,ko,11.19,44.76,,,8.89,8000070038769,HRANA
KAVA LAVAZZA QUALITY ROSSA 250g,90306722,LAVAZZA,0.25 kg,ko,12.19,48.76,,,9.99,8000070035805,HRANA
DOMAĆI KRUH 1000g,90306954,,1.00 kg,ko,1.49,1.49,,,1.49,,HRANA
KRUH VITAL BEZ GLUTENA 300g RAZVO,90307074,MOJE MALO ZLATO,0.30 kg,ko,6.09,20.3,,,6.09,3859893064340,HRANA
KRUH SJEME BEZ GLUTENA 400g RAZVOJNE,90307078,MOJE MALO ZLATO,0.40 kg,ko,6.09,15.23,,,6.09,3859893064142,HRANA
CORDON BLEU OD PIL/PUR MESA 490 g,90307319,AIA,0.49 kg,ko,4.29,8.76,,,3.99,8008110258795,HRANA
PISTACIO VEDRINI 250g,90307594,VEDRINI,0.25 kg,ko,5.39,21.56,,,5.39,3859890630180,HRANA
TP VIOLETA KAMILICA 16/1 3SL,90308094,VIOLETA,16.00 ko,ko,6.19,0.39,,,6.19,3859892288686,TOALETNE POTREPŠTINE
SIR TVRDI PARMIGIANO 200g ZANETTI,90308125,ZANETTI,0.20 kg,ko,8.99,44.95,,,8.19,8002710402008,HRANA
ČOK MILKA OREO SANDWICH 92g,90308570,MILKA,0.09 kg,ko,3.09,33.59,,,3.09,7622210830043,HRANA
PAŠTETA KOKOŠJA 95g LO PODRAVKA,90308799,PODRAVKA,0.10 kg,ko,1.59,16.74,,,1.59,3858886469377,HRANA
GAZ PIĆE COCKTA ORIGINAL 1.5L,90310493,COCKTA,1.50 l,ko,2.35,1.57,,,2.25,3838471032537,PIĆE
COCKTA ORIGINAL 0.5L,90310495,COCKTA,0.50 l,ko,1.55,3.1,,,1.55,3838471032476,PIĆE
ZAČIN BOTANICA CVIJET HIBISKUSA,90310990,BOTANICALS,0.02 kg,ko,5.69,284.5,,,5.69,3858893370871,PIĆE
VINO MALVAZIJA 0.75L VINA LAGUNA,90311356,LAGUNA,0.75 l,ko,10.79,14.39,,,10.79,3858881190443,PIĆE
VINO CAB SAUV 0.75L VINA LAGUNA,90311358,LAGUNA,0.75 l,ko,7.79,10.39,,,7.79,3858881190597,PIĆE
VINO VRANAC VINEA 1L,90311359,VIZBA VALANDOVO,1.00 l,ko,5.79,5.79,,,5.79,3859892866938,PIĆE
VINO TERRA ROSA 0.75L LAGUNA,90311360,LAGUNA,0.75 l,ko,9.49,12.65,,,9.49,3858881194151,PIĆE
VINO MALVAZIJA 1L KK ISTRAVINO,90311361,LAGUNA,1.00 l,ko,9.19,9.19,,,9.19,3858881193321,PIĆE
VINO MERLOT 0.75L VINA LAGUNA,90311368,LAGUNA,0.75 l,ko,7.79,10.39,,,7.79,3858881190160,PIĆE
VINO GRAŠEVINA KV 0.75L VINA BELJE,90311370,BELJE,0.75 l,ko,8.59,11.45,,,8.59,3850257019020,PIĆE
VINO CAB SAUVIG 1L VINA LAGUNA,90311373,LAGUNA,1.00 l,ko,6.49,6.49,,,6.49,3858881190825,PIĆE
VINO MERLOT 1L VINA LAGUNA,90311375,LAGUNA,1.00 l,ko,6.69,6.69,,,6.69,3858881190818,PIĆE
VINO ROSE KV 0.75L VINA LAGUNA,90311384,LAGUNA,0.75 l,ko,7.59,10.12,,,7.59,3858881190221,PIĆE
VINO MALVAZIJA FESTIGIA 0.75L,90311391,LAGUNA,0.75 l,ko,17.19,22.92,,,17.19,3858881191914,PIĆE
VINO ROSE 1L VINA LAGUNA,90311399,LAGUNA,1.00 l,ko,6.69,6.69,,,6.69,3858881190832,PIĆE
VINO CHARDONNAY 0.75L VINA LAGUNA,90311409,LAGUNA,0.75 l,ko,9.39,12.52,,,9.39,3858881190320,PIĆE
VINO ROSE 0.75 L KV BELJE,90311435,BELJE,0.75 l,ko,10.99,14.65,,,10.99,3850257021160,PIĆE
LEDENI ČAJ LIMUN LIMUNSKA TRAVA 0.5L FUZETEA,90311870,FUZETEA,0.50 l,ko,1.55,3.1,,,1.55,5449000239181,PIĆE
LEDENI ČAJ ŠUMSKO VOĆE 0.5L FUZETEA,90311873,FUZETEA,0.50 l,ko,1.55,3.1,,,1.55,5449000239167,PIĆE
LEDENI ČAJ BRESKVA 0.5L FUZETEA,90311875,FUZETEA,0.50 l,ko,1.55,3.1,,,1.55,5449000239204,PIĆE
LEDENI ČAJ ŠUMSKO VOĆE 1.5L FUZETEA,90311881,FUZETEA,1.50 l,ko,2.25,1.5,,,2.19,5449000239303,PIĆE
LEDENI ČAJ BRESKVA 1.5L FUZETEA,90311883,FUZETEA,1.50 l,ko,2.25,1.5,,,2.19,5449000239280,PIĆE
TIJESTO K PLUS LUMACONI RIGATI PREM 500g,90312372,K PLUS,0.50 kg,ko,1.65,3.3,,,1.65,3850334352484,HRANA
KUKURUZNA RUSTIKA SA KRUŠNE PEĆI 400g,90312404,PEKARA BABIĆ,0.40 kg,ko,2.19,5.48,,,1.99,3858884711751,HRANA
GAZ PIĆE COCA COLA ZERO LIMUN 0.5L,90312920,COCA COLA,0.50 l,ko,1.49,2.98,,,1.45,5449000247964,PIĆE
VODA FUNKC JANA VIT NARANČA 1.5L,90312936,JANA,1.50 l,ko,2.25,1.5,,,1.69,3858890874044,PIĆE
VODA FUNKC JANA VIT NARANČA 0.5L,90312943,JANA,0.50 l,ko,1.49,2.98,,,1.49,3858890874013,PIĆE
PEL KUPANJE PAMPERS 3 6-11kg 12/1,90316310,PAMPERS,12.00 ko,ko,10.59,0.88,,,10.59,8001090698346,TOALETNE POTREPŠTINE
NAREZAK POLI CLASSIC 150g PERUTNINA,90316866,POLI,0.15 kg,ko,2.49,16.6,,,2.49,3838977012897,HRANA
KULEN 80g NAR PODRAVKA,90316888,PODRAVKA,0.08 kg,ko,2.75,34.38,,,2.59,3856020213244,HRANA
ČAJNA 80g NAR PODRAVKA,90316894,PODRAVKA,0.08 kg,ko,2.75,34.38,,,1.95,3856020213121,HRANA
KRUH BIJELI BEZ GL 250g SCHAR,90317229,DR SCHAR,0.25 kg,ko,3.09,12.36,,,2.89,8008698024065,HRANA
SV MARINIRANA REBRA PIKANT RAWSTILJ,90317230,RAW ŠTILJ,1.00 kg,kg,9.09,9.09,,,9.69,3850139442182,HRANA
KAVA JUBIL SENS VAK MLJ 250g FRANCK,90317314,JUBILARNA,0.25 kg,ko,6.69,26.76,,,6.69,3858881088658,HRANA
KAVA JUBIL INTEN VAK MLJ 250g FRANCK,90317326,JUBILARNA,0.25 kg,ko,6.69,26.76,,,6.69,3858881088641,HRANA
VODA SMART WATER 0.6L PET,90319366,SMART,0.60 l,ko,1.55,2.58,,,1.55,5449000034335,PIĆE
KOBASICA DOMAĆA DIMLJENA 300g VAK PIK,90319514,PIK,0.30 kg,ko,5.59,18.63,,,5.59,3850139173512,HRANA
ULJE U SPREJU NIVEA SUN S KAROTENOM 200ml,90319639,NIVEA,0.20 l,ko,16.79,83.95,,,16.79,4005900478566,KOZMETIKA
WHISKEY JIM BEAM  & Cola 0.33 L,90319735,JIM BEAM,0.33 l,ko,3.39,10.27,,,3.39,5060045581280,PIĆE
NAMAZ LINO LADA GOLD 350g PODRAVKA,90319741,LINO LADA,0.35 kg,ko,4.99,14.26,,,4.99,3856020213572,HRANA
PRŠUT RUŽA NAR 500g MAP PISINIUM,90319748,PISINIUM,0.50 kg,ko,20.99,41.98,,,20.49,3858884936444,HRANA
ZIMSKA 80g NAR PODRAVKA,90319775,PODRAVKA,0.08 kg,ko,2.75,34.38,,,2.59,3856020213183,HRANA
ČIPS S TARTUFIMA 50g ZIGANTE,90320102,ZIGANTE,0.05 kg,ko,3.99,79.8,,,3.99,3858891980256,HRANA
PILEĆI FILE NA ŠTAPIĆU 400g,90320267,PIKNIK,0.40 kg,ko,6.49,16.23,,,6.49,3838977024012,HRANA
GIN GORDONS PINK 0.7L,90320401,GORDON'S,0.70 l,ko,26.99,38.56,,,26.99,5000289929417,PIĆE
KRUH SKANDINAVSKI 700g MLINAR,90320585,MLINAR,0.70 kg,ko,3.69,5.27,,,3.69,3858881122512,HRANA
LINZER VIŠNJA 500g K PLUS,90320621,K PLUS,0.50 kg,ko,4.99,9.98,,,4.99,3850334325860,HRANA
TUNJ SALATA DALMATINA 160g EVA,90320977,EVA,0.16 kg,ko,5.39,33.69,,,5.39,3856020217617,HRANA
TUNJ SALATA MEXICANA 160g EVA,90320980,EVA,0.16 kg,ko,5.39,33.69,,,5.39,3856020218126,HRANA
TUNJ SALATA KUS KUS 160g EVA,90320986,EVA,0.16 kg,ko,5.39,33.69,,,5.39,3856020217730,HRANA
KEKS OREO DOUBLE 157g,90321322,OREO,0.16 kg,ko,2.75,17.52,,,2.75,7622210148483,HRANA
ŠUNKA DALMAT SUHA NAR 100g MAP PIVAC,90325041,PIVAC,0.10 kg,ko,4.19,41.9,,,4.19,3858890183917,HRANA
NAPITAK HIDRA ISO 0.5L,90325312,HIDRA,0.50 l,ko,1.65,3.3,,,1.55,3850131005118,PIĆE
GRISSINI SEZAM 125g AMOR DI PANE,90325467,AMOR DI PANE,0.13 kg,ko,1.59,12.72,,,1.59,8005803010661,HRANA
GRISSINI CLASSIC 125g AMOR DI PANE,90325478,AMOR DI PANE,0.13 kg,ko,1.59,12.72,,,1.59,8005803010357,HRANA
KOKOSOVA VODA 0.32L LIM,90330549,COCONAUT WATER,0.32 l,ko,2.85,8.91,,,2.85,8936020052533,PIĆE
PIVO STELLA ARTOIS 4PACK LIM 0.5L,90330621,STELLA ARTOIS,2.00 l,ko,7.99,4,,,7.69,3850131483374,PIĆE
GIN BEEFEATER PINK 0.7l,90330864,BEEFEATER,0.75 l,ko,27.49,36.65,,,26.99,5000299605950,PIĆE
PUREĆA KRILA CIJELA  DP VINDIJA cca 1750g,90331477,VINDON,1.00 kg,kg,2.49,2.49,,,2.49,3850339405024,HRANA
PUREĆI BATAK DP VINDIJA cca 1800g,90331502,VINDON,1.00 kg,kg,5.39,5.39,,,5.39,3850339404027,HRANA
MASLAC 250g DEUTSCHE MARKENBUT,90331882,DEUTSCHE MARKENBUTTER,0.25 kg,ko,2.99,11.96,,,2.99,4033854001677,HRANA
ČETKICA CURAPROX CS 1560 SOFT,90332145,CURAPROX,1.00 ko,ko,7.49,7.49,,,7.49,7612412156003,KOZMETIKA
PIVO HEINEKEN ZERO LIMENKA 0.33L,90334663,HEINEKEN,0.33 l,ko,1.69,5.12,,,1.69,3830054841802,PIĆE
PUREĆI ODRESCI OD FILEA PRSA 400g VINDIJA,90334866,VINDON,0.40 kg,ko,8.09,20.23,,,8.09,3850339402139,HRANA
KAŠICA FRUTEK MARELICA ŽITARICE 100g,90335479,FRUTEK,0.10 kg,ko,1.65,16.5,,,1.65,3838945035026,HRANA
KRUH SA SJEMENKAMA 410g MLINAR,90339890,MLINAR,0.41 kg,ko,2.29,5.59,,,2.19,3858889890567,HRANA
GEL TUŠ L'ANGELICA PAMUK 500ml,90341608,L ANGELICA,0.50 l,ko,4.09,8.18,,,4.09,8017331077061,KOZMETIKA
GEL TUŠ L'ANGELICA MAKAD 500ml,90341617,L ANGELICA,0.50 l,ko,4.09,8.18,,,4.09,8017331077085,KOZMETIKA
GEL TUŠ L'ANGELICA ARGAN 500ml,90341637,L ANGELICA,0.50 l,ko,4.09,8.18,,,4.09,8017331077122,KOZMETIKA
MAJONEZA K PLUS 85g VREĆ,90341985,K PLUS,0.09 kg,ko,0.75,8.82,,,0.83,3850334341426,HRANA
MLIJEKO ALPSKO BEZ LAK 3.5% 1L DUKAT,90342096,LJUBLJ.MLEK.,1.00 l,ko,2.75,2.75,,,2.75,3838800059709,HRANA
VANILIN KIFILICE 400g VOPEX,90342157,PEKARNA JURE,0.40 kg,ko,3.59,8.98,,,3.59,3830056440348,HRANA
KOLAČ LINCER 400g VOPEX,90342163,PEKARNA JURE,0.40 kg,ko,3.69,9.23,,,3.69,3830042310945,HRANA
KREKER SLANI 80g ELEPHANT,90342947,ELEPHANT,0.08 kg,ko,1.25,15.63,,,1.25,5949040201044,HRANA
KREKER SEZAM 80g ELEPHANT,90343005,ELEPHANT,0.08 kg,ko,1.25,15.63,,,1.25,5949040201068,HRANA
VREĆICA ZAMR HD 3L 38/1 F&P,90344726,FRESH&PACK,38.01 ko,ko,1.05,0.03,,,1.05,3850334009685,PROIZVODI ZA KUĆANSTVO
PAPRIKE CHERRY PUNJE SIR 210/110G MEGGLE,90344951,MEGGLE,0.11 kg,ko,5.29,48.09,,,5.29,8606108738801,HRANA
PUREĆI FILE OD PRSA 750g,90345139,VINDON,0.75 kg,ko,14.19,18.92,,,14.19,3850339402597,HRANA
ULJE MASLIN EX DJEV 0.25L OL ISTRIA,90346264,OL ISTRIA,0.25 l,ko,11.59,46.36,,,10.59,3858881192485,HRANA
ULJE MASLIN EX DJEV 0.5L OL ISTRIA,90346270,OL ISTRIA,0.50 l,ko,19.79,39.58,,,17.99,3858881192706,HRANA
KRUH SELJAČKI PAK 600g BRIOŠ,90349185,BRIOŠ,0.60 kg,ko,2.29,3.82,,,2.29,3859894260369,HRANA
KREMA BAD ZA UČVRŠĆ ZUBI REG 47g,90351063,BLEND-A-DENT,0.05 kg,ko,6.59,140.21,,,6.59,8001841900483,KOZMETIKA
MARGARIN 60% K PLUS 250g,90352815,K PLUS,0.25 kg,ko,0.7,2.8,,,0.97,3850334268532,HRANA
KEKS MOTO KAKAO 4/1 192g,90352908,MOTO,0.19 kg,ko,2.49,12.97,,,1.79,3850102522880,HRANA
JOGURT VOĆ MIX 150g DUKAT,90354070,DUKAT,0.15 kg,ko,0.67,4.47,,,0.67,3850354012429,HRANA
ODREZAK PIL I PUR MESO SA ŠPINATOM 440g,90354096,AIA,0.44 kg,ko,2.99,6.79,,,3.89,8008110013417,HRANA
SIR POLU CHEDDAR MATURE 200g,90354118,PRESIDENT,0.20 kg,ko,5.39,26.95,,,5.39,5017838821658,HRANA
JADRANSKA KOZICA OČIŠĆENA 250g,90356833,ADRIA MARE,0.25 kg,ko,8.19,32.76,,,8.19,3856023602366,HRANA
KEKS PIŠKOTE DULCETTI 400g,90356870,DULCETTI,0.40 kg,ko,1.75,4.38,,,1.75,3838900842331,HRANA
DEO OLD SPICE WHITEWATER 150ml,90360003,OLD SPICE,0.15 l,ko,6.19,41.27,,,6.19,4084500479821,KOZMETIKA
CROISSANT 7DAYS MIDI VAN COOKIES 60g,90360278,CHIPITA,0.06 kg,ko,1.05,17.5,,,1.05,7622201391614,HRANA
CROISSANT 7DAYS MIDI LJEŠNJAK COOKIE 60g,90360281,CHIPITA,0.06 kg,ko,1.05,17.5,,,1.05,7622201392055,HRANA
SLAD GELATISSIMO BOURBON VANIL 2.4l,90360361,GELATISSIMO,2.40 l,ko,5.59,2.33,,,5.59,3850334433787,HRANA
MLIJEKO OLEA SPF15 200ml,90360460,OLEA,0.20 l,ko,6.49,32.45,,,6.49,3850334153722,KOZMETIKA
MLIJEKO OLEA SPF20 200ml,90360474,OLEA,0.20 l,ko,6.89,34.45,,,6.89,3850334153746,KOZMETIKA
MLIJEKO OLEA SPF30 200ml,90360478,OLEA,0.20 l,ko,7.49,37.45,,,7.49,3850334153760,KOZMETIKA
MLIJEKO OLEA POSLIJE SUN 200ml,90360482,OLEA,0.20 l,ko,3.69,18.45,,,3.69,3850334153791,KOZMETIKA
ULJE OLEA SPF6 SPRAY 200ml,90360488,OLEA,0.20 l,ko,7.49,37.45,,,7.49,3850334153814,KOZMETIKA
MLIJEKO OLEA SPF15 SPRAY 200ml,90360495,OLEA,0.20 l,ko,7.49,37.45,,,7.49,3850334153838,KOZMETIKA
MLIJEKO OLEA SPF30 SPRAY 200 ml,90360508,OLEA,0.20 l,ko,8.09,40.45,,,8.09,3850334153852,KOZMETIKA
MLIJEKO OLEA DJ F30 SPRAY 200ml,90360513,OLEA,0.20 l,ko,9.99,49.95,,,9.99,3850334153876,KOZMETIKA
MLIJEKO OLEA DJEČJ SPF50 200ml,90360515,OLEA,0.20 l,ko,8.69,43.45,,,8.69,3850334153890,KOZMETIKA
SLAD LINO LADA 90ml LEDO,90360675,LEDO,0.09 l,ko,2.45,27.22,,,2.45,3850116007328,HRANA
AFRODITA SUN CARE PEKMEZ FAST TANING 200ml,90360768,AFRODITA,0.20 l,ko,18.79,93.95,,,18.79,3831070652601,KOZMETIKA
SUN TEKUĆI KRALJEVSKI PEKMEZ BIOBAZA 250ml,90360814,BIOBAZA,0.25 l,ko,17.39,69.56,,,17.39,3856020903824,KOZMETIKA
PEL PAMPERS PREMIUM JP S4 68/1,90360921,PAMPERS,68.03 ko,ko,31.99,0.47,,,31.99,8001841104959,TOALETNE POTREPŠTINE
PEL PAMPERS PREMIUM JP S5 58/1,90360926,PAMPERS,58.01 ko,ko,31.99,0.55,,,31.99,8001841104997,TOALETNE POTREPŠTINE
PIVO PAN ZLATNI 2 L PET,90360967,PAN,2.00 l,ko,4.29,2.15,,,4.29,3858887580675,PIĆE
NEG PIĆE FUZE TEA ZERO PASFRT 1.5L,90361045,FUZETEA,1.50 l,ko,2.25,1.5,,,2.19,5449000269478,PIĆE
LEDENI ČAJ FUZE TEA ZERO PASFRT 0.5l,90361073,FUZETEA,0.50 l,ko,1.55,3.1,,,1.55,5449000269461,PIĆE
GAZ PIĆE FANTA ORANGE ZERO 0.5L PET,90361106,FANTA,0.50 l,ko,1.49,2.98,,,1.45,5449000139382,PIĆE
GAZ PIĆE FANTA ORANGE 0.33L,90361114,FANTA,0.33 l,ko,1.35,4.09,,,1.35,5449000322241,PIĆE
ČEŠNJOVKA 300g VAK,90361687,PIK,0.30 kg,ko,5.59,18.63,,,5.59,3850139180046,HRANA
MLIJEKO BEZ LAKTOZE 2.8% 0.2L VINDIJA,90361910,Z BREGOV,0.20 l,ko,0.73,3.65,,,0.73,3850108023558,HRANA
ŠUNKA KUHANA NAR 110g NEGRONI,90362490,NEGRONI,0.11 kg,ko,3.89,35.36,,,3.69,8028257011497,HRANA
PRŠUT PARMA NAR 80g NEGRONI,90362493,NEGRONI,0.08 kg,ko,5.59,69.88,,,5.39,8028257008312,HRANA
SALAMA MILANO NAR 100g NEGRONI,90362497,NEGRONI,0.10 kg,ko,4.19,41.9,,,4.09,8028257008244,HRANA
MORTADELA STELLA NAR 100g NEGRONI,90362499,NEGRONI,0.10 kg,ko,2.85,28.5,,,2.75,8028257011473,HRANA
KAVA DOLCE GUSTO ESPRESS INT 16/1 112g,90362604,DOLCE GUSTO,0.11 kg,ko,8.09,72.23,,,8.09,7613036867436,HRANA
PEDIGREE SCHMACKOS 86g,90362669,PEDIGREE,0.09 kg,ko,2.75,31.98,,,2.75,5010394004435,PROIZVODI ZA KUĆANSTVO
SIMPLY VENUS3 MULTICOL JEDNOKR BRIJAČI 6kom,90362777,VENUS,6.00 ko,ko,9.29,1.55,,,9.29,7702018426201,KOZMETIKA
NAMAZ KIKIRIKI MASLAC K PLUS 350g,90362818,K PLUS,0.35 kg,ko,3.69,10.54,,,3.69,3850334153913,HRANA
GAZ PIĆE COCKTA FREE 1.5L,90362860,COCKTA,1.50 l,ko,2.35,1.57,,,2.19,3838471037037,PIĆE
PILEĆI RAŽNJIĆI 400g,90363035,PIKNIK,0.40 kg,ko,6.49,16.23,,,6.49,3838977035131,HRANA
KAVA FRANCK COFFEE&GO ORIG 9g,90363398,FRANCK,0.01 kg,ko,0.57,63.33,,,0.39,3850291049281,HRANA
PARIZER PILEĆI JELI 350g,90363408,JELI,0.35 kg,ko,2.25,6.43,,,2.25,3858881224124,HRANA
KRUH KALNIČKI 600g MLINAR,90363457,MLINAR,0.60 kg,ko,2.35,3.92,,,2.35,3858881121706,HRANA
KRUH KALNIČKI PAK 600g MLINAR,90363458,MLINAR,0.60 kg,ko,2.55,4.25,,,2.55,3858881127371,HRANA
ČETKICA ELMEX UL SOFT SINGLE,90363666,ELMEX,1.00 ko,ko,6.79,6.79,,,6.49,8718951187658,KOZMETIKA
SLAD LEDO M6 BOX KORNET 660ML,90363675,LEDO,0.66 l,ko,6.09,9.23,,,6.09,3850116008622,HRANA
KIKIRIKI LJUSKA G GOOD SUHO PRŽ 400g,90363718,GARDEN GOOD,0.40 kg,ko,2.85,7.13,,,2.75,3838900956977,HRANA
BRUSNICA GARDEN GOOD SUHA 180g,90363722,GARDEN GOOD,0.18 kg,ko,2.75,15.28,,,2.09,3838900956984,HRANA
GRAH GARDEN GOOD ŠARENI 500g,90363732,GARDEN GOOD,0.50 kg,ko,2.25,4.5,,,2.25,3838900957028,HRANA
ĐUMBIR KOCKA GARDEN GOOD 180g,90363737,GARDEN GOOD,0.18 kg,ko,2.49,13.83,,,2.49,3838900958469,HRANA
KUKURUZ KOKIČAR GARDEN GOOD 400g,90363739,GARDEN GOOD,0.40 kg,ko,1.09,2.73,,,1.09,3838900958728,HRANA
LEĆA GARDEN GOOD ZELENA 500g,90363742,GARDEN GOOD,0.50 kg,ko,1.99,3.98,,,1.99,3838900957103,HRANA
BADEM JEZGRA GARDEN GOOD 180g,90363749,GARDEN GOOD,0.18 kg,ko,3.39,18.83,,,2.29,3838900957059,HRANA
MARELICA GARDEN GOOD SUHA 180g,90363751,GARDEN GOOD,0.18 kg,ko,3.09,17.17,,,3.09,3838900958483,HRANA
BRUSNICA ORAH IND GARD GOOD MIX 180g,90363753,GARDEN GOOD,0.18 kg,ko,3.59,19.94,,,2.89,3838900958490,HRANA
STUDENTSKI MIX GARDEN GOOD 180g,90363755,GARDEN GOOD,0.18 kg,ko,3.99,22.17,,,3.39,3838900958506,HRANA
ORAH JEZGRA GARDEN GOOD 150g,90363758,GARDEN GOOD,0.15 kg,ko,2.25,15,,,2.25,3838900958544,HRANA
GROŽĐICA GARDEN GOOD SUHA 180g,90363768,GARDEN GOOD,0.18 kg,ko,1.59,8.83,,,1.35,3838900958551,HRANA
BUNDEVA JEZGRA SJEM GARDEN GOOD 150g,90363770,GARDEN GOOD,0.15 kg,ko,1.85,12.33,,,1.75,3838900956892,HRANA
STUDENTSKI MIX GARD GOOD SLANI 180g,90363779,GARDEN GOOD,0.18 kg,ko,2.85,15.83,,,2.25,3838900958568,HRANA
KIKIRIKI GARD GOOD SUH PRŽ NESL 180g,90363782,GARDEN GOOD,0.18 kg,ko,1.55,8.61,,,1.49,3838900802434,HRANA
PISTACIO SUHO PRŽ SL HRUSTY 200g,90363787,HRUSTY,0.20 kg,ko,5.69,28.45,,,4.99,3850334154187,HRANA
SOK OD LIMUNA 200ml LIMMI,90363807,LIMMI,0.20 l,ko,1.75,8.75,,,1.75,8020542111134,HRANA
VODA FUNKC JANA VIT REFRESH 0.5L,90363930,JANA,0.50 l,ko,1.49,2.98,,,1.49,3858890874570,PIĆE
ŠLJIVA GARDEN GOOD SUHA B/K 200g,90363933,GARDEN GOOD,0.20 kg,ko,1.99,9.95,,,1.85,3838900807859,HRANA
ŠLJIVA GG SUHA SOFT BEZ KONZ BK 200g,90363941,GARDEN GOOD,0.20 kg,ko,2.09,10.45,,,2.09,3838900807873,HRANA
MIX NES 3U1 SMEĐI ŠEĆER 16.5g,90364080,NESCAFE,0.02 kg,ko,0.37,22.42,,,0.37,5941017016415,HRANA
MIX NES CL 2U1 8g,90364103,NESCAFE,0.01 kg,ko,0.37,46.25,,,0.37,59945345,HRANA
VREĆICE ZA LED KOCKICE FINO 240/1,90364682,FINO,240.39 ko,ko,1.55,0.01,,,1.55,5201314981022,PROIZVODI ZA KUĆANSTVO
KRUH KALUPINO PAK 500g BRIONKA,90364950,BRIONKA,0.50 kg,ko,2.19,4.38,,,2.19,3858883007268,HRANA
KRUH KALUP PAK 600g BRIOŠ,90364951,BRIOŠ,0.60 kg,ko,2.25,3.75,,,2.25,3859894260116,HRANA
KRUH CVIJET PAK 500g BRIOŠ,90364954,BRIOŠ,0.50 kg,ko,2.19,4.38,,,2.19,3859894260079,HRANA
PRŠUT NAREZAK 200g PIVAC,90364988,PIVAC,0.20 kg,ko,7.69,38.45,,,5.79,3858884994765,HRANA
VODA DEST DAX 1L ISKRA,90365059,DAX,1.00 l,ko,0.87,0.87,,,0.87,3850334183415,SREDSTVA ZA ČIŠĆENJE
KOLAČ OBLATNE S KREMOM 270g,90365068,GRANNY VIKKY,0.27 kg,ko,4.69,17.37,,,3.99,3859889660204,HRANA
GIN SAX ORIGINAL  0.7L,90365070,SAX,0.70 l,ko,14.79,21.13,,,14.79,3850112142894,PIĆE
VODKA VIGOR ORIGINAL 0.7L,90365090,VIGOR,0.70 l,ko,10.99,15.7,,,10.99,3850112142115,PIĆE
VODKA VIGOR ORIGINAL 1L,90365094,VIGOR,1.00 l,ko,14.79,14.79,,,14.79,3850112142993,PIĆE
DET LIKVI ULTRA FRESH 450ml,90365160,LIKVI,0.45 l,ko,1.65,3.67,,,1.39,3850105170101,SREDSTVA ZA ČIŠĆENJE
PECIVO HOT DOG 4/1 250g EMMECI,90365875,EMMECI PANE,0.25 kg,ko,1.65,6.6,,,1.65,8033928830147,HRANA
PECIVO HAMB SEZAM 6/1 300g EMMECI,90365880,EMMECI PANE,0.30 kg,ko,1.65,5.5,,,1.65,8033928830239,HRANA
PITA S JABUKAMA 500g K PLUS,90366020,K PLUS,0.50 kg,ko,4.99,9.98,,,4.99,3850334189233,HRANA
SOK 100% JABUKA 1L ČEP,90366067,VINDI,1.00 l,ko,2.49,2.49,,,2.49,3850108076776,PIĆE
JUHA KREM OD GLJIVA 20g FINI MINI,90369850,FINI MINI,0.02 kg,ko,0.99,49.5,,,0.99,3856020230982,HRANA
JOGURT Z BREGOV TTOP 2.8% 200g,90370119,Z BREGOV,0.20 kg,ko,0.49,2.45,,,0.49,3850108032505,HRANA
LIGNJA PATAGONICA CIJELA 500g WOFCO,90370513,WOFCO,0.50 kg,ko,9.09,18.18,,,9.09,8436565910461,HRANA
BUĐOLA NAREZAK 80g MA PIK,90370525,PIK VRBOVEC,0.08 kg,ko,3.39,42.38,,,3.39,3850139181173,HRANA
SIR TVRDI KRAVLJI 1/4 DŽIUGAS,90370541,DŽIUGAS,1.00 kg,kg,16.59,16.59,,,16.59,,HRANA
VODA FUNKC JANA VIT REFRESH 1.5L,90373162,JANA,1.50 l,ko,2.25,1.5,,,2.25,3858890874686,PIĆE
BOMBON KAR KIKI TUTTI FRUTTI 100g,90373544,KIKI,0.10 kg,ko,1.59,15.9,,,1.59,3850102516704,HRANA
BOMBON KAR KIKI PLUS C 100g,90373546,KIKI,0.10 kg,ko,1.59,15.9,,,1.59,3850102005871,HRANA
ORAH INDIJSKI GARDEN GOOD 180g,90377248,GARDEN GOOD,0.18 kg,ko,2.59,14.39,,,2.59,3838900958537,HRANA
KEKS NUTELLA BISCUITS 304g,90377751,FERRERO,0.30 kg,ko,5.99,19.7,,,5.49,8000500310427,HRANA
PISTACIO VEDRINI 150g,90377883,VEDRINI,0.15 kg,ko,5.39,35.9,,,4.39,3858889332265,HRANA
PUREĆI KOTLET MINIPAK CCA 500g,90377918,VINDON,1.00 kg,kg,14.79,14.79,,,14.79,3850339402900,HRANA
SLAD PLAZMA SENDVIČ 129ml LEDO,90378017,LEDO,0.13 l,ko,2.59,20.08,,,2.45,3850116033983,HRANA
MJEŠAVINA QUINOA 400g LEDO,90378067,LEDO,0.40 kg,ko,3.59,8.98,,,3.59,3850116034041,HRANA
SIR TVRDI CLASSIC MIX NA PODL 100g,90380124,PAŠKA SIRANA,0.10 kg,ko,4.39,43.9,,,3.89,3859892884697,HRANA
LIKER AMARO 18 ISOLABELLA 0.7L,90380510,AMARO 18,0.70 l,ko,14.59,20.84,,,14.59,8001110017034,PIĆE
LIKER CAMPARI 0.7L,90380765,CAMPARI,0.70 l,ko,24.99,35.7,,,24.99,8000040001106,PIĆE
PECIVO VIŠEZRNATO S POSIPOM 120g BRIONKA,90381160,BRIONKA,0.12 kg,ko,0.89,7.42,,,0.89,3858883006889,HRANA
KRUH BANANA PAK 500g BRIONKA,90381163,BRIONKA,0.50 kg,ko,2.25,4.5,,,2.25,3858892200377,HRANA
MLIJEKO UHT 0.9% MM 1L TE,90381451,Z BREGOV,1.00 l,ko,1.95,1.95,,,1.95,3850108021592,HRANA
MLIJEKO UHT 2.8% MM 1L TE,90381469,Z BREGOV,1.00 l,ko,1.02,1.02,,,1.02,3850108020908,HRANA
KEKS BELVITA SOFT PUNJ ČOK 250g,90381682,BELVITA,0.25 kg,ko,4.19,16.76,,,4.19,7622210591203,HRANA
DESERT KINDER CHOCO FRESH T2X12 41g,90381916,FERRERO,0.04 kg,ko,1.59,38.78,,,1.49,8000500328545,HRANA
GAZ PIĆE SKY COLA ZERO 2L,90382323,SKY,2.00 l,ko,2.25,1.13,,,2.25,3875000181656,PIĆE
NAPITAK POWERADE CITRUS 0.5L,90382417,POWERADE,0.50 l,ko,2.05,4.1,,,2.05,54492806,PIĆE
PIVO OŽUJSKO 4X0.5L SUPER PONUDA,90382578,OŽUJSKO,2.00 l,ko,6.89,3.45,,,6.69,3850131986011,PIĆE
DESERT RIŽA NA MLIJEKU 200g,90382640,ZOTT,0.20 kg,ko,1.09,5.45,,,1.05,4014500516950,HRANA
ORADA LL SVJ PAK KONZUM,90382778,KONZUM,1.00 kg,kg,15.79,15.79,,,13.19,,HRANA
KREMŠNITA 2/1 PAK 280g MLINAR,90382875,MLINAR,0.28 kg,ko,5.39,19.25,,,4.39,3858889892400,HRANA
VL MARAMICE PAMPERS SENSTI 80/1,90385486,PAMPERS,80.00 ko,ko,3.09,0.04,,,3.09,8001841041421,TOALETNE POTREPŠTINE
KOLAČI MIKS 400g K PLUS,90385617,K PLUS,0.40 kg,ko,5.29,13.23,,,5.29,3850334189585,HRANA
PITA SIRNICA JAMI 900g,90385922,JAMI,0.90 kg,ko,5.19,5.77,,,4.89,3871832018207,HRANA
KUGLOF S JOGURTOM 400g GECCHELE,90385951,GECCHELE,0.40 kg,ko,4.49,11.23,,,4.49,8015854021288,HRANA
ALU FOLIJA FINO 10M,90388278,FINO,10.00 m,ko,3.29,0.33,,,3.29,5900536352046,PROIZVODI ZA KUĆANSTVO
MEDALJONI OD PIL/PUR MESA 430g,90389403,AIA,0.43 kg,ko,3.89,9.05,,,3.89,8008110016395,HRANA
PUDING PROTEIN ČOK 180g VINDIJA,90389420,VINDIJA,0.18 kg,ko,1.59,8.83,,,1.59,3850108040913,HRANA
PUDING PROTEIN VAN 180g VINDIJA,90389423,VINDIJA,0.18 kg,ko,1.59,8.83,,,1.59,3850108040906,HRANA
PALENTA INSTANT 450g ŠAFRAM,90391189,ŠAFRAM,0.45 kg,ko,0.85,1.89,,,0.85,3859890104001,HRANA
NAPITAK HELL ENERGY 0.5l,90391958,HELL,0.50 l,ko,2.15,4.3,,,2.15,5999884034209,PIĆE
KULENOVA SEKA NAR 80G GAVRILOVIĆ,90392398,GAVRILOVIĆ,0.08 kg,ko,2.95,36.88,,,2.95,3858890206463,HRANA
SIR TVRDI MIJEŠANI 230G ŠPIN,90392429,ŠPIN,0.25 kg,ko,10.39,41.56,,,9.99,3858881196551,HRANA
ULJE MASLIN EX DJ TRAD 0.25L ORGULA,90395643,ORGULA,0.25 l,ko,4.79,19.16,,,5.39,3859890446026,HRANA
KIKIRIKI VREĆ 250g FRANCK,90396642,CHIO,0.25 kg,ko,3.39,13.56,,,3.39,3856021302190,HRANA
KEKS BELVITA ČOKOLADA 225g,90400379,BELVITA,0.23 kg,ko,2.69,11.96,,,2.69,7622210899316,HRANA
KEKS BELVITA LJEŠNJAK MED 225g,90400381,BELVITA,0.23 kg,ko,3.39,15.07,,,3.39,7622210899255,HRANA
TORTELLINI RICCOTA ŠPINAT 250g NAŠE K,90400510,AURELIA,0.25 kg,ko,3.59,14.36,,,3.59,3859892780692,HRANA
PRŠUT DALM NAR 100g BARIĆ,90400848,BARIĆ,0.10 kg,ko,4.99,49.9,,,4.59,3859892323097,HRANA
DVOPEK CLASSIC 320g MLINAR,90400859,MLINAR,0.32 kg,ko,2.99,9.34,,,2.99,3858881120891,HRANA
DVOPEK INTEGRALNI 320g MLINAR,90400862,MLINAR,0.32 kg,ko,2.99,9.34,,,2.99,3858881120792,HRANA
KEKS FINESSE  ZLATNI KOLUTIĆI 400g,90400935,FINESSE,0.40 kg,ko,2.25,5.63,,,2.25,3850334152732,HRANA
NAPITAK SOJA ORGINAL 1L ALPRO,90401360,ALPRO,1.00 l,ko,3.79,3.79,,,3.79,5411188543381,HRANA
ŠTAPIĆI HRUSTY KIKIRIKI 200G,90401871,HRUSTY,0.20 kg,ko,1.25,6.25,,,1.25,3850334055248,HRANA
BRIJAČ GILL BLUE3  6+2KOM LIGA PRVAKA,90402225,GILLETTE,8.00 ko,ko,10.98,1.37,,,10.98,7702018531783,KOZMETIKA
PIVO OŽUJSKO 6x0.50l LIM,90402959,OŽUJSKO,3.00 l,ko,9.99,3.33,,,9.59,3850131005682,PIĆE
PIVO KARLOVAČKO LAGER 2l,90403527,KARLOVAČKO,2.00 l,ko,4.69,2.35,,,4.59,3850103902162,PIĆE
CIDER STARI LISAC 0.5 L LIM,90403541,STARI LISAC,0.50 l,ko,1.99,3.98,,,1.95,3850103902117,PIĆE
CIDER SOMERSBY LUBENICA 0.5L LIM,90403573,SOMERSBY,0.50 l,ko,2.25,4.5,,,2.25,3858887583393,PIĆE
PIVO ISTARSKO GOLD 0.33l NB,90403679,ISTARSKO,0.33 l,ko,1.79,5.42,,,1.79,3850172202095,PIĆE
PIVO ISTARSKO MUŠKAT 0.33l NB,90403686,ISTARSKO,0.33 l,ko,1.79,5.42,,,1.79,3850172202637,PIĆE
KOLAČ BROWNIE 75g JAFFA,90403864,JAFFA,0.08 kg,ko,1.25,16.67,,,1.25,8600114009160,HRANA
FLIPS POM BAR PAPRIKA 50g,90404064,POM BAR,0.05 kg,ko,1.49,29.8,,,1.49,3856021302732,HRANA
COCKTAIL GORBAT RTD SEXON 0.33L,90404605,GORBATSCHOW,0.33 l,ko,3.59,10.88,,,3.59,4003310017474,PIĆE
FLIPS POM BAR ORIGINAL 50g,90404630,POM BAR,0.05 kg,ko,1.49,29.8,,,1.49,3856021302718,HRANA
COCKTAIL RTD BEEFEATER PINK GIN 0.25L,90404659,BEEFEATER,0.25 l,ko,3.19,12.76,,,3.09,5000299618448,PIĆE
COCKTAIL RTD BEEFEATER GIN&TON 0.25L,90404684,BEEFEATER,0.25 l,ko,3.19,12.76,,,3.09,5000299618431,PIĆE
NAPITAK PROTEIN ČOK KIK MASL UHT 0.5L VINDIJA,90404989,Z BREGOV,0.50 l,ko,3.09,6.18,,,3.09,3850108023688,HRANA
GURMANSKA MJEŠAVINA 150 grama,90405027,KORA,0.15 kg,ko,1.79,11.92,,,1.55,3858893250531,HRANA
MAJONEZA TUBA KETCH MAJON 165g ZVIJEZDA,90405154,ZVIJEZDA,0.17 kg,ko,3.09,18.73,,,2.99,3856015321275,HRANA
ISTARSKA KOBASICA 200g HISTRIS,90405195,HISTRIS,0.20 kg,ko,9.09,45.45,,,7.39,3859893167379,HRANA
ISTARSKA KOBASICA S TARTUF 200g HISTRIS,90405201,HISTRIS,0.20 kg,ko,11.59,57.95,,,9.59,3859893167447,HRANA
OMBOLO SUHI 80g HISTRIS,90405214,HISTRIS,0.08 kg,ko,4.79,59.88,,,4.39,3859893167102,HRANA
PANCETA ISTARSKA 80g HISTRIS,90405216,HISTRIS,0.08 kg,ko,4.19,52.38,,,3.79,3859893167249,HRANA
CEDEVITA FRESH NARANČA 0.34L,90405338,CEDEVITA,0.34 l,ko,1.49,4.38,,,1.45,3850322013366,PIĆE
CEDEVITA FRESH LIMUN 0.34L,90405340,CEDEVITA,0.34 l,ko,1.49,4.38,,,1.45,3850322013380,PIĆE
CORNFLAKES SANTE 500g VR,90405577,SANTE,0.50 kg,ko,3.49,6.98,,,2.19,5900617031457,HRANA
SNACK OD SIRA SA ZAČ AZUR OBALE 100g,90405660,ILE DE FRANCE,0.10 kg,ko,4.79,47.9,,,4.79,3480341002692,HRANA
KRUH ISTARSKI PAK 600g PIK RIJEKA,90405726,PIK RIJEKA,0.60 kg,ko,2.09,3.48,,,1.89,3850135221521,HRANA
SOK NARANČA 100% MINUTE 1L,90405741,MINUTE,1.00 l,ko,4.29,4.29,,,4.29,3838900949092,PIĆE
PRŠUT NAREZAK 250g PISINIUM,90405848,PISINIUM,0.25 kg,ko,10.39,41.56,,,9.59,3858884937335,HRANA
ZAČINSKO BILJE DALMATI 14g VR KOTANY,90405941,KOTANYI,0.01 kg,ko,1.45,103.57,,,1.45,9001414218037,HRANA
SLAD BEN & JERRY COOKIE DOUGH 465ml,90406108,BEN & JERRY'S,0.47 l,ko,10.99,23.63,,,10.99,8711327373105,HRANA
SLAD BEN & JERRY HALF BAKED 465ml,90406111,BEN & JERRY'S,0.47 l,ko,10.99,23.63,,,10.99,8711327371002,HRANA
LOSION NIV SUN SENS POS SUN 175ml,90406381,NIVEA,0.18 l,ko,13.79,78.8,,,13.79,4005900702630,KOZMETIKA
PECIVO SA SJEMENKAMA 5/1 250g MLINAR,90406410,MLINAR,0.25 kg,ko,1.85,7.4,,,1.45,3858881126046,HRANA
ŽEMLJA 5/1 300g MLINAR,90406411,MLINAR,0.30 kg,ko,1.85,6.17,,,1.45,3858881126473,HRANA
PECIVO BIJELO 5/1 250g MLINAR,90406415,MLINAR,0.25 kg,ko,1.85,7.4,,,1.45,3858881122741,HRANA
UMAK BOLOGNESE MINUTE 400g,90406504,MINUTE,0.40 kg,ko,2.85,7.13,,,2.85,3850334130273,HRANA
UMAK BASILICO MINUTE 400g,90406516,MINUTE,0.40 kg,ko,2.85,7.13,,,2.85,3850334130518,HRANA
KRUMPIROVI ŠTAP POMSTICKS PAPRIKA 85g,90406649,LORENZ,0.09 kg,ko,2.75,32.35,,,2.49,4018077821790,HRANA
KAŠICA FRUTEK PIŠKOTI JAB 100g,90406813,FRUTEK,0.10 kg,ko,1.65,16.5,,,1.65,3838945038003,HRANA
VODA MINERALNA SARA 1.5L,90406990,SARA,1.50 l,ko,0.95,0.63,,,0.95,3875000181779,PIĆE
PIĆE NEGAZ ALOE V LOTTE GROŽĐE 0.5L,90407095,LOTTE,0.50 l,ko,2.19,4.38,,,2.19,8801056039660,PIĆE
PIĆE NEGAZ ALOE V LOTTE NATUR 0.5L,90407096,LOTTE,0.50 l,ko,2.19,4.38,,,2.19,8801056091712,PIĆE
JAJA SVJ M 10/1 SLOBODNI UZGOJ POROPAT,90407527,POROPAT,10.00 ko,ko,4.19,0.42,,,4.19,3859892208066,HRANA
JAJA SVJ L 10/1 SLOBODNI UZGOJ POROPAT,90407534,POROPAT,10.00 ko,ko,4.29,0.43,,,4.29,3859892208080,HRANA
TORBA ZA KUPOVINU KONZUM MALA,90407618,K PLUS,1.00 ko,ko,0.83,0.83,,,0.83,3850334129314,PROIZVODI ZA KUĆANSTVO
PIĆE NEGAZ CAPPY LEMONADE 0.4L PET,90407736,CAPPY,0.40 l,ko,1.49,3.73,,,1.49,5449000275639,PIĆE
PIĆE NEGAZ CAPPY MINT LEM 0.4L PET,90407738,CAPPY,0.40 l,ko,1.49,3.73,,,1.49,5449000275677,PIĆE
PIĆE NEGAZ CAPPY LEMONADE 1.25L PET,90407740,CAPPY,1.25 l,ko,2.49,1.99,,,2.49,5000112653779,PIĆE
ŠUNKA U OVITKU 350g GAVRILOVIĆ,90408339,GAVRILOVIĆ,0.35 kg,ko,5.99,17.11,,,5.99,3858892721292,HRANA
PUREĆA PRSA VAKUM CCA 1 kg,90408545,AIA,1.00 kg,kg,12.19,12.19,,,12.19,,HRANA
KAVA LEDENA STARBUCKS CAPPUCC 220ml,90408676,STARBUCKS,0.30 kg,ko,3.29,10.97,,,3.29,5711953166396,HRANA
KAVA LEDENA STARBUCKS CARAMEL 220ml,90408678,STARBUCKS,0.22 l,ko,3.29,14.97,,,3.29,5711953166389,HRANA
SENDVIČ PANE AMORE ŠUNKA SIR 130G,90408710,PANE AMORE,0.13 kg,ko,3.49,26.84,,,3.49,8020693230012,HRANA
KOLAČ MAĐARICA K PLUS 400g,90408852,K PLUS,0.40 kg,ko,4.99,12.48,,,4.79,3850334230027,HRANA
KAVA ESSPR CREMA JM NS 30/1 MULTI  168g,90409314,JULIUS MEINL,0.17 kg,ko,19.39,115.42,,,17.79,9000403979508,HRANA
SENDVIČ PANE AMORE PRŠUT SIR 140G,90409401,PANE AMORE,0.14 kg,ko,3.49,24.93,,,3.49,8020693230050,HRANA
PUREĆA CLASSIC NAR 100g PIK,90409803,PIK,0.10 kg,ko,3.09,30.9,,,2.79,3850139520316,HRANA
PUREĆA DIMLJENA NAR 100g PIK,90409805,PIK,0.10 kg,ko,3.59,35.9,,,3.19,3850139520453,HRANA
SIR TVRDI RIB MIX GRAN AGRIFORM 100g,90409872,AGRIFORM,0.10 kg,ko,2.49,24.9,,,2.35,8003518100516,HRANA
COCKTAIL GORBAT RTD LEMON 0.33L,90409928,GORBATSCHOW,0.33 l,ko,3.59,10.88,,,3.59,4003310014800,PIĆE
CORDON BLUE XXL 980g AIA,90410065,AIA,0.98 kg,ko,7.69,7.85,,,7.69,8008110006686,HRANA
MEDALJONI XXL 800g AIA,90410080,AIA,0.80 kg,ko,7.69,9.61,,,7.69,8008110006761,HRANA
ODRESCI PILEĆEG FILEA  400g AIA,90410126,AIA,0.40 kg,ko,5.89,14.73,,,5.89,8008110001322,HRANA
PILEĆI MINI FILE  400g AIA,90410127,AIA,0.40 kg,ko,5.89,14.73,,,5.89,8008110260705,HRANA
KISELO VRHNJE MILERAM 22% 400g DUKAT,90410318,BRZO&FINO,0.40 kg,ko,3.09,7.73,,,2.99,3850354009900,HRANA
KEKS FINESSE SENDVIČ KAKAO 500g,90410324,FINESSE,0.50 kg,ko,2.49,4.98,,,2.49,3850334190147,HRANA
ŠTRUDLA FINESSE SMOKVA 252g,90410762,FINESSE,0.25 kg,ko,1.35,5.36,,,1.35,3850334230003,HRANA
PAH ZOBENE RISE&SMILE KRUPNE 500g,90410922,RISE&SMILE,0.50 kg,ko,0.99,1.98,,,0.99,3838900820698,HRANA
PAH ZOBENE RISE&SMILE SITNE 500g,90410927,RISE&SMILE,0.50 kg,ko,0.79,1.58,,,0.79,3838900820704,HRANA
ČOKOLADA DORINA NAPOLITANKA 290g,90411107,DORINA,0.29 kg,ko,6.19,21.34,,,4.69,3850102519552,HRANA
ČOKOLADA DORINA NAPOLITANKA 100g,90411114,DORINA,0.10 kg,ko,2.49,24.9,,,2.49,3850102519521,HRANA
PIĆE GAZ FENTIMANS ROSE LEMON 0.2L,90411292,FENTIMANS,0.20 l,ko,2.89,14.45,,,2.89,5029396003896,PIĆE
MJEŠAVINA BULGUR 400g LEDO,90411986,LEDO,0.40 kg,ko,3.59,8.98,,,3.59,3850116036052,HRANA
INDIJSKI ORAŠČIĆ PRŽENI 125g VREĆ NUTLINE,90423480,NUTLINE,0.13 kg,ko,4.89,39.12,,,4.89,3800048188657,HRANA
BOMBONI TIC TAC FRUITY MIX 18g,90423486,FERRERO,0.02 kg,ko,0.99,55,,,0.99,80816652,HRANA
KRUH SRCE 400g PAK TKZ,90423582,TKZ,0.40 kg,ko,1.99,4.98,,,1.99,3858884926070,HRANA
PLODOVI MORA UMAK RAJČICA FROZY 500g,90423738,FROZY,0.50 kg,ko,5.99,11.98,,,5.99,3858891044590,HRANA
PLODOVI MORA UMAK MEDITER FROZY 500g,90423742,FROZY,0.50 kg,ko,5.49,10.98,,,5.49,3858891044606,HRANA
LIKER TERANINO ROSSI 0.5l,90424780,ROSSI,0.50 l,ko,23.99,47.98,,,23.99,3859891585434,PIĆE
COCKTAIL G&J RTD GIN TONIC 0.25L stk,90424851,HERCEGOVINAVINO,0.25 l,ko,2.15,8.6,,,1.79,3870025004188,PIĆE
TJESTENINA NAPOLITANA 160g MINUTE,90424935,MINUTE,0.16 kg,ko,2.09,13.06,,,2.09,3850334239877,HRANA
VODA FUNKC JANA VIT ANTIOX 0.5L,90428070,JANA,0.50 l,ko,1.49,2.98,,,1.49,3858890875638,PIĆE
VODA FUNKC JANA VIT ANTIOX 1.5L,90428073,JANA,1.50 l,ko,2.25,1.5,,,2.25,3858890875607,PIĆE
PANCETA DALM BARIĆ NAR 100g,90428251,OPSKRBA TRAD,0.10 kg,ko,3.69,36.9,,,3.59,3859892323110,HRANA
SLANINA NARESCI 90g DOBRO,90428295,DOBRO,0.09 kg,ko,3.99,44.33,,,3.99,3850133800827,HRANA
FILETI SL INĆUNA U SUNC ULJU 320g PELAGOS ,90432917,PELAGOS,0.32 kg,ko,16.19,50.59,,,16.19,3859893545528,HRANA
SIR TVRDI SNACK MR BOKUNIĆ 100g,90432975,PAŠKA SIRANA,0.10 kg,ko,2.99,29.9,,,2.75,3859892884789,HRANA
PILEĆA LEĐA I HRBAT K PLUS,90433021,K PLUS,1.00 kg,kg,2.79,2.79,,,2.79,3850159118098,HRANA
KAVA LEDENA STARBUCKS FRAPP 250ML,90437980,STARBUCKS,0.25 l,ko,3.59,14.36,,,3.59,5711953136108,HRANA
PIVO LOWENBRAU 4X 0.5L LIM,90442914,LOWENBRAU,2.00 l,ko,4.69,2.35,,,4.59,3850131005750,PIĆE
NAPITAK OD ĐUMBIRA EKO 75ml GREEN,90448242,GREEN IN PACK,0.08 kg,ko,2.55,34,,,2.55,3859894229007,PIĆE
PILEĆA JETRA SA SRCEM K PLUS,90452976,K PLUS,1.00 kg,kg,4.39,4.39,,,4.39,3850159118104,HRANA
PIĆE GAZ PASARETA FERENČIĆ 0.5L,90453654,PASARETA,0.50 l,ko,1.69,3.38,,,1.69,3859889370387,PIĆE
PIĆE GAZ PASARETA FERENČIĆ 1.5L,90453655,PASARETA,1.50 l,ko,2.49,1.66,,,2.49,3859889370004,PIĆE
ČAJ K PLUS KAMILICA 20X1g,90453811,K PLUS,0.02 kg,ko,0.99,49.5,,,1.35,3850334240125,HRANA
JUHA GOVEĐA S REZANC 37g MAGGI,90453971,MAGGI,0.04 kg,ko,0.93,25.14,,,0.93,7613287314949,HRANA
KOCKE ZA POTPALU 48/1 HOME PARAFIN,90457844,HOME,48.01 ko,ko,1.25,0.03,,,1.25,3838900984703,PROIZVODI ZA KUĆANSTVO
PIĆE GAZ T.HENRY CHERRY BLOSS 0.2 L,90462878,THOMAS HENRY,0.20 l,ko,2.65,13.25,,,2.65,4251760800096,PIĆE
ICEBERG RADIČ 220 grama,90468036,KONZUM,0.22 kg,ko,1.79,8.14,,,1.65,3850334240637,HRANA
KOLAČ MEDENA PITA K PLUS 400g ,90468092,K PLUS,0.40 kg,ko,4.99,12.48,,,4.99,3850334385451,HRANA
KOLAČ BIJELA PITA K PLUS 400g,90468093,K PLUS,0.40 kg,ko,4.99,12.48,,,4.99,3850334385512,HRANA
HRENOVKA POLI 260g PERUTNINA,90468593,POLI,0.26 kg,ko,2.49,9.58,,,2.49,3850220153935,HRANA
SIR SVJEŽI KREM ABC FIT 100g,90472808,ABC,0.10 kg,ko,1.69,16.9,,,1.69,3856015324276,HRANA
MED CVJETNI 900g,90472809,SLOVA,0.90 kg,ko,5.69,6.32,,,8.09,3838900986301,HRANA
PIĆE GAZ THOMAS HENRY TONIC WAT 0.2L,90478148,THOMAS HENRY,0.20 l,ko,2.65,13.25,,,2.65,4251760800041,PIĆE
JELO U ČAŠI JAPANSKI KLASIC 93g AJINIMO,90483135,AJINOMOTO,0.09 kg,ko,2.35,25.27,,,2.35,5901384503635,HRANA
JELO U ČAŠI TERIYAKI PILETINA 96g AJINOMOTO,90483192,AJINOMOTO,0.10 kg,ko,2.35,24.48,,,2.35,5901384503642,HRANA
RUM BACARDI SPICED 0.7L,90483941,BACARDI,0.70 l,ko,22.49,32.13,,,21.99,7610113007518,PIĆE
PIĆE NEGAZ ALOE V LOTTE BEZ ŠEĆ 0.5l,90484264,LOTTE,0.50 l,ko,2.19,4.38,,,2.19,8801056094409,PIĆE
MARAMICE VL ASEPSOL FRESH 20/1,90484547,ASEPSOLETA,20.00 ko,ko,2.49,0.12,,,2.19,3856007908439,KOZMETIKA
NAPITAK HIDRA UP 0.5l,90484570,HIDRA,0.50 l,ko,1.65,3.3,,,1.55,3850131005651,PIĆE
SLAD KING DOUBLE 100ml LEDO,90484684,KING,0.10 l,ko,3.49,34.9,,,3.39,3850116037165,HRANA
SLAD KING BREEZE 100ml LEDO,90484685,KING,0.10 l,ko,3.39,33.9,,,3.39,3850116037196,HRANA
PIĆE GAZ SCHWEPPES PINK GRAPEFR 0.5L,90484756,SCHWEPPES,0.50 l,ko,1.75,3.5,,,1.75,5449000089496,PIĆE
COCKTAIL RTD BATIDA ANANAS 0.25L,90484921,BATIDA,0.25 l,ko,3.59,14.36,,,3.59,4003310018181,PIĆE
COCKTAIL RTD BATIDA MARACU 0.25L ,90484923,BATIDA,0.25 l,ko,3.59,14.36,,,3.59,4003310017177,PIĆE
RAKIJA LOZA VINOPLOD 1L ,90484925,VINOPLOD,1.00 l,ko,17.19,17.19,,,17.19,3858892460405,PIĆE
SLAD KING OBSESSION 100ml LEDO,90485069,KING,0.10 l,ko,3.49,34.9,,,3.39,3850116037073,HRANA
SLAD KING CLASSIC LIGHT 100ml LEDO,90485072,KING,0.10 l,ko,3.39,33.9,,,3.39,3850116037134,HRANA
MASLINE CRNE PEČENE 100g SACLA,90485131,SACLA,0.10 kg,ko,3.09,30.9,,,3.09,8001060001404,HRANA
KAPARI U OCTU 200g SACLA,90485200,SACLA,0.11 kg,ko,3.49,31.73,,,3.49,8001060001657,HRANA
KRUH CHIA 400g PAK MLINAR,90485261,MLINAR,0.40 kg,ko,2.59,6.48,,,2.49,3858889894039,HRANA
KRUH HELJDIN 450g PAK MLINAR,90485265,MLINAR,0.45 kg,ko,2.59,5.76,,,2.35,3858889894008,HRANA
JOGURT TEK 2.8% M.M. 1kg KRAVICA,90485369,KRAVICA KRALJICA,1.00 kg,ko,2.75,2.75,,,1.99,3856015324306,HRANA
JOGURT TEK 2.8% M.M. 180g KRAVICA,90485377,KRAVICA KRALJICA,0.18 kg,ko,0.44,2.44,,,0.44,3856015324313,HRANA
MLIJEKO UHT 2.8% M.M. 1L KRAVICA,90485391,KRAVICA KRALJICA,1.00 l,ko,0.94,0.94,,,0.94,3856015324337,HRANA
COCKTAIL JAMESO & GIN.LIME RTD 0.25l,90485635,JAMESON,0.25 l,ko,3.19,12.76,,,3.09,5011007018931,PIĆE
GAZ PIĆE FENTIMANS GINGER BEER 0.2l,90485637,FENTIMANS,0.20 l,ko,2.89,14.45,,,2.89,5029396003872,PIĆE
ČAJ LEDENI JANA MALINA HIBISKUS 0.5l,90485650,JANA,0.50 l,ko,1.49,2.98,,,1.49,3858890876390,PIĆE
KEKS PREKRAŠNI PUNJ NOUGAT 220g,90485660,PREKRAŠNI KOLAČIĆI,0.22 kg,ko,3.19,14.5,,,3.19,3850102011254,HRANA
NAPITAK RED BULL WATERMELON 0.25L,90485717,RED BULL,0.25 l,ko,2.15,8.6,,,2.15,90446016,PIĆE
FUET ORIGINAL 170g ELPOZO,90486167,ELPOZO,0.17 kg,ko,4.99,29.35,,,4.99,8410843079613,HRANA
OM VIOLETA PARADISE 900ml,90486460,VIOLETA,0.90 l,ko,3.19,3.54,,,3.19,3870128026087,SREDSTVA ZA ČIŠĆENJE
BURGER PECIVO RAW ŠTILJ 2x80g,90486563,RAW ŠTILJ,0.16 kg,ko,0.97,6.06,,,0.97,3850334411877,HRANA
SIR TVRDI DALMATINSKI 300g MIH,90486854,SIRANA MIH,0.30 kg,ko,10.59,35.3,,,10.59,3859891700943,HRANA
SIR TVRDI OTOČAN 300g MIH,90486865,SIRANA MIH,0.30 kg,ko,10.59,35.3,,,10.59,3859891700622,HRANA
SIR TVRDI TARTUFIN 300g MIH,90486919,SIRANA MIH,0.30 kg,ko,18.19,60.63,,,18.19,3859891700646,HRANA
ŠTAPIĆI LOLI PAPIRNATI VATENI 100/1,90486969,LOLI,100.00 ko,ko,2.05,0.02,,,2.05,3858890795202,TOALETNE POTREPŠTINE
PANCETA DIMLJENA  200g VP,90487244,PISINIUM,0.20 kg,ko,7.69,38.45,,,7.49,3858884935935,HRANA
SIR MEKI FETA SALAKIS DOP 150g PRESIDENT,90487280,PRESIDENT,0.15 kg,ko,5.19,34.6,,,5.19,3850355006779,HRANA
DALMATINSKI MIX NAR 300g PIVAC,90487368,PIVAC,0.30 kg,ko,10.59,35.3,,,10.59,3858884995021,HRANA
KRUH BESKVASNI KUK MIJEŠ PAK 400g TKZ,90488330,TKZ,0.40 kg,ko,2.05,5.13,,,2.05,3858884928982,HRANA
LJEŠNJAK JEZGRA GARDEN GOOD 180g,90493321,GARDEN GOOD,0.18 kg,ko,4.59,25.5,,,3.69,3838900958452,HRANA
LJEŠNJAK GARD GOOD PEČ JEZGRA 180g,90493322,GARDEN GOOD,0.18 kg,ko,5.69,31.61,,,5.49,3838900958445,HRANA
ORAŠASTO SUHO VOĆE G GOOD MIX 180g,90493323,GARDEN GOOD,0.18 kg,ko,2.79,15.5,,,2.75,3838900958520,HRANA
SUNCOKRET PRŽ SL LJUSKA 150g MOGYI,90493382,MOGYI,0.15 kg,ko,1.29,8.6,,,1.29,5997347542711,HRANA
KOLAČI FINI DOMAĆI 290g MLINAR,90493497,MLINAR,0.29 kg,ko,5.89,20.31,,,5.89,3858889893704,HRANA
ĆUFTE U UMAKU OD RAJČ 400g PODRAVKA,90493732,PODRAVKA,0.40 kg,ko,4.99,12.48,,,4.69,3858886464952,HRANA
POLUTV TRAPIST KOLANJAC 300g MIH,90494014,SIRANA MIH,0.30 kg,ko,8.69,28.97,,,8.69,3859891700615,HRANA
PIKNIK TEXAS KRILCA  500g/4kg,90494224,PIKNIK,0.50 kg,ko,5.19,10.38,,,5.19,3838977041439,HRANA
MIN VODA JAMNICA MILD 1.5L PET,90494676,JAMNICA,1.50 l,ko,1.25,0.83,,,1.25,3858890875577,PIĆE
MIN VODA JAMNICA MILD 0.5L PET,90494684,JAMNICA,0.50 l,ko,1.05,2.1,,,1.05,3858890875546,PIĆE
JOGURT TEK ACTIVE ZONE 0.5 % M.M. 180g,90494725,ACTIVE ZONE,0.18 kg,ko,0.36,2,,,0.36,3850334393876,HRANA
KAVA LEDENA HELL CAPPUCCINO 250ml,90494770,HELL ENERGY,0.25 l,ko,1.99,7.96,,,1.85,5999860497097,HRANA
KAVA LEDENA HELL LATTE 250ml,90494811,HELL ENERGY,0.25 l,ko,1.99,7.96,,,1.85,5999860497073,HRANA
KAVA LEDENA HELL DOU ESPRESSO 250ml,90494827,HELL ENERGY,0.25 l,ko,1.99,7.96,,,1.85,5999860497646,HRANA
DŽEM BRUSN/JAGO 100% VOĆE 220g PODR,90494838,PODRAVKA,0.22 kg,ko,4.89,22.23,,,4.89,3856020248475,HRANA
KAVA LEDENA STARBUCKS LATTE 220ml,90494856,STARBUCKS,0.22 l,ko,3.29,14.97,,,3.29,5711953166372,HRANA
SENDVIČ PANE AMORE SALAMA SIR 130g,90494893,PANE AMORE,0.13 kg,ko,3.49,26.84,,,3.49,8020693230067,HRANA
KIST ZA BOJU BOREAL 655/B,90494926,BOREAL,1.00 ko,ko,3.69,3.69,,,3.69,8006655655017,KOZMETIKA
NAPITAK ZOB BARISTA 1L O'PLANT,90495024,O PLANT,1.00 l,ko,4.29,4.29,,,4.39,3856020250027,HRANA
RUM HAVANA CLUB 0.7L 3 YO,90498211,HAVANA,0.70 l,ko,20.49,29.27,,,20.49,8501110088831,PIĆE
DATULJA GARDEN GOOD SUHA 200g,90499361,GARDEN GOOD,0.20 kg,ko,1.29,6.45,,,1.09,3838900987858,HRANA
RAKIJA ŠLJIVOVICA 0.35L ZVEČEVO,90499407,ZVEČEVO,0.35 l,ko,8.19,23.4,,,8.19,3858894170142,PIĆE
NEKTAR MOJ DAN JABUKA 2L,90513352,MOJ DAN,2.00 l,ko,2.25,1.13,,,2.25,3850334411891,PIĆE
NEKTAR MOJ DAN MULTIVITAMIN 2L,90513363,MOJ DAN,2.00 l,ko,2.25,1.13,,,2.25,3850334411914,PIĆE
NEKTAR MOJ DAN NARANČA 2L,90513368,MOJ DAN,2.00 l,ko,2.25,1.13,,,2.25,3850334411907,PIĆE
ALU POSUDA+POKL F&P 920ml 4/1,90513610,FRESH&PACK,1.00 ko,ko,2.25,2.25,,,2.25,3850334395856,PROIZVODI ZA KUĆANSTVO
MLIJEKO SVJEŽE 3.2% 1.75L PET VINDIJ,90513887,Z BREGOV,1.75 l,ko,3.09,1.77,,,3.09,3850108011760,HRANA
JOGURT 2.8% 1000g PET BOCA VINDIJA,90513894,Z BREGOV,1.00 kg,ko,3.09,3.09,,,3.09,3850108037388,HRANA
MLIJEKO SVJEŽE 3.2% Z BRE PET 1L VIN,90513932,Z BREGOV,1.00 l,ko,1.49,1.49,,,1.49,3850108011814,HRANA
KEFIR 3.5%MM 1000G VINDIJA,90513935,Z BREGOV,1.00 kg,ko,3.19,3.19,,,3.19,3850108037531,HRANA
PROTEINSKI NAPITAK ČOK/BAN 0.5L VIN,90513941,Z BREGOV,0.50 l,ko,3.19,6.38,,,3.19,3850108023718,HRANA
PROTEINSKI NAPITAK VANILIJA 0.5L VI,90513945,Z BREGOV,0.50 l,ko,3.19,6.38,,,3.19,3850108023701,HRANA
JOGURT LIGHT 0.9% 1KG PET VINDIJA,90513948,Z BREGOV,1.00 kg,ko,3.09,3.09,,,3.09,3850108037395,HRANA
MLIJEKO SVJEŽE 1.5% Z BRE PET 1L VIN,90513952,Z BREGOV,1.00 l,ko,1.85,1.85,,,1.85,3850108011067,HRANA
MLIJEKO SVJEŽE Z BREG 21D 3.2/1L PET,90513979,Z BREGOV,1.00 l,ko,1.95,1.95,,,1.95,3850108011845,HRANA
JOGURT 2.8%MM 500G  PET VINDIJA,90513984,Z BREGOV,0.50 kg,ko,1.99,3.98,,,1.95,3850108037371,HRANA
PIVO STAROČEŠKO 0.5L LIM,90514001,STAROČEŠKO,0.50 l,ko,1.75,3.5,,,1.75,3859892222185,PIĆE
JOGURT TEKUĆI 1KG PET DUKAT,90514015,DUKAT,1.00 kg,ko,3.09,3.09,,,2.95,3850354016021,HRANA
JOGURT B'AKTIV LGG NATUR 330g DUKAT,90514018,B'AKTIV,0.33 kg,ko,1.85,5.61,,,1.79,3850354015833,HRANA
JOGURT B'AKTIV ACAI ŠUMSKI MIX 330g,90514021,B'AKTIV,0.33 kg,ko,2.09,6.33,,,2.05,3850354015840,HRANA
JOGURT B'AKTIV JAGODA 330g DUKAT,90514024,B'AKTIV,0.33 kg,ko,2.09,6.33,,,2.05,3850354015864,HRANA
SMOOTHIE B'AKTIV BOROV-BAN 330g,90514033,B'AKTIV,0.33 kg,ko,2.49,7.55,,,2.29,3850354015888,HRANA
SMOOTHIE B'AKTIV JAG/ANAN 330g,90514035,B'AKTIV,0.33 kg,ko,2.49,7.55,,,2.29,3850354015901,HRANA
JOGURT B'AKTIV TREŠNJA 330g DUKAT,90514039,B'AKTIV,0.33 kg,ko,2.09,6.33,,,2.05,3850354015871,HRANA
MLIJEKO SVJEŽE 3.2% 1 L-BOCA DUKAT,90514083,DUKAT,1.00 l,ko,1.85,1.85,,,1.85,3850354016083,HRANA
BADEM JEZGRA GG SUHO PRŽ NESL 180g,90514162,GARDEN GOOD,0.18 kg,ko,4.19,23.25,,,3.39,3838900987827,HRANA
ORAH BRAZILSKI GARDEN GOOD 180g,90514176,GARDEN GOOD,0.18 kg,ko,6.19,34.35,,,3.99,3838900987834,HRANA
DATULJA GARDEN GOOD PREMIUM 180g,90514181,GARDEN GOOD,0.18 kg,ko,3.39,18.81,,,3.09,3838900987865,HRANA
PISTACIO LJUSKA G GOOD PR NESL 180g ,90514405,GARDEN GOOD,0.18 kg,ko,5.59,31.02,,,4.99,3838900987995,HRANA
BUNDEVA LJUSKA SJEM GARDEN GOOD 200g,90514408,GARDEN GOOD,0.20 kg,ko,1.85,9.25,,,1.85,3838900988091,HRANA
CHIA SJEMENKE GARDEN GOOD 200g,90514409,GARDEN GOOD,0.20 kg,ko,1.19,5.95,,,1.49,3838900988008,HRANA
PIVO LAŠKO ZLATOROG 4PACK 0.5L LIM,90514621,LAŠKO,2.00 l,ko,6.79,3.4,,,6.59,3830001712667,PIĆE
MLIJEKO ZA KAVU MARESI 250g,90518149,MARESI,0.25 kg,ko,2.19,8.76,,,2.05,90026027,HRANA
KEKS DOMAĆICA KOKOS 275g KRAŠ,90518216,DOMAĆICA,0.28 kg,ko,4.39,15.96,,,3.19,3850102521388,HRANA
ŠTAPIĆI ZA UŠI BIOR OLEA REFIL 160/1,90518246,OLEA,160.00 ko,ko,0.79,0,,,0.79,8605002353219,TOALETNE POTREPŠTINE
PROTEINSKI NAPITAK PISTACIO 0.5L VI,90518419,Z BREGOV,0.50 l,ko,3.19,6.38,,,3.19,3850108023794,HRANA
SKYR PROTEIN ACTIVE ZONE 500g,90518490,ACTIVE ZONE,0.50 kg,ko,2.35,4.7,,,2.25,3838900802342,HRANA
LAN SJEMENKE GARDEN GOOD 200g,90518723,GARDEN GOOD,0.20 kg,ko,0.87,4.35,,,0.73,3838900956915,HRANA
LIKER DALMACIJAVINO JULI SONNE 1L,90528124,DALMACIJAVINO,1.00 l,ko,14.79,14.79,,,14.79,3858892460559,PIĆE
DESERT TORTICA CRUNCHY 21g KRAŠ,90528272,TORTICA,0.02 kg,ko,0.69,32.86,,,0.69,3850102521449,HRANA
BLAZINICE OLEA 140/1,90528306,OLEA,140.06 ko,ko,1.49,0.01,,,1.49,8605002353233,TOALETNE POTREPŠTINE
KEKS PETIT 1kg,90533201,SLOVA,1.00 kg,ko,2.49,2.49,,,3.19,8605028602155,HRANA
TORTILLA PŠEN 8x20cm 320g HRUSTY,90533230,HRUSTY,0.32 kg,ko,1.99,6.22,,,1.99,8605002359723,HRANA
PIVO KARLOVAČKO SVIJETLO LIM 0.5L 4P,90533244,KARLOVAČKO,2.00 l,ko,6.89,3.45,,,6.69,3850103001476,PIĆE
VREĆICA TREGER LD MALA KONZUM,90538192,K PLUS,1.00 ko,ko,0.17,0.17,,,0.17,3850334524324,PROIZVODI ZA KUĆANSTVO
ORAH PEKAN GARDEN GOOD 180g,90553209,GARDEN GOOD,0.18 kg,ko,5.89,32.69,,,5.49,3838900987988,HRANA
TP VLAŽNI NATUR NEVEN 60/1,90553381,NATUR,60.02 ko,ko,0.99,0.02,,,0.99,3850334521156,TOALETNE POTREPŠTINE
MARAMICE NIVEA INTIMO ALOE WAT 15/1,90563123,NIVEA,15.00 ko,ko,4.49,0.3,,,4.49,42419884,TOALETNE POTREPŠTINE
TUBA FRUTOLINO KRUŠ/MAR 100g,90568390,LINO,0.10 kg,ko,1.65,16.5,,,1.65,3856020248123,HRANA
TUBA FRUTOLI JAB/KRUŠ/BAN 100g,90568469,LINO,0.10 kg,ko,1.65,16.5,,,1.65,3856020248093,HRANA
MEDALJONI PILEĆI LEDO 300g,90568750,LEDO,0.30 kg,ko,6.09,20.3,,,6.09,3850116039077,HRANA
ZELENA MJEŠAVINA S JEČMOM 400g LEDO,90568774,LEDO,0.40 kg,ko,3.59,8.98,,,3.59,3850116041445,HRANA
KAVA NOTA ESPRESSO DG 16/1 112g FRANCK,90569644,FRANCK NOTA,0.11 kg,ko,7.49,66.87,,,7.49,3850291053011,HRANA
BUĐOLA DALM NAR 100g MAP PIVAC,90569809,PIVAC,0.10 kg,ko,4.39,43.9,,,4.39,3858890183016,HRANA
PEČENICA DALM NAR 100g MAP PIVAC,90569810,PIVAC,0.10 kg,ko,3.89,38.9,,,3.89,3858890183467,HRANA
KOKOŠ ZA PEČENJE I KUHANJE VINDIJA,90570012,CEKIN,1.00 kg,kg,2.09,2.09,,,2.09,3850159110375,HRANA
KOKOŠ ZA PEČENJE I KUHANJE ČETVRTINE VINDIJA,90570015,CEKIN,1.00 kg,kg,2.09,2.09,,,2.09,3850159110399,HRANA
KOKOŠ ZA PEČENJE I KUHANJE POLOVICE VINDIJA,90570026,CEKIN,1.00 kg,kg,2.09,2.09,,,2.09,3850159110382,HRANA
SALATA VOĆNA MIJEŠANA MINUTE 265g,90570207,MINUTE,0.27 kg,ko,3.79,14.3,,,3.79,3850334524423,HRANA
SALATA VOĆNA ANANAS MINUTE 265g,90570215,MINUTE,0.27 kg,ko,3.79,14.3,,,3.79,3850334524430,HRANA
ŠUNKA PUR PEČ PIK 100g NAR MA,90570277,PIK,0.10 kg,ko,3.59,35.9,,,3.19,3850139522150,HRANA
JOGURT TEK 2.8% M.M .330g PET KRAVICA,90570330,KRAVICA KRALJICA,0.33 kg,ko,1.69,5.12,,,1.69,3856015324405,HRANA
PAPIR ZA PEČENJE LISTOVI FINO 16/1,90570344,FINO,16.00 ko,ko,2.99,0.19,,,2.99,5201314094838,PROIZVODI ZA KUĆANSTVO
SIR TVRDI KOCKICE 12mj100g DŽIUGAS,90570433,DŽIUGAS,0.10 kg,ko,3.19,31.9,,,3.19,4770299390583,HRANA
DŽEM MARELICA 360g PODRAVKA,90570502,PODRAVKA,0.36 kg,ko,3.09,8.58,,,2.29,3856020252441,HRANA
DŽEM MIJEŠANO VOĆE 360g PODRAVKA,90570508,PODRAVKA,0.36 kg,ko,2.75,7.64,,,2.75,3856020252274,HRANA
DŽEM MIJEŠANO VOĆE 690g PODRAVKA,90570512,PODRAVKA,0.69 kg,ko,2.9,4.2,,,2.9,3856020252304,HRANA
PEKMEZ ŠLJIVA 350g PODRAVKA,90570523,PODRAVKA,0.35 kg,ko,4.19,11.97,,,4.19,3856020252793,HRANA
DESERT SNICKERS SUPER+1 112.5g,90570922,MARS,0.11 kg,ko,2.49,22.13,,,2.49,5900951310843,HRANA
VODA MINERALNA JANA KIDS SČ 0.33L,90571815,JANA,0.33 l,ko,0.95,2.88,,,0.95,3858890876970,PIĆE
CEDEVITA NARANČA 900g,90571925,CEDEVITA,0.90 kg,ko,8.39,9.32,,,8.09,3850322014981,PIĆE
CEDEVITA LIMUN 900g,90571946,CEDEVITA,0.90 kg,ko,8.39,9.32,,,8.09,3850322015001,PIĆE
CEDEVITA NARANČA 455g,90571951,CEDEVITA,0.46 kg,ko,5.49,12.07,,,3.95,3850322014882,PIĆE
CEDEVITA LIMUN 455g,90571965,CEDEVITA,0.46 kg,ko,5.49,12.07,,,5.29,3850322014905,PIĆE
KRUH FETA 500g BABIĆ,90571983,BABIĆ,0.50 kg,ko,2.35,4.7,,,2.25,3858892791653,HRANA
ČETKICA OB ALLROUND BLACK 3KOM,90572069,ORAL B,1.00 ko,ko,4.49,4.49,,,4.49,3014260101503,KOZMETIKA
LEDENI ČAJ FUZETEA BRESKVA RUŽA 0.5L,90572199,FUZETEA,0.50 l,ko,1.55,3.1,,,1.55,5449000270139,PIĆE
MLIJEKO TIJ LACTOV LACTOUR 400ml,90572424,LACTOVIT,0.40 l,ko,7.59,18.98,,,6.89,8410190585997,KOZMETIKA
DŽEM ŠIPAK 360g PODRAVKA,90572865,PODRAVKA,0.36 kg,ko,3.09,8.58,,,2.29,3856020252212,HRANA
PIVO KARLOVAČKO 0.5L  LIM 6 PAK,90573287,KARLOVAČKO,3.00 l,ko,9.99,3.33,,,9.59,3850103902360,PIĆE
VL MARAMICE LUMPI AQUA 72/1,90573292,LUMPI,72.05 ko,ko,1.89,0.03,,,1.89,3850334523303,TOALETNE POTREPŠTINE
PIRE VOĆ. JAB.BOROV. 200g NUTRINO LAB ,90573494,NUTRINO LAB,0.20 kg,ko,2.75,13.75,,,2.75,8606019652968,HRANA
PIRE VOĆ JAB.BRES. 200g NUTRINO LAB ,90573500,NUTRINO LAB,0.20 kg,ko,2.75,13.75,,,2.75,8606019652951,HRANA
VREĆICA JUMBO KONZUM,90573536,K PLUS,1.00 ko,ko,0.25,0.25,,,0.25,3850334524218,PROIZVODI ZA KUĆANSTVO
SIR TVRDI RIBANAC 100g PRESIDENT,90573619,PRESIDENT,0.10 kg,ko,4.09,40.9,,,4.09,3850355007622,HRANA
MLIJEKO TRAJNO 2.8% 1L DUKAT,90573683,DUKAT,1.00 l,ko,1.02,1.02,,,1.02,3850354016830,HRANA
SIR TOPLJ LISTIĆI GOUDA 150g DUKAT,90573707,PRESIDENT,0.15 kg,ko,2.49,16.6,,,2.25,3228022210048,HRANA
SIR POLUTV DOMAĆI 300g PRESIDENT,90573737,PRESIDENT,0.30 kg,ko,7.49,24.97,,,6.89,3850355007202,HRANA
SIR POLUTV DOM DIMLJ 300g PRESIDENT,90573740,PRESIDENT,0.30 kg,ko,7.49,24.97,,,6.89,3850355007226,HRANA
SIR POLUTVRDI TILZIT 150g DUKAT,90573853,PRESIDENT,0.15 kg,ko,3.99,26.6,,,3.99,3850355007141,HRANA
SIR POLUTVRDI GOUDA 150g DUKAT,90573855,PRESIDENT,0.15 kg,ko,3.99,26.6,,,3.99,3850355007080,HRANA
RIŽA DUGO ZRNO 500G 4X125g BEN'S,90577700,BEN’S ORIGINAL,0.50 kg,ko,4.39,8.78,,,4.39,5410673007490,HRANA
FELIX MM GOVEDINA 85g,90582726,FELIX,0.09 kg,ko,0.99,11.65,,,0.99,7613287489593,PROIZVODI ZA KUĆANSTVO
FELIX MM PILETINA 85g,90582728,FELIX,0.09 kg,ko,0.99,11.65,,,0.99,7613287489975,PROIZVODI ZA KUĆANSTVO
FELIX MM JUNIOR PILETINA 85g,90582732,FELIX,0.09 kg,ko,0.99,11.65,,,0.99,7613287490117,PROIZVODI ZA KUĆANSTVO
ČOKOLADA DORINA SJECKANI LJEŠNJAK 220g,90587727,DORINA,0.22 kg,ko,5.59,25.41,,,5.59,3850102522323,HRANA
BURGER BEYOND 226g,90592978,BEYOND MEAT,0.23 kg,ko,7.29,32.22,,,7.29,1230000068116,HRANA
PIZZA CAPRICCIOSA 330g MINUTE,90593057,MINUTE,0.33 kg,ko,2.79,8.45,,,2.79,3850334132659,HRANA
TOAST K PLUS AMERICAN INTEGRAL 750g,90593371,K PLUS,0.75 kg,ko,2.69,3.59,,,2.69,3850334519801,HRANA
PUDING PROTEIN ČOKOLADA 200g ZOTT,90593618,ZOTT,0.20 kg,ko,1.49,7.45,,,1.35,4014500519142,HRANA
PUDING PROTEIN VANILIJA 200g ZOTT,90593622,ZOTT,0.20 kg,ko,1.49,7.45,,,1.35,4014500519180,HRANA
PAHULJICE LUMPI PILLOWS NOUGAT 250g,90593656,LUMPI,0.25 kg,ko,1.65,6.6,,,1.65,3850334007902,HRANA
PAHULJICE LUMPI COCOA BALLS 250g,90593661,LUMPI,0.25 kg,ko,1.35,5.4,,,1.35,3850334009296,HRANA
PAHULJICE LUMPI DUO BALLS 250g,90593662,LUMPI,0.25 kg,ko,1.35,5.4,,,1.35,3850334009265,HRANA
PAHULJICE LUMPI COCOA CRUNCH 250g,90593664,LUMPI,0.25 kg,ko,1.35,5.4,,,1.35,3850334009357,HRANA
KRUH GORICIJAN 600g PAK BRIONKA,90598106,BRIONKA,0.60 kg,ko,2.89,4.82,,,2.89,3858883001570,HRANA
SAPUN DOVE BEAUTY CREAM 90g,90598290,DOVE,0.09 kg,ko,2.25,25,,,2.25,8720182264664,KOZMETIKA
BRIJAČ JED WILK Ž EXT 3 COL MIX 3/1,90598377,WILKINSON,1.00 ko,ko,3.89,3.89,,,3.89,4027800320202,KOZMETIKA
BRIJAČ JEDN WILK M EXT 3 SENS 3/1,90598381,WILKINSON,3.00 ko,ko,3.89,1.3,,,3.89,4027800105502,KOZMETIKA
REGENERATOR ELSEVE HYALURON 200ml,90598610,LOREAL ELSEVE,0.20 l,ko,5.59,27.95,,,5.59,3600524029753,KOZMETIKA
ŠAMPON ELSEVE HYALURON 250ml,90598612,LOREAL ELSEVE,0.25 l,ko,5.59,22.36,,,5.59,3600524029500,KOZMETIKA
JOGURT ACTIVIA MIX 168g,90598629,ACTIVIA,0.17 kg,ko,1.95,11.61,,,1.95,5941209010115,HRANA
SLAD SNICKERS 6X45.6g MULTIPACK,90598664,SNICKERS,0.27 kg,ko,6.69,24.42,,,6.69,5000159541336,HRANA
SLAD MARS 6X40g MULTIPACK,90598676,MARS,0.24 kg,ko,6.69,27.9,,,6.69,5000159541459,HRANA
PIVO DESPERADOS LIM 0.5L,90598757,DESPERADOS,0.50 l,ko,2.35,4.7,,,2.29,8712000038175,PIĆE
SLAD KING MAJESTIC 100ml LEDO,90598782,KING,0.10 l,ko,3.49,34.9,,,3.39,3850116039527,HRANA
SLAD LEDO M6 SILK MILK 390ml,90598929,LEDO,0.39 l,ko,7.29,18.69,,,7.29,3850116048543,HRANA
JUHA GOV. NOODLES 5x75g FINI MINI ,90599273,FINI MINI,0.38 kg,ko,3.39,9.04,,,3.39,3856020258399,HRANA
JUHA KOK. NOODLES 5x75g FINI MINI ,90599282,FINI MINI,0.38 kg,ko,3.39,9.04,,,3.39,3856020258337,HRANA
NAPITAK RED BULL MARELICA-JAGODA 0.25L ,90599681,RED BULL,0.25 l,ko,2.15,8.6,,,2.15,,PIĆE
SLADILO NATREEN TABLETE 120 KOM,90599783,NATREN,0.01 kg,ko,4.29,564.47,,,3.59,8711000476260,HRANA
COCKTAIL MARGARITA 0.33L NB ,90599785,A LE COQ,0.33 l,ko,1.99,6.03,,,1.89,4740098002895,PIĆE
COCKTAIL T-QUILA SUNRISE 0.33L NB,90599792,A LE COQ,0.33 l,ko,1.99,6.03,,,1.89,4740098002970,PIĆE
PIVO HEINEKEN LIMENKA 4PACK 0.5L,90599933,HEINEKEN,2.00 l,ko,7.69,3.85,,,7.69,3830001714715,PIĆE
PIVO HEINEKEN LIMENKA 6PACK 0.5L,90599998,HEINEKEN,3.00 l,ko,11.59,3.86,,,10.99,3830001716016,PIĆE
NEG PIĆE TOCO CRVENA NAR AVOK-CIKLA 0.5L,90600155,TOCO,0.50 l,ko,1.35,2.7,,,1.35,3858890879001,PIĆE
NEG PIĆE TOCO MULTIVITAMIN 0.5L,90600231,TOCO,0.50 l,ko,1.35,2.7,,,1.35,3858890878646,PIĆE
NEG PIĆE TOCO MULTIVITAMIN 1.5L,90600280,TOCO,1.50 l,ko,2.15,1.43,,,2.15,3858890878615,PIĆE
NEG PIĆE TOCO CRVENA NAR AVOK-CIKLA 1.5L,90600282,TOCO,1.50 l,ko,2.15,1.43,,,1.59,3858890878974,PIĆE
NEG PIĆE TOCO NARANČA MRKVA 1.5L,90600284,TOCO,1.50 l,ko,2.15,1.43,,,2.15,3858890878790,PIĆE
GAZ PIĆE COCA COLA ZERO ZERO 0.5L,90600360,COCA COLA,0.50 l,ko,1.49,2.98,,,1.45,5449000201935,PIĆE
MLIJEKO TR LAG JUTRO 1.5% 1L DUKAT,90602728,DUKAT,1.00 l,ko,2.49,2.49,,,2.49,3850354017103,HRANA
DESERT DANONINO BAN/JAG/MAR 6X50g,90602759,DANONINO,0.30 kg,ko,3.59,11.97,,,3.19,4009700035783,HRANA
SOK JABUKA 100% MINUTE 1L,90602781,MINUTE,1.00 l,ko,3.19,3.19,,,3.19,3850334009746,PIĆE
MESNI UŠTIPCI 300g PIK VRBOVEC (MA),90602829,PIK VRBOVEC,0.30 kg,ko,3.99,13.3,,,3.79,3850139522341,HRANA
MASLAC MOTTE 250g PRESIDENT,90602841,PRESIDENT,0.25 kg,ko,5.39,21.56,,,5.39,3228022020050,HRANA
VRHNJE ZA KUHANJE 500g DUKAT,90602851,BRZO&FINO,0.50 kg,ko,4.39,8.78,,,4.19,3850354017158,HRANA
ARF CREAM CITRO 400ml,90603158,ARF,0.40 l,ko,2.65,6.63,,,1.95,3850105181596,SREDSTVA ZA ČIŠĆENJE
NEG PIĆE FRUC NARANČA 0.5L PET,90603202,FRUCTAL,0.50 l,ko,1.35,2.7,,,1.35,3838945501392,PIĆE
NEG PIĆE FRUC MULTI 0.5L PET,90603219,FRUCTAL,0.50 l,ko,1.35,2.7,,,1.35,3838945501248,PIĆE
CIDER SOMERSBY MANGO LIMETA 0.5L LIM,90607711,SOMERSBY,0.50 l,ko,2.25,4.5,,,2.25,3858887584185,PIĆE
CIDER SOMERSBY MANGO LIMETA 0.33L NB,90607713,SOMERSBY,0.33 l,ko,2.05,6.21,,,2.05,3858887583683,PIĆE
OSLIĆ BEZ GLAVE 400g HUBSI LEDO,90607785,LEDO,0.40 kg,ko,3.89,9.73,,,3.89,3850116048659,HRANA
OSLIĆ FILET 400g LEDO,90607800,LEDO,0.40 kg,ko,3.83,9.58,,,3.83,3850116048598,HRANA
SPREJ NIV SUN PR&CAR DJ F50 270ml,90607812,NIVEA,0.27 l,ko,30.99,114.78,,,30.99,4006000075433,KOZMETIKA
SPREJ NIV SUN PR&BRON SPF30 270ml,90607815,NIVEA,0.27 l,ko,27.99,103.67,,,27.99,9005800386362,KOZMETIKA
SPREJ NIV SUN PR&MOIS SPF30 270ml,90607818,NIVEA,0.27 l,ko,28.49,105.52,,,28.49,4005900908698,KOZMETIKA
CIDER SOMERSBY KRUŠKA 0.5L LIM,90607839,SOMERSBY,0.50 l,ko,2.25,4.5,,,2.25,3858887583850,PIĆE
SPREJ NIV SUN PR&DRY TOU F30 200ml,90607865,NIVEA,0.20 l,ko,22.99,114.95,,,22.99,4005900695802,KOZMETIKA
PEKMEZ AFR SUN CARE EXPRESS 200ml,90607866,AFRODITA,0.20 l,ko,20.99,104.95,,,20.99,3831070658931,KOZMETIKA
MIX NESCAFE 3U1 CREAMY LATTE 15g,90607903,NESCAFE,0.02 kg,ko,0.37,24.67,,,0.37,8445290099754,HRANA
HAMBURGER PECIVO BEZ GLUT 2x60g RAZV,90617837,MOJE MALO ZLATO,0.12 kg,ko,3.69,30.75,,,3.69,3859893064227,HRANA
NEG PIĆE TOCO NARANČA MRKVA 0.5L,90617842,TOCO,0.50 l,ko,1.35,2.7,,,1.35,3858890878820,PIĆE
PILEĆI BATAK ZABATAK OTKOŠTENI S KOŽOM,90623161,CEKIN,1.00 kg,kg,9.49,9.49,,,9.49,3850159113567,HRANA
GAZ PIĆE ORANGINA 1.25L PET,90623212,ORANGINA,1.25 l,ko,3.39,2.71,,,3.19,3877000209613,PIĆE
SALATA SLANI SIR MINUTE 180g,90623216,MINUTE,0.18 kg,ko,3.79,21.07,,,3.79,3850334019004,HRANA
SALATA TUNA MINUTE 170g,90623221,MINUTE,0.17 kg,ko,3.79,22.29,,,3.79,3850334019035,HRANA
SALATA MOZZARELLA MINUTE 170g,90623225,MINUTE,0.17 kg,ko,3.79,22.29,,,3.79,3850334018984,HRANA
SALATA PILETINA MINUTE 175g,90623230,MINUTE,0.18 kg,ko,3.79,21.64,,,3.79,3850334018960,HRANA
TUNJ SALATA KVINOJA 160g RIO MARE,90623557,RIO MARE,0.16 kg,ko,5.89,36.81,,,5.89,8004030835023,HRANA
RAJČICA SUŠENA ZERO OLIO 300g PONTI,90623564,PONTI,0.16 kg,ko,5.19,32.44,,,5.19,8001010039303,HRANA
COCKTAIL RTD MALIBU & COLA 0.25L,90623770,MALIBU,0.25 l,ko,3.49,13.96,,,3.39,5012461002566,PIĆE
ČAČKALICE FRESH&PACK 180/1,90623834,FRESH&PACK,1.00 ko,ko,0.49,0.49,,,0.49,3838900808870,PROIZVODI ZA KUĆANSTVO
PECIVO BURGER BUNS 2/1 170g DON,90627890,TVOJIH 5 MIN,0.17 kg,ko,2.05,12.06,,,2.05,3858885565452,HRANA
ARF STAKLO 650 ml,90627899,ARF,0.65 l,ko,2.39,3.68,,,1.79,3850105181015,SREDSTVA ZA ČIŠĆENJE
ARF DEOBAD 650ml,90628166,ARF,0.65 l,ko,3.29,5.06,,,3.29,3850105181190,SREDSTVA ZA ČIŠĆENJE
KRUH FINI DOM 700g NAREZ PAK KLARA,90632840,KLARA,0.70 kg,ko,2.79,3.99,,,2.79,3856016906549,HRANA
KRUH KLARA RUSTIKA 500g NAR PAK KLARA,90632841,KLARA,0.50 kg,ko,2.95,5.9,,,2.59,3856016906556,HRANA
KRUH RAŽENA RUSTIKA 500g NAR PAK KLARA,90632842,KLARA,0.50 kg,ko,0.85,1.7,,,2.59,3856016906563,HRANA
TEQUILA SAN JOSE SILVER 35% 0.7L,90632920,SAN JOSE,0.70 l,ko,18.39,26.27,,,18.39,3107872600394,PIĆE
BOOM BURGER 300g (MA) PIK VRBOVEC,90633021,PIK VRBOVEC,0.30 kg,ko,5.99,19.97,,,5.39,3850139280623,HRANA
PIVO KLAAS 0.5L LIM,90633079,KLAAS,0.50 l,ko,1.05,2.1,,,1.05,3850334113108,PIĆE
SOK MACE ANANAS KIWI 250ml,90642779,MACE,0.25 l,ko,2.39,9.56,,,2.39,8032523373110,PIĆE
SOK MACE ĐUMBIR LIMUNADA 250ml,90642782,MACE,0.25 l,ko,2.39,9.56,,,2.39,8032523372960,PIĆE
SOK MACE JABUKA MRKVA 250ml,90642785,MACE,0.25 l,ko,2.39,9.56,,,2.39,8032523373028,PIĆE
SOK MACE ŠIPAK JABUKA 250ml,90642789,MACE,0.25 l,ko,2.39,9.56,,,2.39,8032523373066,PIĆE
SOK MACE ĐUMBIR JABUKA 250ml,90642792,MACE,0.25 l,ko,2.39,9.56,,,2.39,8032523373042,PIĆE
ISTARSKA PANCETA 200g VP,90647774,PISINIUM,0.20 kg,ko,7.89,39.45,,,7.49,3858884937298,HRANA
ISTARSKI MIX NAREZAK 210g MAP,90647776,PISINIUM,0.21 kg,ko,10.39,49.48,,,9.99,3858894290369,HRANA
KULEN K PLUS NAR 250G,90648011,K PLUS,0.25 kg,ko,5.69,22.76,,,5.69,3850334011527,HRANA
PEČENICA DALM SUHA NAR K PLUS 250g,90648013,K PLUS,0.25 kg,ko,7.09,28.36,,,7.09,3850334019073,HRANA
KOBASICA ČAJNA NAR K PLUS 250g,90648015,K PLUS,0.25 kg,ko,5.39,21.56,,,5.39,3850334019059,HRANA
PUNJENA PLJESKAVICA 400g DILMAR,90648190,DILMAR,0.40 kg,ko,6.39,15.98,,,4.99,3859893373152,HRANA
MAJONEZA 85g VREĆ PVC ZVIJEZDA,90648352,ZVIJEZDA,0.09 kg,ko,1.49,17.5,,,1.09,3856015325228,HRANA
NAMAZ LINO LADA DUO 700g PODRAVKA,90648385,LINO LADA,0.70 kg,ko,8.19,11.7,,,6.19,3856020259884,HRANA
BUDDY MP PURETINA 405G,90648745,BUDDY,0.41 kg,ko,1.25,3.09,,,1.25,3850334018175,PROIZVODI ZA KUĆANSTVO
TEQUILA SIERRA SILVER 0.7L,90648899,SIERRA UNIDA,0.70 l,ko,24.49,34.98,,,24.49,4062400174305,PIĆE
NAPITAK ZOB EKO 1L BOOM BOX,90649548,BOOM BOX,1.00 l,ko,3.99,3.99,,,3.79,3858890477504,HRANA
ČOKOLADA ČOKSA CREAMY MILK 68g,90657774,ČOKSA,0.07 kg,ko,1.75,25.74,,,1.75,3850102001613,HRANA
DVOPEK K PLUS 320g,90657911,K PLUS,0.32 kg,ko,1.46,4.56,,,1.46,3850334019097,HRANA
DVOPEK INTEGRALNI K PLUS 320g,90657913,K PLUS,0.32 kg,ko,1.46,4.56,,,1.46,3850334019127,HRANA
OM ORNEL GOLD DREAM 800ml,90662864,ORNEL,0.80 l,ko,3.49,4.36,,,3.49,3850105181893,SREDSTVA ZA ČIŠĆENJE
DET JAR PLAT PLUS LEMON 29 TAB ,90662878,JAR ADW,29.00 ko,ko,25.99,0.9,,,25.99,8006540751244,SREDSTVA ZA ČIŠĆENJE
PIVO 5TH ELEMENT LELA 0.5L LIM ,90667922,5TH ELEMENT,0.50 l,ko,2.55,5.1,,,2.55,3859893750342,PIĆE
GRAŠAK-MRKVA 400g LEDO,90668439,LEDO,0.40 kg,ko,1.12,2.8,,,2.45,3850116053370,HRANA
GRAŠAK 400g LEDO,90668440,LEDO,0.40 kg,ko,1.99,4.98,,,1.19,3850116053165,HRANA
MAHUNA ZELENA 400g LEDO,90668442,LEDO,0.40 kg,ko,2.45,6.13,,,2.45,3850116053196,HRANA
MAHUNA ŽUTA 400g LEDO,90668455,LEDO,0.40 kg,ko,1.6,4,,,1.6,3850116053226,HRANA
CARSKA MJEŠAVINA 400g LEDO,90668464,LEDO,0.40 kg,ko,2.79,6.98,,,2.79,3850116053318,HRANA
ŠPINAT 400g LEDO,90668483,LEDO,0.40 kg,ko,1.59,3.98,,,2.45,3850116053257,HRANA
BOROVNICA 300g LEDO,90668489,LEDO,0.30 kg,ko,5.49,18.3,,,5.49,3850116053646,HRANA
ŠUMSKO VOĆE 300g LEDO,90668492,LEDO,0.30 kg,ko,5.09,16.97,,,3.19,3850116053585,HRANA
VIŠNJA 300g LEDO,90668497,LEDO,0.30 kg,ko,4.89,16.3,,,3.59,3850116053554,HRANA
MALINA 300g LEDO,90668501,LEDO,0.30 kg,ko,6.09,20.3,,,5.49,3850116053615,HRANA
ŠUNKA U OVITKU SLJEME 350g,90668733,PIK,0.35 kg,ko,3.07,8.77,,,3.07,3850139522754,HRANA
KRUH RUSTIK PAK 500g PIK RIJEKA,90669069,PIK RIJEKA,0.50 kg,ko,2.35,4.7,,,2.15,3850135230165,HRANA
KRUH ZRNKO PAK 500g PIK RIJEKA,90669073,PIK RIJEKA,0.50 kg,ko,2.35,4.7,,,2.15,3850135230158,HRANA
KOLAČ LONDONERI ORAH 400g PIK RIJEKA,90669089,PIK RIJEKA,0.40 kg,ko,4.99,12.48,,,4.99,3850135265525,HRANA
MJEŠAVINA HELJDA I BROKULA 350g,90669496,LEDO,0.35 kg,ko,3.59,10.27,,,3.59,3850116057774,HRANA
BUĐOLA 80g GROTA,90669799,GROTA,0.08 kg,ko,4.79,59.88,,,3.79,3859893167256,HRANA
TP VLAŽNI ZEWA SENSITIVE 80/1,90669825,ZEWA,80.00 ko,ko,4.99,0.06,,,4.99,7322541395050,TOALETNE POTREPŠTINE
LOSOS HLAD DIMLJ 150g LASCHINGER,90670081,LASCHINGER,0.15 kg,ko,12.39,82.6,,,12.39,4010871050048,HRANA
KEKS NUTELLA BISCUITS T3 41.4g,90670478,FERRERO,0.04 kg,ko,1.25,30.19,,,1.05,8000500359358,HRANA
LOSOS HLAD DIMLJ 200g LASCHINGER,90670530,LASCHINGER,0.20 kg,ko,15.99,79.95,,,15.99,4010871053353,HRANA
MARINIRANI PILEĆI MIX RAW-ŠTILJ ,90672695,RAW ŠTILJ,1.00 kg,kg,9.49,9.49,,,9.49,3850159155352,HRANA
NAPITAK ISO SPORT LIMUN GREJP NEG. 1.5L,90672908,ISO SPORT,1.50 l,ko,3.19,2.13,,,3.19,3850108073171,PIĆE
SIR PARMIGGIANO REGG DOP 12 MJ 150g,90672985,AGRIFORM,0.15 kg,ko,7.09,47.27,,,6.59,8016129000847,HRANA
SIR PARMIGGIANO REGG RIBANI 60g,90672986,PARMAREGGIO,0.06 kg,ko,2.49,41.5,,,2.35,8010721974513,HRANA
SIR PROVOLONE DOLCE 200g,90673002,AGRIFORM,0.20 kg,ko,4.99,24.95,,,4.99,8003518102107,HRANA
KOBASICA PARIŠKA S POVRĆEM 350g,90673118,GAVRILOVIĆ,0.35 kg,ko,4.69,13.4,,,4.69,3858892724460,HRANA
KOBASICA PARIŠKA 350g,90673121,GAVRILOVIĆ,0.35 kg,ko,4.69,13.4,,,4.69,3858892724446,HRANA
ŠUNKA WEIN SCHWARZ 100g NAR,90673824,WEIN,0.10 kg,ko,2.65,26.5,,,2.65,4003419002500,HRANA
PIVO STAROČEŠKO 6PACK 0.5L ,90674158,STAROČEŠKO,3.00 l,ko,8.69,2.9,,,8.69,3859893750366,PIĆE
KIKIRIKI HRUSTY U TIJESTU PAPRIKA 150g,90674535,HRUSTY,0.15 kg,ko,1.59,10.6,,,1.59,3850334035400,HRANA
PAŠTETA PILEĆA CLASSIC POLI 95g,90674697,POLI,0.10 kg,ko,1.49,15.68,,,1.49,3838977043846,HRANA
NAMAZ LINO LADA MILK 350g PODRAVKA,90674753,LINO LADA,0.35 kg,ko,4.99,14.26,,,4.99,3850104267109,HRANA
VALJUŠCI MINUTE 500g,90675081,MINUTE,0.50 kg,ko,1.95,3.9,,,1.95,3850334018410,HRANA
ALUFOLIJA EXTRA ČVRSTA 20MX29cm F&P,90675170,FRESH&PACK,1.00 ko,ko,2.99,2.99,,,2.99,3850334431585,PROIZVODI ZA KUĆANSTVO
FOLIJA PRIJANJAJUĆA 50MX29cm F&P,90675181,FRESH&PACK,1.00 ko,ko,1.59,1.59,,,1.59,3850334431622,PROIZVODI ZA KUĆANSTVO
PAPIR PEČENJE 20MX38cm F&P,90675185,FRESH&PACK,1.00 ko,ko,3.19,3.19,,,3.19,3850334431646,PROIZVODI ZA KUĆANSTVO
NAMAZ POVRTNI SLANUTAK 95g ARGETA,90675212,ARGETA,0.10 kg,ko,2.29,24.11,,,2.29,8606018021826,HRANA
PILEĆI FILE 500g,90675497,CEKIN,0.50 kg,ko,7.79,15.58,,,7.79,3850159110986,HRANA
GIN CASTLE 0.7L ,90675742,CASTLE,0.70 l,ko,6.99,9.99,,,6.99,3850164243525,PIĆE
LIKER HERBAL MEISSTER 0.7 L,90675743,HERBAL MEISSTER,0.70 l,ko,6.89,9.84,,,6.89,3850164243518,PIĆE
VODKA ATLAS 0.7 L,90675752,ATLAS,0.70 l,ko,6.89,9.84,,,6.89,3850164243501,PIĆE
VJEŠALICA PUNJ SIR I ŠUNK RAW ŠTILJ 400g MAP,90677932,RAW ŠTILJ,0.40 kg,ko,4.99,12.48,,,4.19,3859893373893,HRANA
WHISKAS MM PD RIBA 4X85G,90678118,WHISKAS,0.34 kg,ko,3.39,9.97,,,3.39,5900951303166,PROIZVODI ZA KUĆANSTVO
WHISKAS SM GOVEDINA 300G,90678129,WHISKAS,0.30 kg,ko,2.99,9.97,,,2.99,5998749144183,PROIZVODI ZA KUĆANSTVO
WHISKAS MM PERAD 4X85 G,90678135,WHISKAS,0.34 kg,ko,3.39,9.97,,,3.39,4770608263652,PROIZVODI ZA KUĆANSTVO
WHISKAS MM KLASIČNI IZBOR 4X85G,90678146,WHISKAS,0.34 kg,ko,3.39,9.97,,,3.39,5900951301841,PROIZVODI ZA KUĆANSTVO
PULLED PORK 500g VAK PIK,90682745,PIK VRBOVEC,0.50 kg,ko,8.79,17.58,,,8.99,3850139130201,HRANA
KITTY MM PIL 100G ALU,90682881,KITTY,0.10 kg,ko,0.59,5.9,,,0.59,3850334028440,PROIZVODI ZA KUĆANSTVO
KIKIRIKI HRUSTY U TIJES LUK/VRHNJE 150g,90692847,HRUSTY,0.15 kg,ko,1.59,10.6,,,1.59,3850334035455,HRANA
CEKIN PRSA BEZ KOŽE OB PAK,90692886,CEKIN,1.00 kg,kg,5.79,5.79,,,7.09,3850159110962,HRANA
MASLINE LECCINO BIO 150g MONINI,90697950,MONINI,0.15 kg,ko,4.29,28.6,,,4.29,8005510010039,HRANA
VAFL PRUTIĆI FINESSE KAKAO 250g,90698065,FINESSE,0.25 kg,ko,2.35,9.4,,,2.35,3850334035943,HRANA
VAFL PRUTIĆI FINESSE LJEŠNJAK 250g,90698067,FINESSE,0.25 kg,ko,2.35,9.4,,,2.35,3850334035967,HRANA
VISKI J WALKER BLACK 0.7L,90698186,JOHNNIE WALKER,0.70 l,ko,43.99,62.84,,,43.99,5000267024202,PIĆE
MEKSIČKI MIX GOLD 265g BONDUELLE,90698203,BONDUELLE,0.27 kg,ko,2.59,9.77,,,2.59,3083681152333,HRANA
KOBASICA MINIKO CLASSIC 60g,90698594,GAVRILOVIĆ,0.06 kg,ko,2.95,49.17,,,2.95,3858892724668,HRANA
KOBASICA MINIKO SPICY 60g,90698596,GAVRILOVIĆ,0.06 kg,ko,2.95,49.17,,,2.95,3858892724682,HRANA
ČIPS HRUSTY SLANI RR 150g,90699035,HRUSTY,0.15 kg,ko,1.45,9.67,,,1.45,3850334009760,HRANA
PUREĆE MLJEVENO MESO 700g,90699043,VINDON,0.70 kg,ko,5.29,7.56,,,4.49,3850339413081,HRANA
INSTANT NES CREMA SENS ST 95g,90699124,NESCAFE,0.10 kg,ko,8.69,91.47,,,7.89,8445290699862,HRANA
INSTANT NES GOLD 95g NESTLE,90699127,NESCAFE,0.10 kg,ko,9.99,105.16,,,9.39,8445290492722,HRANA
ZP COLGATE LPP WHITENING 75ml,90699246,COLGATE,0.08 l,ko,2.79,37.2,,,2.59,6920354836091,KOZMETIKA
NEKTAR MOJ DAN NARANČA 1L ,90699263,MOJ DAN,1.00 l,ko,1.29,1.29,,,1.29,3850334028112,PIĆE
BISKVIT SUNNY PREL KAKAO PUNJENJE 240g 8/1,90702777,SUNNY,0.24 kg,ko,1.99,8.29,,,1.99,3850334044006,HRANA
ROLADA SUNNY KAKAO 200g,90702780,SUNNY,0.20 kg,ko,1.49,7.45,,,1.49,3850334044082,HRANA
BISKVIT SUNNY KAKAO 200g 8/1,90702782,SUNNY,0.20 kg,ko,1.79,8.95,,,1.79,3850334043931,HRANA
BISKVIT SUNNY MARELICA 200g 8/1,90702784,SUNNY,0.20 kg,ko,1.79,8.95,,,1.79,3850334043955,HRANA
ROLADA SUNNY VANILIJA 200g,90702789,SUNNY,0.20 kg,ko,1.49,7.45,,,1.49,3850334044044,HRANA
ROLADA SUNNY LJEŠNJAK 200g,90702791,SUNNY,0.20 kg,ko,1.49,7.45,,,1.49,3850334044068,HRANA
TORTILLA PŠEN 6X25cm 370g HRUSTY,90702818,HRUSTY,0.37 kg,ko,1.99,5.38,,,1.99,8605002359730,HRANA
VAFL FRONDI NOUGAT 250g KRAŠ,90702854,FRONDI,0.25 kg,ko,3.19,12.76,,,3.19,3850102002221,HRANA
VAFL FRONDI KAKAO 250g KRAŠ,90702867,FRONDI,0.25 kg,ko,3.19,12.76,,,3.19,3850102002245,HRANA
MARGARIN MARGO NOVA 225g ZVIJEZDA,90703044,MARGO,0.23 kg,ko,1.59,7.07,,,1.49,3856015327284,HRANA
PIVO HEINEKEN SILVER 0.5L LIM,90703112,HEINEKEN,0.50 l,ko,2.19,4.38,,,2.09,3850103902452,PIĆE
PAN RIBLJI ŠTAPIĆ FILET 450g LEDO,90703190,LEDO,0.45 kg,ko,6.09,13.52,,,6.09,3850116066547,HRANA
BRIJAČ JEDNOK GILL BLUE2 PLUS 5/1,90703238,GILLETTE,5.00 ko,ko,6.49,1.3,,,6.49,3014260283254,KOZMETIKA
GAZ PIĆE T.HENRY PINK GRAPEFRUIT 0.2L,90703407,THOMAS HENRY,0.20 l,ko,2.65,13.25,,,2.65,4251760800119,PIĆE
SIRUP K PLUS LEDENI ČAJ BRESKVA 1L,90703451,K PLUS,1.00 l,ko,2.55,2.55,,,2.55,3850334044174,PIĆE
SIRUP K PLUS ŠUMSKO VOĆE 1L,90703453,K PLUS,1.00 l,ko,2.55,2.55,,,2.55,3850334044198,PIĆE
SIRUP K PLUS NARANČA 1L,90703456,K PLUS,1.00 l,ko,2.55,2.55,,,2.55,3850334044211,PIĆE
SIRUP K PLUS LIMUN BAZGA 1L,90703465,K PLUS,1.00 l,ko,2.55,2.55,,,2.55,3850334044334,PIĆE
KRUH PRIMORSKI 500g PAK MLINAR,90703613,MLINAR,0.50 kg,ko,2.75,5.5,,,2.59,3858889899973,HRANA
COCKTAIL RTD HAVANA CLUB COLA 0.33L,90703889,HAVANA,0.33 l,ko,3.89,11.79,,,3.69,4005971394307,PIĆE
SLAD LEDO M3 KING HARMONY 3x90ml,90704223,LEDO,0.27 l,ko,8.49,31.41,,,8.49,3850116056982,HRANA
SLAD QUATTRO NOSTALGIJA 1650ml,90704237,QUATTRO,1.65 l,ko,9.09,5.51,,,9.09,3850116058719,HRANA
SALAMA TR ISTRIJANKA 80g HISTRIS,90704264,HISTRIS,0.08 kg,ko,4.19,52.38,,,3.79,3859893167065,HRANA
SLAD MACHO SANDWICH KIKIRIKI 129ml,90704269,MACHO,0.13 l,ko,2.45,18.99,,,2.45,3850116056685,HRANA
SLAD LEDO MACHO ČOKO NARANČA 75ml,90704276,LEDO,0.08 l,ko,2.19,29.19,,,2.19,3850116056715,HRANA
SLAD KING HARMONY 90ml LEDO,90704279,KING,0.09 l,ko,3.49,38.77,,,3.39,3850116056951,HRANA
KOLAČ BAKINA PITA 500g PIK RIJEKA,90704387,PIK RIJEKA,0.50 kg,ko,5.49,10.98,,,5.49,3850135267031,HRANA
PIVO OŽUJSKO 6PACK 0.33L LIM ,90705056,OŽUJSKO,1.98 l,ko,7.19,3.63,,,7.09,3850131006061,PIĆE
ČIPS HRUSTY SLANI XCUT 150g,90705105,HRUSTY,0.15 kg,ko,1.45,9.67,,,1.45,3850334044686,HRANA
PIRE VOĆ JAB BRES MAN BIO100Gg FRULLA ,90705134,FRULLA,0.10 kg,ko,1.45,14.5,,,1.45,8024985000819,HRANA
PIRE VOĆ JAB BAN BIO100g FRULLA,90705139,FRULLA,0.10 kg,ko,1.45,14.5,,,1.45,8024985000802,HRANA
PIRE VOĆ KRUŠKA BIO 100g FRULLA,90705141,FRULLA,0.10 kg,ko,1.45,14.5,,,1.45,8024985000840,HRANA
PIRE VOĆ JAB BOB VOĆ  BIO 100g FRULLA,90705143,FRULLA,0.10 kg,ko,1.45,14.5,,,1.45,8024985000796,HRANA
ČIPS HRUSTY LUK I VRHNJE  XCUT 150g,90705147,HRUSTY,0.15 kg,ko,1.59,10.6,,,1.59,3850334044730,HRANA
KOKICE CHIO SLANE 75g,90705270,CHIO,0.08 kg,ko,1.75,23.33,,,1.75,8595606209398,HRANA
ČIPS CRUNCHIPS  PAPRIKA 130g,90705469,LORENZ,0.13 kg,ko,2.79,21.46,,,2.79,4018077005589,HRANA
FLIPS CURLY CLASSIC 120g LORENZ,90705485,LORENZ,0.12 kg,ko,2.85,23.75,,,2.49,4018077006654,HRANA
SARDINA S POVRĆ U UMAKU 100g/50g ,90705604,EVA,0.05 kg,ko,2.49,49.8,,,2.09,3856020262587,HRANA
MUFFIN SUNNY ČOKOLADA 30gX2KOM,90705609,SUNNY,0.06 kg,ko,0.59,9.83,,,0.59,3850334043283,HRANA
KROASAN SUNNY MIDI KAKAO ČOK 50g,90705617,SUNNY,0.05 kg,ko,0.59,11.8,,,0.59,3850334043245,HRANA
STUDENTSKI MIX FAMILY PACK EC 300g,90705629,EUROCOMPANY,0.30 kg,ko,4.39,14.63,,,4.39,3872084014368,HRANA
DUO MIX BRUSN I ORAH IND FP EC 300g,90705631,EUROCOMPANY,0.30 kg,ko,6.19,20.63,,,6.19,3872084014474,HRANA
PISTACIO FP EC LJUSKA SLANI 300g,90705636,EUROCOMPANY,0.30 kg,ko,9.39,31.3,,,9.09,3872084015099,HRANA
NAPITAK HIDRA ISO 0.33L ,90705683,HIDRA,0.33 l,ko,1.25,3.79,,,1.19,3850131005934,PIĆE
NAPITAK HIDRA UP 0.33L ,90705688,HIDRA,0.33 l,ko,1.25,3.79,,,1.19,3850131005910,PIĆE
KROASAN SUNNY MIDI VANILI 50g,90705709,SUNNY,0.05 kg,ko,0.59,11.8,,,0.59,3850334043184,HRANA
KROASAN SUNNY MINI KAKAO ČOK 60g,90705759,SUNNY,0.06 kg,ko,0.73,12.17,,,0.73,3850334043221,HRANA
ČETKICA OB 3 EFFECT NAT DUO,90705800,ORAL B,0.50 ko,ko,3.19,6.38,,,3.19,3014260022839,KOZMETIKA
SPREJ AMBRE S KIDS SENS SPF50 270ml,90705906,GARNIER AMBRE SOLAIR,0.27 l,ko,26.99,99.96,,,26.99,3600542522915,KOZMETIKA
ČIPS LAY'S  SLANI 130g,90706000,PEPSICO,0.13 kg,ko,2.85,21.92,,,2.75,5900259127600,HRANA
KRUH BIJELI REZ 500g PAK PIK RIJEKA,90706003,PIK RIJEKA,0.50 kg,ko,1.79,3.58,,,1.59,3850135222511,HRANA
KRUH POLUBIJ REZ 500g PAK PIK RIJEKA,90706005,PIK RIJEKA,0.50 kg,ko,1.79,3.58,,,1.59,3850135222528,HRANA
ČIPS LAY'S  MAXX PAPRIKA 120g,90706138,PEPSICO,0.12 kg,ko,2.85,23.75,,,2.75,5900259128966,HRANA
NEG PIĆE CAPPY PINK LEMONADE 0.4L,90706211,CAPPY,0.40 l,ko,1.49,3.73,,,1.49,5449000056245,PIĆE
TUNJ SALATA PROTEIN 160g EVA,90706294,EVA,0.16 kg,ko,5.39,33.69,,,5.39,3856020263904,HRANA
MAGLICA TROPIC SUN BIOBAZA 250ml,90706297,BIOBAZA,0.25 l,ko,9.19,36.76,,,9.19,3856020909796,KOZMETIKA
PAŠTETA PILEĆA CREAM 95g LINO,90706304,LINO,0.10 kg,ko,1.85,19.47,,,1.85,3856020260439,HRANA
VREĆA SMEĆE POWER FINO 160L 10/1,90706380,FINO,10.00 ko,ko,6.09,0.61,,,6.09,5201314932048,PROIZVODI ZA KUĆANSTVO
PEL PAMPERS PREMIUM JP S2 88/1,90706571,PAMPERS,88.03 ko,ko,30.99,0.35,,,30.99,8006540857717,TOALETNE POTREPŠTINE
MIX NESCAFE STRONG 3U1 10/1 140g,90706635,NESCAFE,0.14 kg,ko,3.69,26.36,,,3.69,8445290749413,HRANA
KOBASICA ISTARSKA SUHA 135g,90706696,PISINIUM,0.14 kg,ko,6.59,48.81,,,6.49,3858894291083,HRANA
VODA IZVOR JANA KOKOS 0.5L,90706881,JANA,0.50 l,ko,1.55,3.1,,,1.55,3858890879889,PIĆE
VODA MINERALNA JANA SČ 0.75L,90706885,JANA,0.75 l,ko,1.15,1.53,,,1.15,3858890879353,PIĆE
VODA FUNKC JANA VIT COLLAGEN 0.5L,90706895,JANA,0.50 l,ko,1.49,2.98,,,1.49,3858890879940,PIĆE
PILEĆI FILE ZABATKA CEKIN 500g,90707054,CEKIN,0.50 kg,ko,5.49,10.98,,,4.19,3850159112843,HRANA
PILEĆI STRIPS CEKIN 350 g,90707055,CEKIN,0.35 kg,ko,6.49,18.54,,,6.49,3850159112836,HRANA
PILEĆI BATAK I FILE ZABATKA CEKIN,90707059,CEKIN,1.00 kg,kg,9.09,9.09,,,9.09,3850159110924,HRANA
KAVA LEDENA STARBUCKS SKINNY 220ml,90707304,STARBUCKS,0.22 l,ko,3.29,14.97,,,3.29,5711953100345,HRANA
GRAŠAK GARDEN GOOD 3x200/3x130g,90707354,GARDEN GOOD,0.39 kg,ko,2.85,7.31,,,2.85,8605028600144,HRANA
JUŠNE OKRUGLICE MY TOPPINGS 200g,90707357,MY TOPPINGS,0.20 kg,ko,1.55,7.75,,,1.55,9001411922081,HRANA
BANJALUČKI ĆEVAP E 500g PPK,90707581,PPK,0.50 kg,ko,5.99,11.98,,,5.39,3858890803860,HRANA
 LASAGNE ALLA BOLOGNESE CHEF 400g,90707750,EUROCHEF,0.40 kg,ko,6.29,15.73,,,6.29,8013554010007,HRANA
KUS KUS PILETINA I POVRĆE CHEF 250g,90707756,EUROCHEF,0.25 kg,ko,6.29,25.16,,,6.29,8013554112114,HRANA
CRVENA RIŽA PILETINA POVRĆE CHEF 250g,90707849,EUROCHEF,0.25 kg,ko,6.29,25.16,,,6.29,8013554112053,HRANA
PILEĆI CURRY BASMATI RIŽA CHEF 250g,90707867,EUROCHEF,0.25 kg,ko,7.59,30.36,,,7.59,8013554110448,HRANA
GOVEĐI GULAŠ S KRUMPIRIMA CHEF 280g,90707871,EUROCHEF,0.28 kg,ko,7.59,27.11,,,7.59,8013554103112,HRANA
PLOČICA KIKIR MED 50g NUTTY ,90708070,NUTTY BARICA,0.05 kg,ko,2.89,57.8,,,2.65,3857500109606,HRANA
PLOČICA KIKIR KAKAO 50g NUTTY,90708072,NUTTY BARICA,0.05 kg,ko,2.89,57.8,,,2.65,3857500109675,HRANA
PLOČICA KIKIR BADEM 50g NUTTY,90708075,NUTTY BARICA,0.05 kg,ko,2.89,57.8,,,1.95,3857500109637,HRANA
SIR MEKI CAMMEMBERT DELISO 125g,90712738,DELISO,0.13 kg,ko,2.29,18.32,,,2.29,3838900826584,HRANA
VREĆICA TERMO FRESH&PACK,90712925,FRESH&PACK,1.00 ko,ko,1.65,1.65,,,1.65,3850334045676,PROIZVODI ZA KUĆANSTVO
ŠUNKA PROSCIUTTO COTTO 100g NAR PAOLO,90713091,ROVAGNATI,0.10 kg,ko,3.69,36.9,,,3.69,8007141501610,HRANA
MORTADELA S PISTACIJAMA NAR 100g BORGO,90713093,ROVAGNATI,0.10 kg,ko,3.69,36.9,,,3.69,8007141521984,HRANA
HRVATSKO PILE PODLOŽAK SVJEŽE CEKIN,90713242,CEKIN,1.00 kg,kg,3.31,3.31,,,3.31,3850159112829,HRANA
NAPITAK ZOB EKO 1L BRIDGE,90713254,THE BRIDGE,1.00 l,ko,3.29,3.29,,,3.29,8019428000105,HRANA
PAHULJICE KIT KAT 330g NESTLE,90713434,NESTLE ŽITAR,0.33 kg,ko,5.59,16.94,,,5.39,5900020043191,HRANA
TOAST CLASSIC 400g MLINAR,90714180,MLINAR,0.40 kg,ko,2.35,5.88,,,2.19,3858881120419,HRANA
TOAST INTEGRALNI 400g MLINAR,90714183,MLINAR,0.40 kg,ko,2.75,6.88,,,2.55,3858881120082,HRANA
KRUH FIT 420g PAK MLINAR,90714325,MLINAR,0.42 kg,ko,2.85,6.79,,,2.69,3856028400967,HRANA
FILTER ZA KAVU MELITTA 4/40KOM,90719989,MELITA,40.00 ko,ko,3.19,0.08,,,3.09,4006508200016,PROIZVODI ZA KUĆANSTVO
VODKA SMIRNOFF ICE RED CAN 0.25L ,90719992,SMIRNOFF,0.25 l,ko,4.39,17.56,,,4.39,5410316997980,PIĆE
BUDDY MP MINI GOV JET 150g,90720040,BUDDY,0.15 kg,ko,0.87,5.8,,,0.87,3850334043702,PROIZVODI ZA KUĆANSTVO
PECIVO ŽEMLJA 75g PIK RIJEKA,90720242,PIK RIJEKA,0.08 kg,ko,0.43,5.73,,,0.37,3850135242151,HRANA
PECIVO TARTARUGA PAK 240g PIK RIJEKA,90720250,PIK RIJEKA,0.24 kg,ko,1.45,6.04,,,1.49,3850135242496,HRANA
MARINATO GRILL MINI FILE cca 800g,90720270,CEKIN,1.00 kg,kg,10.49,10.49,,,10.49,3850159150272,HRANA
MLIJ NAM K PLUS 70g,90724740,K PLUS,0.07 kg,ko,0.49,7,,,0.49,3850334063182,HRANA
PROTEIN NAPITAK ČOKOLADA 250ML ZOTT,90724904,ZOTT,0.25 l,ko,1.75,7,,,1.59,4014500520032,HRANA
RUČNIK PAP PALOMA DESIGN 3SL 3/1,90725046,PALOMA,3.00 ko,ko,3.49,1.16,,,3.49,3838952033930,PROIZVODI ZA KUĆANSTVO
JOGURT SOJIN NATURAL 400g ALPRO,90725242,ALPRO,0.40 kg,ko,3.69,9.23,,,3.69,5411188137979,HRANA
KOBASICA ČAJNA 300g GAVRILOVIĆ,90725254,GAVRILOVIĆ,0.30 kg,ko,7.99,26.63,,,7.99,3858892725849,HRANA
SALAMA ZIMSKA 300g GAVRILOVIĆ,90725256,GAVRILOVIĆ,0.30 kg,ko,11.59,38.63,,,11.59,3858892725719,HRANA
PALENTA INSTANT K PLUS 500g,90725553,K PLUS,0.50 kg,ko,0.89,1.78,,,0.95,3850334063120,HRANA
DAX GUMENE RUKAVICE L 2/1,90725625,DAX,2.00 ko,ko,1.59,0.8,,,1.59,3850334036599,PROIZVODI ZA KUĆANSTVO
DAX GUMENE RUKAVICE M 2/1,90725626,DAX,2.00 ko,ko,1.59,0.8,,,1.59,3850334036575,PROIZVODI ZA KUĆANSTVO
NAMAZ MARGARINSKI OMEGOL 225g,90725799,OMEGOL,0.23 kg,ko,2.49,11.07,,,2.25,3856015328625,HRANA
NJOKI MINUTE 500g KADICA,90725828,MINUTE,0.50 kg,ko,1.29,2.58,,,1.75,3850334044792,HRANA
NJOKI MINUTE 1000g,90725830,MINUTE,1.00 kg,ko,2.99,2.99,,,2.99,3850334044839,HRANA
TIJESTO FUSILLI 500g PASTA ZARA,90725840,PASTA ZARA,0.50 kg,ko,1.89,3.78,,,1.89,8004350130570,HRANA
KAŠA JEČMENA K PLUS 750g,90725924,K PLUS,0.75 kg,ko,0.85,1.13,,,0.85,3850334055170,HRANA
SIR KRAVLJI S TARTUFIMA 240g ZIGANTE,90725930,ZIGANTE,0.24 kg,ko,17.39,72.46,,,17.39,3858891982113,HRANA
SKUŠA FIL U BILJ ULJU 100g/70g EVA,90726049,EVA,0.07 kg,ko,4.09,58.43,,,2.79,3856020263034,HRANA
LIP BALM LABELLO ORIGINAL 4.8g,90726926,LABELLO,0.01 kg,ko,4.49,935.42,,,4.49,9005800362861,KOZMETIKA
LIP BALM LABELLO CHERRY SHINE 4.8g,90726936,LABELLO,0.01 kg,ko,5.59,1164.58,,,5.59,9005800362946,KOZMETIKA
MJEŠAVINA ČETIRI GODIŠNJA DOBA 400g,90730626,LEDO,0.40 kg,ko,3.59,8.98,,,3.59,3850116059754,HRANA
MJEŠAVINA PROVANSA 400G,90730629,LEDO,0.40 kg,ko,3.59,8.98,,,3.59,3850116059785,HRANA
MJEŠAVINA GURMAN 400g,90730631,LEDO,0.40 kg,ko,3.59,8.98,,,3.59,3850116059815,HRANA
POMMES EXTRA TANKI 600g,90730639,LEDO,0.60 kg,ko,4.89,8.17,,,4.89,3850116063867,HRANA
CORNFLAKES RISE&SMILE VR 500g,90730682,RISE&SMILE,0.50 kg,ko,1.99,3.98,,,1.99,3850334070609,HRANA
LIKER APEROL SPRITZ 3X0.2L,90730922,APEROL,0.60 l,ko,12.79,21.32,,,12.79,8002230340538,PIĆE
TUNA ODREZAK 250g WOFCO,90730929,WOFCO,0.25 kg,ko,7.29,29.16,,,7.29,8436565912380,HRANA
KREKER TUC PAPRIKA 100g,90063061,TUC,0.10 kg,ko,1.45,14.5,,,1.45,5410041435900,HRANA
FLIPS LUMPI KIKIRIKI 40G,90251886,LUMPI,0.04 kg,ko,0.37,9.25,,,0.29,3850334598776,HRANA
MILKSHAKE M-MINUTE MIX 20x230ml,90731087,MINUTE,4.60 l,ko,37.49,8.15,,,37.49,3838900829370,HRANA
DESERT KINDER COUNTRY T1 23.5g,90731123,FERRERO,0.02 kg,ko,1.09,46.38,,,0.99,40084176,HRANA
SLANINA BARANJSKA NAR 100g MA,90731253,BELJE,0.10 kg,ko,3.89,38.9,,,3.89,3850257053253,HRANA
KOLAČ DONUTS CHOCO CREAM 3/1 75g JAFFA,90731267,JAFFA,0.08 kg,ko,1.25,16.67,,,1.25,8600114010852,HRANA
SENDVIČ HIGH PROTEIN PURETINA 150g,90731567,EUROCHEF,0.15 kg,ko,4.39,29.27,,,4.39,8013554114491,HRANA
SENDVIČ HIGH PROTEIN TUNA 150g,90731569,EUROCHEF,0.15 kg,ko,4.39,29.27,,,4.39,8013554114507,HRANA
PILEĆA MINI KRILCA 450g,90732048,MEĐIMURSKO PILE,0.45 kg,ko,3.39,7.53,,,3.39,3850220408400,HRANA
PRŠUT DOBRO NAR 250g,90732052,DOBRO,0.25 kg,ko,10.99,43.96,,,10.99,3850133804115,HRANA
SKUŠA S POVRĆEM EVA 100g/70g,90732360,EVA,0.07 kg,ko,2.85,40.71,,,2.49,3856020263065,HRANA
MORTADELA 500g,90732460,NEGRONI,0.50 kg,ko,9.19,18.38,,,8.89,8028257001023,HRANA
MORTADELA S PISTACIOM 500g,90732463,NEGRONI,0.50 kg,ko,9.19,18.38,,,8.89,8028257011831,HRANA
ŠUNKA PUREĆA ISTRANKA NAR 100g,90732787,VINDON,0.10 kg,ko,3.19,31.9,,,3.19,3850159128929,HRANA
TP ZEWA DELUXE BRESKVA 3SL 8/1,90732971,ZEWA,8.00 ko,ko,3.49,0.44,,,3.49,7322541171791,TOALETNE POTREPŠTINE
TUNJ S POVRĆEM EVA 100g/51g,90733047,EVA,0.05 kg,ko,3.09,60.59,,,3.09,3856020263157,HRANA
PULLED BEEF 500g VAK PIK,90733481,PIK VRBOVEC,0.50 kg,ko,18.59,37.18,,,16.19,3850139282122,HRANA
WHISKAS TEMPTAT LOSOS 60g,90733600,WHISKAS,0.06 kg,ko,2.35,39.17,,,2.35,5998749146736,PROIZVODI ZA KUĆANSTVO
GAVELINO NADJEVENI,90733616,CEKIN,1.00 kg,kg,6.79,6.79,,,6.79,3850159113192,HRANA
MARIN PILE S BUČINIM SJEMENKAMA CCA1.6kg,90733825,MEĐIMURSKO PILE,1.00 kg,kg,6.09,6.09,,,6.09,3850220408622,HRANA
VODA NEGAZIRANA PROLOM 1.5L,90735139,PROLOM VODA,1.50 l,ko,2.59,1.73,,,2.59,8600169600022,PIĆE
ČETKICA COLG EXT CL S TVR 252 2/1,90739677,COLGATE,2.00 ko,ko,2.85,1.43,,,2.85,8714789732244,KOZMETIKA
ČEŠNJAK DOMAĆI 150 g,90744697,,0.15 kg,ko,2.05,13.67,,,1.79,3856028688686,HRANA
ŠAMPON AFR KOPR 950ml,90744832,AFRODITA,0.95 l,ko,6.59,6.94,,,5.99,3831070661672,KOZMETIKA
ŠUNKA PIK NATUR MA NAR 100g,90744857,PIK NATUR,0.10 kg,ko,3.09,30.9,,,3.09,3850139282139,HRANA
DET PERSIL GEL UNIV 0.99L=22PR,90744946,PERSIL,0.99 l,ko,10.19,10.29,,,11.99,9000101599060,SREDSTVA ZA ČIŠĆENJE
PIĆE NEG.ALOE VERA NATURAL ALOE 0.5 L ,90745040,TROPICAL,0.50 l,ko,3.19,6.38,,,3.19,8712857004606,PIĆE
PIĆE NEG.ALOE VERA MANGO 0.5 L,90745048,TROPICAL,0.50 l,ko,3.19,6.38,,,3.19,8712857007201,PIĆE
PUREĆI FILE OD PRSA 475g,90745156,VINDON,0.48 kg,ko,8.09,17.03,,,8.09,3850339402665,HRANA
DAX RUKAVICE NITRIL BEZ PUD CRN M 100/1,90745170,DAX,100.00 ko,ko,5.99,0.06,,,5.99,3850334070975,PROIZVODI ZA KUĆANSTVO
SUSHI SNIŽENJE GINGER,90745244,GINGER SUSHI,0.28 kg,ko,5,18.1,,,6.39,3859893601439,HRANA
BOMBON MR TWISTER VOĆNE KARAMELE 250g,90745535,MR TWISTER,0.25 kg,ko,1.85,7.4,,,1.85,3850334045690,HRANA
SAPUN OLEA CREAMY 100 g,90745921,OLEA,0.10 kg,ko,0.59,5.9,,,0.59,3850334071224,KOZMETIKA
PECIVO PUTER ŠTANGICE 3/1 180 g,90749652,PET MINUTA,0.18 kg,ko,2.49,13.83,,,2.49,3858885565612,HRANA
TUNJ FILET 100 g/70 g EVA,90749653,EVA,0.07 kg,ko,4.39,62.71,,,4.39,3856020263096,HRANA
NAMAZ FINESSE LJEŠNJAK 400 g,90749832,FINESSE,0.40 kg,ko,2.35,5.88,,,3.49,3838900834626,HRANA
NAMAZ FINESSE DUO LJEŠNJAK MLIJEKO 400 g,90749838,FINESSE,0.40 kg,ko,3.49,8.73,,,3.29,3838900834640,HRANA
INSTANT KAVA RITUAL CLASSIC 200 g,90749852,RITUAL,0.20 kg,ko,8.69,43.45,,,8.69,3850334083050,HRANA
KIKIRIKI HRUSTY PRŽENI SLANI 500 g,90749987,HRUSTY,0.50 kg,ko,2.85,5.7,,,2.85,3850334415172,HRANA
ANANAS,90750001,,1.00 kg,kg,2.39,2.39,,,2.99,3858885879498,HRANA
LOSOS FILET CHAIN NOR OCEAN 2x125 g,90750074,OCEAN,0.25 kg,ko,7.29,29.16,,,7.29,3850334098719,HRANA
NAMAZ NUTELLA 750 g,90750092,NUTELLA,0.75 kg,ko,9.89,13.19,,,9.19,80176800,HRANA
DOMESTOS PF FLORAL 700ml,90750202,DOMESTOS,0.70 l,ko,3.99,5.7,,,3.99,8720181345920,SREDSTVA ZA ČIŠĆENJE
KAVA CREMA MLJEV 3U1 9 g FRANCK,90750358,FRANCK CREMA,0.01 kg,ko,0.57,63.33,,,0.39,3850291054100,HRANA
TP ZEWA DELUXE BIJELA 3SL 8/1,90750566,ZEWA,8.00 ko,ko,3.49,0.44,,,3.49,7322541171739,TOALETNE POTREPŠTINE
ŠNICLE OD SV  KAREA RAW-ŠTILJ 400 g ,90750681,RAW ŠTILJ,0.40 kg,ko,3.59,8.98,,,3.59,3850334111227,HRANA
SIR TOPLJ LIST EMENTAL DELISO 200g,90750907,DELISO,0.20 kg,ko,2.29,11.45,,,2.29,3850334082626,HRANA
SIR TOPLJ LIST CHEDDAR DELISO 200g,90750917,DELISO,0.20 kg,ko,2.29,11.45,,,2.29,3850334082664,HRANA
ČIPI ČIPS SLANI 130 g,90751027,ČIPI ČIPS,0.13 kg,ko,2.75,21.15,,,2.75,3856021306501,HRANA
ČIPI ČIPS SVJ SIR I MLADI LUK 130 g,90751037,ČIPI ČIPS,0.13 kg,ko,2.75,21.15,,,2.75,3856021306662,HRANA
ČIPI ČIPS PAPRIKA 120 g ,90751044,ČIPI ČIPS,0.12 kg,ko,2.75,22.92,,,2.75,3856021306549,HRANA
CROISSANT 7DAYS MIDI SPUMANTE 60 g,90754776,CHIPITA,0.06 kg,ko,1.05,17.5,,,1.05,7622201391737,HRANA
COCKTAIL GIN & ROSE 0.5 L,90754796,JOHAN FREITAG,0.50 l,ko,2.65,5.3,,,2.49,4750142005741,PIĆE
COCKTAIL RTD ABSOLUT RAS LEMON 0.25L,90754892,ABSOLUT,0.25 l,ko,3.59,14.36,,,3.49,7312040323043,PIĆE
VISKI STAG HUNTER 0.7L,90754910,STAG HUNTER,0.70 l,ko,12.39,17.7,,,12.39,5021692450459,PIĆE
KOLAČ ŠNITA OD BANANA 250g,90754961,JOMO,0.25 kg,ko,3.09,12.36,,,3.09,9002287000903,HRANA
ČIPS DORITOS NACHO SIR 90g,90754984,DORITOS,0.09 kg,ko,2.49,27.67,,,2.49,8606017379393,HRANA
ČIPS DORITOS TACO PIKANTNI 90g,90754987,DORITOS,0.09 kg,ko,2.49,27.67,,,2.49,8606017379416,HRANA
ČIPS DORITOS LJUTA PAPRIKA 90g,90754989,DORITOS,0.09 kg,ko,2.49,27.67,,,2.49,8606017379423,HRANA
ČIPS DORITOS BARBECUE 90g,90754991,DORITOS,0.09 kg,ko,2.49,27.67,,,2.49,8606017379430,HRANA
KREMA NIVEA BABY SOFT 200 ml,90759670,NIVEA,0.20 l,ko,6.19,30.95,,,6.19,9005800369495,KOZMETIKA
GEL TUŠ NIVEA BABY HEAD TOE 200 ml,90759672,NIVEA,0.20 l,ko,6.59,32.95,,,6.59,9005800369099,KOZMETIKA
KRUH KUKURUZNI 600g PAK K PLUS,90759782,K PLUS,0.60 kg,ko,2.25,3.75,,,2.25,3850334108227,HRANA
KRUH SA SJEMENKAMA 500g PAK K PLUS,90759784,K PLUS,0.50 kg,ko,2.25,4.5,,,2.25,3850334108326,HRANA
SLAD CINQUE STELLE STRACCIAT 6x90 ml,90759858,SAMMONTANA,0.36 l,ko,7.29,20.27,,,7.29,8005840020623,HRANA
SLAD CINQUE STELLE VAN VIŠNJA 6x90 ml,90759865,SAMMONTANA,0.36 l,ko,7.29,20.27,,,7.29,8005840020593,HRANA
JOGURT JAGODA 1L TTOP Z BREGOV,90759912,Z BREGOV,1.00 l,ko,3.09,3.09,,,3.09,3850108037586,HRANA
TORTILJA ČIPS HRUSTY CHEESE 150 g,90759926,HRUSTY,0.15 kg,ko,1.09,7.27,,,1.09,8605028611416,HRANA
COCKTAIL GIN & TONIC 0.5 L,90764649,JOHAN FREITAG,0.50 l,ko,2.65,5.3,,,2.49,4750142005758,PIĆE
BISKVIT S LIMUNOM 8/1 200 G MR BROWNIE,90764695,MR BROWNIE,0.20 kg,ko,4.39,21.95,,,4.09,8411037892476,HRANA
BISKVIT ČOKO BROWNIE 8/1 200 g MR BROWNIE,90764706,MR BROWNIE,0.20 kg,ko,4.39,21.95,,,4.09,8411037800037,HRANA
SLAD QUATTRO COLORI ČOKOLADA 1500 ml,90764723,QUATTRO,1.50 l,ko,7.89,5.26,,,7.29,3850116064352,HRANA
SLAD QUATTRO COLORI VOĆE 1500 ml,90764739,QUATTRO,1.50 l,ko,7.89,5.26,,,7.29,3850116064321,HRANA
SLAD QUATTRO MINI PLAZMA 800 ml,90764742,QUATTRO,0.80 l,ko,6.09,7.61,,,6.09,3850116064383,HRANA
SLAD QUATTRO LINO LADA 1500 ml,90764757,QUATTRO,1.50 l,ko,9.09,6.06,,,9.09,3850116064239,HRANA
SLAD QUATTRO PLAZMA 1500 ml,90764762,QUATTRO,1.50 l,ko,9.09,6.06,,,9.09,3850116064291,HRANA
VINO MALVAZIJA DEKLIĆ VRH 0.75L,90764780,DEKLIĆ,0.75 l,ko,18.79,25.05,,,18.79,3857500030214,PIĆE
COCKT RTD PELIN SPRITZ LEMON 0.25L,90764796,BADEL 1862,0.25 l,ko,2.49,9.96,,,2.49,3850112143075,PIĆE
PAN PILEĆI FILET SEZAM 500 g CEKIN,90764858,CEKIN,0.50 kg,ko,7.99,15.98,,,7.69,3850159141201,HRANA
PANIRANI FILET ZABATKA 700 g CEKIN,90764862,CEKIN,0.70 kg,ko,9.39,13.43,,,6.49,3850159141195,HRANA
SLAD KING MAJESTIC 450ml,90764869,KING,0.45 l,ko,9.79,21.76,,,8.49,3850116064505,HRANA
SLAD KING OBSESSION 450 ml,90764876,KING,0.45 l,ko,9.79,21.76,,,8.49,3850116064475,HRANA
SLAD LEDO SILK MILK 65 ml,90764888,LEDO,0.07 l,ko,1.59,24.46,,,1.59,3850116064055,HRANA
SLAD LEDO KING SUPREME 100 ml,90764891,KING,0.10 l,ko,3.49,34.9,,,3.39,3850116064116,HRANA
SLAD LEDO KING SEDUCTION 100 ml,90764893,KING,0.08 l,ko,3.49,41.53,,,3.39,3850116064086,HRANA
SLAD LEDO PLAZMA CHEESECAKE 100 ml,90764895,LEDO,0.10 l,ko,2.45,24.5,,,2.45,3850116064260,HRANA
COCKTAIL BLUE LAGOON 0.33L NB,90764945,A LE COQ,0.33 l,ko,1.99,6.03,,,1.89,4740098002918,PIĆE
COCKTAIL RTD STOCK 84 & COLA 0.25L,90764956,STOCK,0.25 l,ko,2.99,11.96,,,2.99,8594005026087,PIĆE
ČIPS CHIO PAPRIKA 130 g,90764970,CHIO,0.13 kg,ko,2.75,21.15,,,2.75,3856021306709,HRANA
ČIPS CHIO SOUR CREAM&ONION 130 g,90764976,CHIO,0.13 kg,ko,2.75,21.15,,,2.75,3856021306747,HRANA
COCKT RTD PELIN SPRITZ ORANGE 0.25L,90765011,BADEL 1862,0.25 l,ko,2.49,9.96,,,2.49,3850112143099,PIĆE
AJVAR DOMAĆI BLAGI 550g DOORA,90765134,DOORA,0.55 kg,ko,10.79,19.62,,,10.79,3858894540334,HRANA
DESERT TORTICA LINO LADA 21 g KRAŠ,90765152,TORTICA,0.02 kg,ko,0.69,32.86,,,0.69,3850102008735,HRANA
ČOKOLADA DORINA JAGODA VANILIJA 95 g,90765218,DORINA,0.10 kg,ko,2.49,26.21,,,2.49,3850102009947,HRANA
COCKT RTD MALIBU STR DAIQUIRI 0.25L,90765273,MALIBU,0.25 l,ko,3.69,14.76,,,3.49,7312040340118,PIĆE
MARINIRANI PILEĆI MINI FILE 400g,90765298,PERUTNINA PT,0.40 kg,ko,7.39,18.48,,,7.39,3850220408806,HRANA
PARTY TRIK MIX 300 g,90769666,TRIK,0.30 kg,ko,2.49,8.3,,,2.25,8600462020954,HRANA
BUNDEVA LJUSKA SUHOPRŽ FP EC 200 g,90769722,EUROCOMPANY,0.20 kg,ko,2.75,13.75,,,2.75,3872084015686,HRANA
ORAH IND SUHOPRŽ SLANI FP EC 300 g,90769728,EUROCOMPANY,0.30 kg,ko,6.99,23.3,,,6.99,3872084015693,HRANA
ČIPS DORITOS SWEET CHILLI 90 g,90770009,DORITOS,0.09 kg,ko,2.49,27.67,,,2.49,8606017379409,HRANA
SIR TVRDI OVČJI 230g ŠPIN,90770460,ŠPIN,0.23 kg,ko,14.99,65.17,,,12.39,3858881196520,HRANA
SIR TVRDI KOLO 300g MIH,90770472,SIRANA MIH,0.30 kg,ko,9.79,32.63,,,9.79,3859891700929,HRANA
DESERT KINDER CARDS 25.6g,90770572,FERRERO,0.03 kg,ko,0.99,38.67,,,0.87,80874652,HRANA
PIVO FAVORIT 6PACK 0.5L LIM ,90770592,FAVORIT,0.50 l,ko,8.99,17.98,,,8.99,3850172200206,PIĆE
DESERT LEO MILKA 48 g,90770600,MILKA,0.05 kg,ko,1.59,33.12,,,1.59,7622202041495,HRANA
SALAMA UNGHERESE 80g NAR,90770662,CASA MODENA,0.08 kg,ko,2.39,29.88,,,2.39,8004225044230,HRANA
BRESAOLA 70g NAR,90770664,CASA MODENA,0.07 kg,ko,5.49,78.43,,,4.19,8004225108734,HRANA
MORTADELA BOLOGNA IGP 120g NAR,90770667,FRATELLI PARMIGIANI,0.12 kg,ko,2.75,22.92,,,2.75,8004225045664,HRANA
LARDO 90g NAR,90770669,FRATELLI PARMIGIANI,0.09 kg,ko,3.59,39.89,,,3.59,8007699009101,HRANA
SALANETTIS SORGER BITS KLASIK 80g,90770684,SORGER,0.08 kg,ko,3.09,38.63,,,3.09,9002055004546,HRANA
SALANETTIS SORGER BITS PIKANT 80g,90770688,SORGER,0.08 kg,ko,3.09,38.63,,,3.09,9002055004584,HRANA
KAMINWURZERL BLAGI SORGER 150g,90770702,SORGER,0.15 kg,ko,4.19,27.93,,,4.19,9002055107315,HRANA
ŽV GUMA ORBIT SPEARMINT BOČ 64 g,90770783,WRIGLEY,0.06 kg,ko,4.59,71.72,,,4.59,4009900537506,HRANA
ŽV GUMA ORBIT PEPERMINT BOČ 64 g,90770788,WRIGLEY,0.06 kg,ko,4.59,71.72,,,4.59,4009900550215,HRANA
ŽV GUMA AIRW EXTREME BOČ 64 g,90770792,WRIGLEY,0.06 kg,ko,4.59,71.72,,,4.59,4009900550208,HRANA
VODA MINERALNA JANA 5L,90774664,JANA,5.00 l,ko,3.79,0.76,,,3.79,3856028502937,PIĆE
PEDIGREE TASTY MINI SIR 140 g,90774740,PEDIGREE,0.14 kg,ko,2.75,19.64,,,2.75,5998749145333,PROIZVODI ZA KUĆANSTVO
PEDIGREE SP ADULT GOVED POVR 500 g,90774864,PEDIGREE,0.50 kg,ko,3.69,7.38,,,3.69,5900951310706,PROIZVODI ZA KUĆANSTVO
GEL TUŠ DOVE W SILKY VELVET 250 ml,90775013,DOVE,0.25 l,ko,2.99,11.96,,,2.99,8720181468513,KOZMETIKA
GEL TUŠ DOVE W HYDRATE 250 ml,90775038,DOVE,0.25 l,ko,2.99,11.96,,,2.99,8720181466489,KOZMETIKA
GEL TUŠ DOVE W DEEPLY NOURISH 225 ml,90775061,DOVE,0.23 l,ko,5.59,24.84,,,5.59,8720181457494,KOZMETIKA
PEDIGREE MP PIL POVR 100g VR,90775477,PEDIGREE,0.10 kg,ko,1.09,10.9,,,1.09,5900951312946,PROIZVODI ZA KUĆANSTVO
BRIJAČ WILK COMFORT 12/1,90775552,WILKINSON,12.00 ko,ko,2.35,0.2,,,2.35,4027800319107,KOZMETIKA
BRIJAČ WILK XTREME 3 12/1,90775559,WILKINSON,12.00 ko,ko,2.35,0.2,,,2.35,4027800110414,KOZMETIKA
KREKER RIŽA INTEG SLANI ACTIVE ZONE 50 g,90775589,ACTIVE ZONE,0.05 kg,ko,0.59,11.8,,,0.55,3838900838235,HRANA
KREKER KUKURUZNI SLANI ACTIVE ZONE 50 g,90775592,ACTIVE ZONE,0.05 kg,ko,0.59,11.8,,,0.55,3838900838242,HRANA
VODA PRIRODNA MINERALNA SARA RIVA 6L,90775619,RIVA,6.00 l,ko,2.05,0.34,,,2.05,3856028501992,PIĆE
PIVO KLAAS GREJP 0.5L LIM ,90775716,KLAAS,0.50 l,ko,1.05,2.1,,,1.05,3850334113740,PIĆE
ARIZONA RAŽNJIĆI FILEA PRSA,90775724,CEKIN,1.00 kg,kg,15.99,15.99,,,15.99,3850159150289,HRANA
RUČNIK NATUR JUMBO 350L 2SL 1/1,90779871,NATUR,1.00 ko,ko,4.59,4.59,,,4.59,3850334114334,PROIZVODI ZA KUĆANSTVO
KREKER RIŽA ACTIVE ZONE 120 g,90779998,ACTIVE ZONE,0.12 kg,ko,1.19,9.92,,,1.19,3838900837436,HRANA
KREKER RIŽA SLANI ACTIVE ZONE 120 g,90780001,ACTIVE ZONE,0.12 kg,ko,1.19,9.92,,,1.19,3838900837429,HRANA
PIRE VOĆNI POWER BIO 200 g O PLANT,90780052,O PLANT,0.20 kg,ko,2.45,12.25,,,2.45,3856020270575,HRANA
PIRE VOĆNI IMMUNO BIO 200 g O PLANT,90780056,O PLANT,0.20 kg,ko,2.45,12.25,,,2.45,3856020270605,HRANA
PIRE VOĆNI FOCUS BIO  200 g O PLANT,90780062,O PLANT,0.20 kg,ko,2.45,12.25,,,2.45,3856020270636,HRANA
PIRE VOĆNI RELAX BIO 200 g O PLANT,90780068,O PLANT,0.20 kg,ko,2.45,12.25,,,2.45,3856020270667,HRANA
PIRE VOĆNI GLOW BIO 200 g O PLANT,90780071,O PLANT,0.20 kg,ko,2.45,12.25,,,2.45,3856020270698,HRANA
PIRE VOĆNI REFRESH BIO 200 g O PLANT,90780076,O PLANT,0.20 kg,ko,2.45,12.25,,,2.45,3856020272548,HRANA
SPREJ AMBRE SOL SENS ADV SPF50+ 150 ml,90784691,GARNIER AMBRE SOLAIR,0.15 l,ko,23.49,156.6,,,23.49,3600542520423,KOZMETIKA
RUM BUMBU ORIGINAL 0.7 L,90784817,BUMBU,0.70 l,ko,48.99,69.99,,,48.99,0813497006215,PIĆE
VINO CHARDONNAY FRANKOVIĆ 0.75 L,90784877,FRANKOVIĆ,0.75 l,ko,17.39,23.19,,,17.39,3857500010346,PIĆE
VINO MALVAZIJA FRANKOVIĆ 0.75 L,90784878,FRANKOVIĆ,0.75 l,ko,16.19,21.59,,,16.19,3857500010308,PIĆE
NAPITAK POWERADE GOLDEN MANGO 0.5L,90784928,POWERADE,0.50 l,ko,2.05,4.1,,,2.05,5449000320988,PIĆE
GAZ PIĆE COCA COLA 0.3L PET ,90785019,COCA COLA,0.30 l,ko,1.19,3.97,,,1.19,,PIĆE
HRENOVKE WUDY KLASIK 300 g,90785362,WUDY,0.30 kg,ko,1.59,5.3,,,1.45,8008110040642,HRANA
MARINIRANI PILEĆI BATAK ZABATAK OTKOŠTENI RAW-ŠTILJ,90785367,RAW ŠTILJ,1.00 kg,kg,7.69,7.69,,,7.69,3850159155376,HRANA
SOMAT EXCELLENCE 4IN1 50TAB,90785419,SOMAT,50.00 ko,ko,30.99,0.62,,,30.99,9000101807998,SREDSTVA ZA ČIŠĆENJE
FINISH QUANTUM AIO LEMON 36TAB,90785458,FINISH ADW,36.00 ko,ko,20.99,0.58,,,20.99,5999109581532,SREDSTVA ZA ČIŠĆENJE
KRUH DOMAĆI MEDITERANEO 400 g DON DON,90789919,DON DON,0.40 kg,ko,2.95,7.38,,,2.95,3830085170483,HRANA
PIVO OSJEČKO CRNI RADLER 1664 0.5 l,90794807,OSJEČKO,0.50 l,ko,1.95,3.9,,,1.95,3858895010010,PIĆE
DŽEM K PLUS EXTRA MARELICA 350g,90794848,K PLUS,0.35 kg,ko,3.09,8.83,,,3.09,3850334111326,HRANA
DŽEM K PLUS EXTRA JAGODA 350g,90794852,K PLUS,0.35 kg,ko,3.09,8.83,,,3.09,3850334111456,HRANA
VREĆICA PAPIRNATA KONZUM,90794966,K PLUS,1.00 ko,ko,0.49,0.49,,,0.49,3850334113726,PROIZVODI ZA KUĆANSTVO
RUM CREAM BUMBU 0.7 l,90794973,BUMBU,0.70 l,ko,36.49,52.13,,,36.49,0813497006192,PIĆE
PROSECCO CUVEE VALDO DOC EDRY 0.75 l,90794979,VALDO,0.75 l,ko,14.79,19.72,,,14.79,8002335620061,PIĆE
PROSECCO ROSE VALDO DOC BRUT 0.75 l,90794984,VALDO,0.75 l,ko,17.19,22.92,,,17.19,8002335650068,PIĆE
KOBASICA DALMATINSKA 200 g VP PIVAC,90795026,PIVAC,0.20 kg,ko,4.09,20.45,,,4.09,3858881616264,HRANA
MIX NESCAFE FRAPPE 3U1 15g,90795083,NESCAFE,0.02 kg,ko,0.37,24.67,,,0.37,8445291182646,HRANA
MASLAC ALPINETTA 250 g,90795150,ALPINETTA,0.25 kg,ko,2.99,11.96,,,2.99,4006496018129,HRANA
PECIVO HAMBI SA SEZAMOM 2/1 170 g DON,90795493,DON DON,0.17 kg,ko,1.49,8.76,,,1.49,3858885565636,HRANA
TORTILJA ČIPS HRUSTY 150g,90799779,HRUSTY,0.15 kg,ko,1.09,7.27,,,1.09,8605028610730,HRANA
PECIVO KAJZERICA PAK 200 g PIK RIJEKA,90800116,PIK RIJEKA,0.20 kg,ko,1.55,7.75,,,1.59,3850135242694,HRANA
MIX NES CL 3U1 15.5 g,90800121,NESCAFE,0.02 kg,ko,0.37,23.87,,,0.37,8445291259331,HRANA
COCKT RTD PELIN&TONIK 0.33 L,90800155,MARASKA,0.33 l,ko,2.79,8.45,,,2.35,3850158510305,PIĆE
KEKS DOMAĆICA EXTRA CHOCO VR 220g,90800550,DOMAĆICA,0.22 kg,ko,4.39,19.95,,,3.19,3850102009640,HRANA
VREĆA SMEĆE HD RUČ 10L 40/1 DAX,90800588,DAX,1.00 ko,ko,0.73,0.73,,,0.73,3850334101549,PROIZVODI ZA KUĆANSTVO
VREĆA SMEĆE MD VEZ 45L 20/1 DAX,90800592,DAX,20.00 ko,ko,2.35,0.12,,,2.35,3850334315328,PROIZVODI ZA KUĆANSTVO
VREĆA SMEĆE LD VEZ EST 60 L 25/1 DAX,90800599,DAX,25.00 ko,ko,3.69,0.15,,,3.69,3850334101839,PROIZVODI ZA KUĆANSTVO
VREĆA SMEĆE LD 150 L 10/1 DAX,90800601,DAX,10.00 ko,ko,2.09,0.21,,,2.09,3850334102560,PROIZVODI ZA KUĆANSTVO
MIX NESCAFE CL 3U1 10/1 155g VR,90804745,NESCAFE,0.16 kg,ko,3.69,23.81,,,3.69,8445291261044,HRANA
LOKARDA FILETI U BILJ ULJU 110g/77g ADRIA MARE,90804819,ADRIA MARE,0.08 kg,ko,2.49,32.34,,,2.09,3850334428370,HRANA
LOKARDA FILETI U MASL  ULJU 110g/77g ADRIA MARE,90804824,ADRIA MARE,0.08 kg,ko,2.75,35.71,,,2.35,3850334428394,HRANA
KRUH BIJELI REZANI PAK 580 g  K PLUS,90810331,K PLUS,0.58 kg,ko,1.95,3.36,,,1.95,3850334420800,HRANA
LIKER TERANINO SPECIAL MOMENTS 0.5 L,90824790,SPECIAL MOMENTS,0.50 l,ko,17.19,34.38,,,17.19,3850334430656,PIĆE
COCKTAIL RTD JAMESON & COLA 0.25 L,90824870,JAMESON,0.25 l,ko,3.19,12.76,,,3.09,5011007018955,PIĆE
MJEŠAVINA TOSKANA 480 g LEDO,90824998,LEDO,0.48 kg,ko,4.89,10.17,,,4.89,3850116068282,HRANA
KOZICA ARGENTINSKA 250 g OCEAN,90825329,OCEAN,0.25 kg,ko,8.49,33.96,,,8.49,3850334098764,HRANA
DET DAX LIMUN 450 ml,90825530,DAX,0.45 l,ko,0.89,1.98,,,1.03,3838900834763,SREDSTVA ZA ČIŠĆENJE
DET DAX BALZAM 450 ml,90825537,DAX,0.45 l,ko,0.89,1.98,,,0.89,3838900834770,SREDSTVA ZA ČIŠĆENJE
KUGLICE KIKIRIKI 100 g FITFIT,90825650,FIT&FIT,0.10 kg,ko,3.59,35.9,,,3.59,8683923381733,HRANA
PIĆE NEG. ALOE VERA NAR 0.5 L,90826070,TROPICAL,0.50 l,ko,3.19,6.38,,,3.19,8712857007706,PIĆE
GAZ PIĆE LEMON SODA MOJITO 0.33 L,90826334,CRODO,0.33 l,ko,1.65,5,,,1.65,8000845065457,PIĆE
AJVAR GARDEN GOOD BLAGI PREM 550g,90826452,GARDEN GOOD,0.55 kg,ko,8.19,14.89,,,8.19,3850334431707,HRANA
LIKER BAJADERA 0.7 L,90835061,BADEL 1862,0.70 l,ko,24.49,34.99,,,24.49,3850112112453,PIĆE
MEDALJONI PILEĆEG FILEA 400 g,90839686,MEĐIMURSKO PILE,0.40 kg,ko,7.39,18.48,,,7.39,3850220117203,HRANA
KOLAČ ČUPAVCI 350 g MLINAR,90849647,MLINAR,0.35 kg,ko,6.59,18.83,,,6.59,3856028407041,HRANA
REGEN PANTENE REPAIR&PROTECT 275 ml,90850393,PANTENE,0.28 l,ko,7.49,27.24,,,7.49,8700216422338,KOZMETIKA
ŠAMPON PANTENE 3U1 REPAIR&PR 325 ml,90850411,PANTENE,0.33 l,ko,7.49,23.05,,,7.49,8700216567084,KOZMETIKA
ORAH IND SUHOPRŽ SLANI VEDRINI 200 g,90850456,VEDRINI,0.20 kg,ko,4.89,24.45,,,4.89,3858889333637,HRANA
BRIJAČ JEDNOK GILLETTE BLUE 3 1/1,90850659,GILLETTE,1.00 ko,ko,2.79,2.79,,,2.79,8006540745298,KOZMETIKA
KRUH ZLATNA KORA 600 g NAR PAK KLARA,90850675,KLARA,0.60 kg,ko,2.85,4.75,,,2.55,3856016907492,HRANA
TP NATUR FOREST 150L 3SL 10/1,90850718,NATUR,10.00 ko,ko,2.65,0.27,,,2.65,3850334429575,TOALETNE POTREPŠTINE
TARALLI DULCETTI CLASSIC 300 g,90851026,DULCETTI,0.30 kg,ko,2.25,7.5,,,2.25,3850334431264,HRANA
SLANUTAK GARDEN GOOD 410/250 g,90854701,GARDEN GOOD,0.25 kg,ko,0.99,3.96,,,0.99,3838900842843,HRANA
LEĆA GARDEN GOOD 420/240 g,90854707,GARDEN GOOD,0.24 kg,ko,0.99,4.12,,,0.99,3838900842850,HRANA
SUSHI NARA 300 g GINGER,90864850,GINGER SUSHI,0.30 kg,ko,5.99,19.97,,,7.59,3859893601736,HRANA
SUSHI SHIBUYA 260 g GINGER,90864852,GINGER SUSHI,0.26 kg,ko,6.99,26.88,,,8.89,3859893601743,HRANA
SUSHI TOKYO 260 g GINGER,90864854,GINGER SUSHI,0.26 kg,ko,8.99,34.58,,,11.39,3859893601750,HRANA
SUSHI KYOTO 260 g GINGER,90864856,GINGER SUSHI,0.26 kg,ko,7.99,30.73,,,10.19,3859893601767,HRANA
SUSHI YOKOHAMA 260 g GINGER,90864857,GINGER SUSHI,0.26 kg,ko,7.99,30.73,,,10.19,3859893601774,HRANA
SUSHI FUJI 280 g GINGER,90864859,GINGER SUSHI,0.28 kg,ko,6.99,24.96,,,8.89,3859893601781,HRANA
SUSHI OSAKA 260 g GINGER,90864860,GINGER SUSHI,0.26 kg,ko,5.99,23.04,,,7.59,3859893601798,HRANA
MEĐ.PILE PILEĆI MIX MINI 500 g,90864975,MEĐIMURSKO PILE,0.50 kg,ko,3.09,6.18,,,3.09,3850220428507,HRANA
PECIVO MLIJEČNO DULCESOL 210 g,90869647,DULCESOL,0.21 kg,ko,1.35,6.43,,,1.35,8410087335797,HRANA
TOAST DULCESOL 820 g,90869650,DULCESOL,0.82 kg,ko,3.09,3.77,,,3.09,8410087413945,HRANA
TOAST INTEGRALNI DULCESOL 820 g,90869652,DULCESOL,0.82 kg,ko,3.19,3.89,,,3.19,8410087413952,HRANA
DESERT KINDER CRISPY 34 g,90869764,FERRERO,0.03 kg,ko,1.49,43.82,,,1.35,8000500434123,HRANA
VREĆICE SA ZATVARAČEM MIX FINO 25/1,90869867,FINO,25.00 ko,ko,3.69,0.15,,,3.69,5201314185727,PROIZVODI ZA KUĆANSTVO
ČAJ MENTA 20/1 26 g FRANCK,90869872,FRANCK,0.03 kg,ko,2.25,86.54,,,2.25,3850291055411,HRANA
CAPPUCCINO NESCAFE CLASSIC 8/1 108 g,90869933,NESCAFE,0.11 kg,ko,4.99,46.2,,,4.99,8445291531581,HRANA
CAPPUCCINO NESCAFE VANILLA 8/1 112 g,90869941,NESCAFE,0.11 kg,ko,4.99,44.55,,,3.99,8445291532045,HRANA
NAPITAK HELL APPLE STRONG 0.25L,90870006,HELL,0.25 l,ko,1.35,5.4,,,1.35,5999884034612,PIĆE
CROISSANT MILKA VANILIJA 50 g,90874692,MILKA,0.05 kg,ko,1.35,27,,,1.35,7622202257223,HRANA
LIKER LAVANDA & LIMUN INCANTO 0.5 L,90874696,INCANTO,0.50 l,ko,18.19,36.38,,,18.19,3858891172460,PIĆE
CROISSANT MILKA CHOCO 50 g,90874700,MILKA,0.05 kg,ko,1.35,27,,,1.35,7622202257186,HRANA
VINO GRAŠEVINA VINEA 1 L,90874760,VIZBA VALANDOVO,1.00 l,ko,4.89,4.89,,,4.89,3859894110091,PIĆE
LIKER LIMONCELLO RAMAZZOTTI 0.7 L,90874791,RAMAZZOTTI,0.70 l,ko,16.99,24.27,,,16.99,8006550322946,PIĆE
LIKER TERANINO BADEL 0.7L,90874793,BADEL 1862,0.70 l,ko,15.39,21.99,,,15.39,3850112112750,PIĆE
LIKER LIMONCE APERITIVO 0.7 L ,90874807,LIMONCE,0.70 l,ko,20.49,29.27,,,20.49,8000440627401,PIĆE
RAKIJA TRAVARICA MARASKA 1 L,90874930,MARASKA,1.00 l,ko,15.19,15.19,,,15.19,3850158302108,PIĆE
VREĆA SMEĆE HD 35L 30/1 DAX,90875159,DAX,30.00 ko,ko,0.95,0.03,,,0.95,3850334101563,PROIZVODI ZA KUĆANSTVO
KEKS DOMAĆICA ORIGINAL VR 170 g,90875330,DOMAĆICA,0.17 kg,ko,2.49,14.65,,,2.49,3850102014613,HRANA
NAPITAK RED BULL ZERO 0.25 L,90875398,RED BULL,0.25 l,ko,2.15,8.6,,,2.15,90474637,PIĆE
KAVA RITUAL MLJEVENA 500 g,90879683,RITUAL,0.50 kg,ko,6.79,13.58,,,6.79,3850334114150,HRANA
OCAT JABUČNI 1 l PREHRANA,90879735,PREHRANA,1.00 l,ko,1.19,1.19,,,1.19,3859891093106,HRANA
PIVO STAROČEŠKO RAD CR LIM 0.5 L LIM,90884942,STAROČEŠKO,0.50 l,ko,1.85,3.7,,,1.85,3859893750984,PIĆE
NAPITAK RED BULL SUMMER PEACH 0.25 L,90884947,RED BULL,0.25 l,ko,2.15,8.6,,,2.15,90474729,PIĆE
GAZ PIĆE NARANČADA JAMNICA 0.5 l PET,90884959,JAMNICA,0.50 l,ko,1.69,3.38,,,1.69,3856028502166,PIĆE
CIDER SOMERSBY 0.0% BAZGA 0.33 L LIM,90884968,SOMERSBY,0.33 l,ko,1.55,4.7,,,1.55,8600331002838,PIĆE
GAZ PIĆE LIMUNADA JAMNICA 0.5 l PET,90884970,JAMNICA,0.50 l,ko,1.69,3.38,,,1.69,3856028502135,PIĆE
CIDER SOMERSBY MALINA 0.5 L LIM,90884978,SOMERSBY,0.50 l,ko,2.25,4.5,,,2.25,3858887585618,PIĆE
STICK DOVE Ž ORIG 50 ml,90885163,DOVE,0.05 l,ko,6.69,133.8,,,6.69,59099611,KOZMETIKA
HRENOVKE PIL KOKTEL 225 g CEKIN VIND,90885817,CEKIN,0.23 kg,ko,2.09,9.29,,,2.09,3850159121869,HRANA
SLAD QUATTRO DORINA 1500 ml,90885935,QUATTRO,1.50 l,ko,8.79,5.86,,,8.79,3850116067117,HRANA
SLAD KING DESIRE 100 ml ŠTAPIĆ,90885978,LEDO,0.10 l,ko,3.39,33.9,,,3.39,3850116066219,HRANA
SLAD KOR KING JOG-ŠUM VOĆE 167 ml LE,90885996,LEDO,0.17 l,ko,3.39,20.3,,,3.39,3850116066332,HRANA
PLAVA RIBA U BILJ ULJU 95 g/67 g EVA,90886068,EVA,0.07 kg,ko,0.99,14.78,,,1.85,3856020277970,HRANA
OM LENOR SPRING AWAKE 1.239 L,90886217,LENOR,1.25 l,ko,7.69,6.15,,,7.69,8700216724012,SREDSTVA ZA ČIŠĆENJE
SLAD BARATOLLINO WAFER LOAKER 800 ml,90886248,SAMMONTANA,0.80 l,ko,7.29,9.11,,,7.29,8005840021576,HRANA
DET ARIEL LE FRESH AIR 26TAB,90886277,ARIEL,26.00 ko,ko,21.49,0.83,,,21.49,8700216766043,SREDSTVA ZA ČIŠĆENJE
DET ARIEL FRESH 1.65 kg=30PR,90886292,ARIEL,1.65 kg,ko,19.79,11.99,,,19.79,8700216733663,SREDSTVA ZA ČIŠĆENJE
DET ARIEL COLOR 1.125 L=25 PR,90886375,ARIEL,1.13 l,ko,16.79,14.92,,,16.79,8700216691925,SREDSTVA ZA ČIŠĆENJE
SLAD OREO SANDWICH 110 ml,90886410,OREO,0.11 l,ko,2.89,26.27,,,2.89,8051369005351,HRANA
BUĐOLA DALMATINSKA NAR 80 g MAP,90886630,VOŠTANE,0.08 kg,ko,3.89,48.63,,,3.89,3858889495236,HRANA
PRŠUT DALMATINSKI NAR 80 g MAP,90886635,VOŠTANE,0.08 kg,ko,4.09,51.13,,,4.09,3858889494758,HRANA
GAZ PIĆE FANTA GRAPE 0.5 L,90886664,FANTA,0.50 l,ko,1.49,2.98,,,1.45,5449000338808,PIĆE
GAZ PIĆE FANTA TUTTI FRUTTI ZERO 2 L,90886682,FANTA,2.00 l,ko,2.99,1.5,,,2.89,5449000334671,PIĆE
GAZ PIĆE FANTA GRAPE 2 L,90886695,FANTA,2.00 l,ko,2.99,1.5,,,2.89,5449000338815,PIĆE
PODRAVKA ŠUNKA U OVITKU 100 g (NARE),90886903,PODRAVKA,0.10 kg,ko,2.49,24.9,,,2.49,3856020241452,HRANA
ČIPS CHIO OVEN SLANI 100 g,90886914,CHIO,0.10 kg,ko,2.75,27.5,,,2.75,5996253002401,HRANA
MIN VODA MIVELA BLAGO GAZ 1 L PET,90886978,MIVELA,1.00 l,ko,2.09,2.09,,,2.09,8600599002908,PIĆE
MIN VODA MIVELA GAZ 1 L PET,90886982,MIVELA,1.00 l,ko,2.09,2.09,,,2.09,8600599002878,PIĆE
MIN VODA MIVELA BLAGO GAZ 1.5 L PET,90886985,MIVELA,1.50 l,ko,2.49,1.66,,,2.49,8600599002960,PIĆE
MIN VODA MIVELA GAZ 1.5 L PET,90886988,MIVELA,1.50 l,ko,2.49,1.66,,,2.49,8600599002939,PIĆE
NAPITAK RED BULL SEA BLUE 0.25 L,90886991,RED BULL,0.25 l,ko,2.15,8.6,,,2.09,90456886,PIĆE
FLIPS CLIPSY MAX PILETINA 30 g,90887004,PEPSICO,0.03 kg,ko,1.25,41.67,,,1.25,8606033741570,HRANA
LEDENI ČAJ JANA BRESKVA ZERO 1.5 L,90887122,JANA,1.50 l,ko,2.09,1.39,,,2.09,3856028506324,PIĆE
MLIJEKO AMBR SOL 175 ml SPF50,90887214,GARNIER AMBRE SOLAIR,0.18 l,ko,21.99,125.66,,,21.99,3600542624961,KOZMETIKA
MLIJEKO AMBR SOL SPF30 175 ml,90887218,GARNIER AMBRE SOLAIR,0.18 l,ko,20.99,119.94,,,20.99,3600542624916,KOZMETIKA
SPREJ AMBR SOL AFTER 150 ml,90887221,GARNIER AMBRE SOLAIR,0.15 l,ko,13.19,87.93,,,13.19,3600542625975,KOZMETIKA
KREMA BYROKKO TAN BOOST 200 ml,90887261,BYROKKO,0.20 l,ko,24.99,124.95,,,24.99,3830079880855,KOZMETIKA
KREMA NIVEA SUN SPF50+ 100 ml,90887289,NIVEA,0.10 l,ko,13.39,133.9,,,13.39,42361114,KOZMETIKA
LOSION NIVEA SUN BRONZE SPF50 200 ml,90887298,NIVEA,0.20 l,ko,24.49,122.45,,,24.49,4005900133199,KOZMETIKA
LOSION NIVEA SUN SPF50+ 400 ml,90887302,NIVEA,0.40 l,ko,35.49,88.73,,,35.49,4006000133805,KOZMETIKA
PUSLICE 130 g GECCHELE,90889756,GECCHELE,0.13 kg,ko,3.49,26.85,,,3.49,8015854020106,HRANA
VAFLI 250 g GECCHELE,90889760,GECCHELE,0.25 kg,ko,4.79,19.16,,,4.79,8015854123333,HRANA
ORAH KIFLICE 300 g FANOLA,90889821,FANOLA,0.30 kg,ko,4.59,15.3,,,4.59,3859888257085,HRANA
GAZ. PIĆE LEMONISH LIMUN 0.4 L,90889840,LEMONISH,0.40 l,ko,1.75,4.38,,,1.75,3838471045414,PIĆE
GAZ PIĆE LEMONISH LIMUN BAZGA 0.4 L,90889855,LEMONISH,0.40 l,ko,1.75,4.38,,,1.75,3838471045438,PIĆE
GAZ PIĆE LEMONISH LIMUN 1.25 L,90889859,LEMONISH,1.25 l,ko,2.85,2.28,,,2.85,3838471049023,PIĆE
GAZ PIĆE LEMONISH LIMUN BAZGA 1.25 L,90889867,LEMONISH,1.25 l,ko,2.85,2.28,,,2.85,3838471049047,PIĆE
NEKTAR JABUKA TO 1 L,90889993,TO,1.00 l,ko,1.99,1.99,,,1.65,3858890975482,PIĆE
MAR.PIL.MINI KRILA 450g Volim ljuto,90890003,PERUTNINA PT,0.45 kg,ko,5.09,11.31,,,5.09,3850220429009,HRANA
MAR.PIL.FILE ZABATKA 400g Volim ljut,90890004,PERUTNINA PT,0.40 kg,ko,5.09,12.73,,,5.09,3850220429016,HRANA
ČOKOLADA MILKA BIJELA 90 g,90890012,MILKA,0.09 kg,ko,3.09,34.33,,,3.09,7622202265662,HRANA
ČOKOLADA MILKA ALPSKA 250 g,90890015,MILKA,0.25 kg,ko,7.49,29.96,,,7.49,7622202257827,HRANA
NEKTAR GUSTI TO 1 L,90890090,TO,1.00 l,ko,1.99,1.99,,,1.65,3858890973150,PIĆE
LEDENI ČAJ ŠUM VOĆE JUICY 0.5 L,90890139,JUICY,0.50 l,ko,1.35,2.7,,,1.29,3858890977936,PIĆE
LEDENI ČAJ BRESKVA JUICY 0.5 L,90890144,JUICY,0.50 l,ko,1.35,2.7,,,1.29,3858890977875,PIĆE
ĆEVAPČIĆI 810 g K PLUS,90890231,K PLUS,0.81 kg,ko,6.15,7.59,,,7.19,3850139286342,HRANA
SALV NATUR PIK BIJ 30X30 1SL 100/1,90890309,NATUR,100.00 ko,ko,1.25,0.01,,,1.25,3850334432193,PROIZVODI ZA KUĆANSTVO
GAVELINO ODR OD PILEĆEG FILEA 400 g,90890587,CEKIN,0.40 kg,ko,7.99,19.98,,,7.69,3850159112874,HRANA
PIL BATA SA ZABA OTKOŠ S KOŽ GAVELIN,90890590,CEKIN,1.00 kg,kg,9.79,9.79,,,9.39,3850159112942,HRANA
RUČNIK PALOMA DESIGN PLUS 3SL 3/1,90890608,PALOMA,3.00 ko,ko,3.49,1.16,,,2.49,3838952035903,PROIZVODI ZA KUĆANSTVO
ČOKOLADA MILKA NOISETTE 250 g,90894675,MILKA,0.25 kg,ko,8.29,33.16,,,8.29,7622202258312,HRANA
SALV NATUR PREM BIJ 33X33 3SL 30/1,90894720,NATUR,30.00 ko,ko,1.09,0.04,,,1.09,3850334432070,PROIZVODI ZA KUĆANSTVO
CHUCK EYE STEAK 235 g SKIN,90894957,DILMAR,0.24 kg,ko,7.59,32.3,,,7.19,3859893373831,HRANA
SIRLOIN STEAK 275 g SKIN,90894963,DILMAR,0.28 kg,ko,9.39,34.15,,,8.39,3859893373213,HRANA
ČOKOLADA MILKA CIJELI LJEŠNJAK 250 g,90899853,MILKA,0.25 kg,ko,8.49,33.96,,,8.49,7622202273919,HRANA
SPARE RIBS S MEDOM I ČEŠNJAKOM AVE,90909777,AVE,1.00 kg,kg,10.19,10.19,,,10.19,,HRANA
SOČNO CARSKO MESO U MARINADI 480 g,90909779,AVE,0.48 kg,ko,7.19,14.98,,,7.19,3831020349384,HRANA
SOČNA ROŠTILJ VRATINA U MARIN 460 g,90909781,AVE,0.46 kg,ko,7.19,15.63,,,7.19,3831020349414,HRANA
KAVA LEDENA MINUTE CAPPUCCINO 240 ml,90909858,MINUTE,0.24 l,ko,1.39,5.79,,,1.39,3838900845455,HRANA
KAVA LEDENA MINUTE ESPRESSO 240 ml,90909860,MINUTE,0.24 l,ko,1.39,5.79,,,1.39,3838900845448,HRANA
KAVA LEDENA MINUTE LATTE MAC 240 ml,90909862,MINUTE,0.24 l,ko,1.39,5.79,,,1.39,3838900845462,HRANA
PLJUKANCI 500 g MARIJA TJESTENINE,90909882,TJESTENINE MARIJA,0.50 kg,ko,4.29,8.58,,,4.29,3859888931053,HRANA
NJOKI 500 g MARIJA TJESTENINE,90909884,TJESTENINE MARIJA,0.50 kg,ko,3.49,6.98,,,3.49,3859888931107,HRANA
FUŽI 500 g MARIJA TJESTENINE,90909886,TJESTENINE MARIJA,0.50 kg,ko,4.29,8.58,,,4.29,3859888931084,HRANA
CROISSANT PIST/GIAN 60 g,90909929,ABARIBI,0.06 kg,ko,1.49,24.83,,,1.49,8032665060459,HRANA
MIX JACOBS ICE COFFEE 12.70 g,90914658,JACOBS,0.01 kg,ko,0.63,49.61,,,0.63,8711000577998,HRANA
TUNA STEAK BILJ ULJE 160/104 g EVA,90914846,EVA,0.10 kg,ko,4.59,44.13,,,4.59,3856020278229,HRANA
BRANCIN BIO OČIŠĆENI MAP 720 g,90914988,CROMARIS,0.72 kg,ko,14.59,20.26,,,12.79,3858890596946,HRANA
ŠUNKA KUHANA PREMIUM NARESCI 100 g,90915189,GAVRILOVIĆ,0.10 kg,ko,2.49,24.9,,,2.49,3858892727935,HRANA
MORTADELA SAN GIORGIO MASL NAR 100 g,90915193,GAVRILOVIĆ,0.10 kg,ko,2.49,24.9,,,2.35,3858890203257,HRANA
PECIVO BIJELO 8/1 400 g DON DON,90920526,TVOJIH 5 MIN,0.40 kg,ko,2.49,6.23,,,2.49,3830085171718,HRANA
ŠTAPIĆI SEZAM 230 g ZLATNO ZRNO,90920528,ZLATNO ZRNO,0.23 kg,ko,3.69,16.04,,,3.69,3859889360333,HRANA
FRANKFURTER HRENOVKE XXL 360 g,90924692,WUDY,0.36 kg,ko,1.39,3.86,,,1.39,8008110559830,HRANA
JQ BAGUETTE 2/1 250 g PP,90929869,JACQUET,0.25 kg,ko,1.59,6.36,,,1.59,3029330031055,HRANA
JQ PECIVO 6/1 300 g PP,90929871,JACQUET,0.30 kg,ko,2.25,7.5,,,2.25,3029330062820,HRANA
DES EUFORIJA CHOCO MIX 150 g VINDIJA,90930005,Z BREGOV,0.15 kg,ko,1.19,7.93,,,1.19,3850108037722,HRANA
ČAJNA ANDRO NAR 300 g,90930015,ANDRO,0.30 kg,ko,3.99,13.3,,,3.49,3858892822982,HRANA
KULEN ANDRO NAR 300 g,90930017,ANDRO,0.30 kg,ko,3.99,13.3,,,3.49,3858892823026,HRANA
ZIMSKA ANDRO NAR 300 g,90930019,ANDRO,0.30 kg,ko,3.99,13.3,,,3.49,3858892823040,HRANA
BADEM JEZGRA GARDEN GOOD 500 g,90930130,GARDEN GOOD,0.50 kg,ko,7.49,14.98,,,7.49,3850334443960,HRANA
ORAH JEZGRA GARDEN GOOD 500 g,90930132,GARDEN GOOD,0.50 kg,ko,4.99,9.98,,,5.59,3850334443984,HRANA
PRŠUT DOBRO NAR 400 g,90934647,DOBRO,0.40 kg,ko,16.79,41.98,,,16.79,3850133816989,HRANA
MEDITERANO DOBRO NAR 200 g,90934651,DOBRO,0.20 kg,ko,7.49,37.45,,,7.49,3850133815456,HRANA
SLAVONICO DOBRO NAR 200 g,90934654,DOBRO,0.20 kg,ko,7.49,37.45,,,7.49,3850133815425,HRANA
ŠLJIVA GARDEN GOOD SUHA B/K 500 g,90934657,GARDEN GOOD,0.50 kg,ko,3.19,6.38,,,3.19,3850334445445,HRANA
TOAST AMERICAN TEXAS 400 g MORATO,90934660,MORATO,0.40 kg,ko,3.19,7.98,,,3.19,8006837002011,HRANA
TOAST AMERICAN INTEGRAL 600 g MORATO,90934662,MORATO,0.60 kg,ko,3.59,5.98,,,3.59,8006837001137,HRANA
ŠPINAT GARDEN GOOD 450 g,90935038,GARDEN GOOD,0.45 kg,ko,1.25,2.78,,,1.55,3838900844182,HRANA
WUDY KLASIK HRENOVKE 4x300 g,90935057,WUDY,1.20 kg,ko,3.59,2.99,,,4.49,8008110040628,HRANA
VREĆA SMEĆE BOJA MIRIS FINO 60L 15/1,90935149,FINO,15.00 ko,ko,3.69,0.25,,,3.69,5201314198086,PROIZVODI ZA KUĆANSTVO
KRUH LOVAČKI 400 g PEČ,90935179,ŽITOPROIZVOD,0.40 kg,ko,1.25,3.13,,,1.25,,HRANA
VREĆICA JUMBO TALENTI 3,90939685,K PLUS,1.00 ko,ko,0.2,0.2,,,0.2,3850334446756,PROIZVODI ZA KUĆANSTVO
VR SMEĆE BOJA MIR RUČ FINO 35L 20/1,90945050,FINO,20.00 ko,ko,2.99,0.15,,,2.99,5201314198055,PROIZVODI ZA KUĆANSTVO
NAMAZ KIKIR MASL CREAMY ACT Z 350 g,90945141,ACTIVE ZONE,0.35 kg,ko,3.69,10.54,,,3.69,3838900845646,HRANA
POLI CLASIC 350 G PERUTNINA,90950036,POLI,0.35 kg,ko,3.69,10.54,,,3.69,3850220431026,HRANA
TUNJ KOMADIĆI BILJ ULJ 160/104 G EVA,90965411,EVA,0.10 kg,ko,2.85,27.4,,,2.85,3850104267031,HRANA
JOGURT ACTIVIA MIX 163 g,90969654,ACTIVIA,0.16 kg,ko,1.95,11.96,,,1.85,5941209025638,HRANA
NAPITAK PROTEIN ČOKO UHT 0.3 L VIN,90976043,Z BREGOV,0.30 l,ko,2.25,7.5,,,2.25,3850108023763,HRANA
