Naziv proizvoda;Šifra proizvoda;Marka proizvoda;Neto kolièina;Jedinica mjere;Maloprodajna cijena;Cijena za jedinicu mjere;Barkod;Kategorija;Najniža cijena u posljednjih 30 dana;MPC za vrijeme posebnog oblika prodaje
JAGERMEISTER 0.7L                       ;01251     ;JAGERMEISTER   ;        0.70;L  ;       15.90;       22.71;'4067700015020';PIÆA;        0.00;        0.00
JAGERMEISTER 1/1                        ;01255     ;JAGERMEISTER   ;        1.00;L  ;       22.29;       22.29;'4067700015013';PIÆA;        0.00;        0.00
JACK DANIEL S 1/1                       ;01257     ;JACK DANIEL'S  ;        1.00;L  ;       30.49;       30.49;'5099873045367';PIÆA;        0.00;        0.00
AMARO 18 ISOLABELLA 1L                  ;01473     ;EUROLAB INTERNACIONAL GRUP D.O.O.;        1.00;L  ;       14.49;       14.49;'8001110017058';PIÆA;        0.00;        0.00
BADEL ST.ŠLJIVOVICA 40% 1.0/6           ;01552     ;BADEL 1862 d.d.;        1.00;L  ;       16.02;       16.02;'3850112121097';PIÆA;        0.00;        0.00
BADEL PRIMA BRAND 36% 0.5/12            ;01581     ;BADEL 1862 d.d.;        0.50;L  ;        0.00;       12.38;'3850112141217';PIÆA;        7.02;        6.19
BADEL PRIMA BRAND  1L                   ;01582     ;BADEL 1862 d.d.;        1.00;L  ;       11.05;       11.05;'3850112141194';PIÆA;        0.00;        0.00
BADEL ST ŠLJIVOVICA 0,5                 ;01624     ;BADEL 1862 d.d.;        0.50;L  ;       10.02;       20.04;'3850112121110';PIÆA;        0.00;        0.00
TROJKA VODKA 1/1 SEGESTICA              ;01682     ;BADEL 1862 d.d.;        1.00;L  ;        0.00;        8.99;'3850112144027';PIÆA;       10.02;        8.99
SVATOVSKI KRUŠKOVAC 1/1                 ;02073     ;BADEL 1862 d.d.;        1.00;L  ;       10.02;       10.02;'3850112110169';PIÆA;        0.00;        0.00
PELINKOVAC GORKI 1/1 BADEL              ;02080     ;BADEL 1862 d.d.;        1.00;L  ;       16.02;       16.02;'3850112110039';PIÆA;        0.00;        0.00
TRAVARICA ŠIBENIK 1/1                   ;02709     ;BADEL 1862 d.d.;        1.00;L  ;       14.02;       14.02;'3859888129849';PIÆA;        0.00;        0.00
SOUTHERN COMFORT 1/1                    ;03642     ;PPD CROATIA D.O.O.;        1.00;L  ;       27.49;       27.49;'1210000100504';PIÆA;        0.00;        0.00
VODKA KEGLEVICH 0.7 BRESKVA             ;04940     ;FIBIS D.O.O.;        0.70;L  ;        8.52;       12.17;'8000440112389';PIÆA;        0.00;        0.00
PINA COLADA 0.7L                        ;05226     ;VALENTIÆ d.o.o;        0.70;L  ;        9.69;       13.84;'8712436102839';PIÆA;        0.00;        0.00
HAVANA CLUB 1/1 3 Y.O.                  ;07604     ;VALENTIÆ d.o.o;        1.00;L  ;       16.85;       16.85;'8501110080255';PIÆA;        0.00;        0.00
MENTOL 1/1 BADEL 1862                   ;09953     ;BADEL 1862 d.d.;        1.00;L  ;       11.28;       11.28;'3850112110176';PIÆA;        0.00;        0.00
BALLANTINE S 0,7L                       ;105700    ;VALENTIÆ d.o.o;        0.70;L  ;       17.38;       24.83;'5010106113127';PIÆA;        0.00;        0.00
JACK DANIEL S 0,70L                     ;131939    ;JACK DANIEL'S  ;        0.70;L  ;       24.52;       35.03;'5099873089798';PIÆA;        0.00;        0.00
KRUŠKOVAC 1/1 MARASKA                   ;15148     ;AWTINTERNATIONAL D.O.O. ZAGREB;        1.00;L  ;        9.28;        9.28;'3850158403607';PIÆA;        0.00;        0.00
VODKA KEGLEVICH CLASSIC 1L              ;171957    ;FIBIS D.O.O.;        1.00;L  ;       11.02;       11.02;'8000440112372';PIÆA;        0.00;        0.00
STOCK 84 0.7L+2 ÈAŠE                    ;172313    ;FIBIS D.O.O.;        0.70;L  ;       17.28;       24.69;'8000440600022';PIÆA;        0.00;        0.00
VODKA KEGLEVICH 0.7 JAGODA              ;17703     ;FIBIS D.O.O.;        0.70;L  ;        8.52;       12.17;'8000440112440';PIÆA;        0.00;        0.00
PELINKOVAC 1/1 PETOVIA HERMO            ;22778     ;HERMO DOO;        1.00;L  ;       15.02;       15.02;'3830000650366';PIÆA;        0.00;        0.00
PELINKOVAC ANTIQUE 35% 0.7L             ;236499    ;BADEL 1862 d.d.;        0.70;L  ;       15.49;       22.13;'3850112110572';PIÆA;        0.00;        0.00
PELINKOVAC ANTIQUE 35% 0.7L LUX         ;236501    ;BADEL 1862 d.d.;        0.70;L  ;       18.02;       25.74;'3850112110596';PIÆA;        0.00;        0.00
JAMESON 1/1                             ;238657    ;VALENTIÆ d.o.o;        1.00;L  ;       29.92;       29.92;'5011007003227';PIÆA;        0.00;        0.00
DALMATINO VODKA 0.7L                    ;24571     ;DALMATINO      ;        0.70;L  ;        7.82;       11.17;'4000152004075';PIÆA;        0.00;        0.00
TRAVARICA BADEL 37,5% 1L                ;250902    ;BADEL 1862 d.d.;        1.00;L  ;       12.02;       12.02;'3850112122193';PIÆA;        0.00;        0.00
MEDICA BADEL 1L                         ;279058    ;BADEL 1862 d.d.;        1.00;L  ;       14.02;       14.02;'3850112110664';PIÆA;        0.00;        0.00
ROOM 35% 0.5L MARASKA                   ;28402     ;AWTINTERNATIONAL D.O.O. ZAGREB;        0.50;L  ;        6.39;       12.78;'3850158201531';PIÆA;        0.00;        0.00
BADEL PRIMA BRAND 35% 0,7/6             ;303001    ;BADEL 1862 d.d.;        0.70;L  ;        9.52;       13.60;'3850112141323';PIÆA;        0.00;        0.00
JAGERMEISTER 1,75L                      ;303491    ;JAGERMEISTER   ;        1.75;L  ;       36.99;       21.14;'4067700015006';PIÆA;        0.00;        0.00
OLD SMUGGLER 40% 0.7L                   ;325508    ;PPD CROATIA D.O.O.;        0.07;L  ;       11.49;      164.14;'5010327605005';PIÆA;        0.00;        0.00
ROOM 35% 1L MARASKA                     ;331755    ;AWTINTERNATIONAL D.O.O. ZAGREB;        1.00;L  ;       11.16;       11.16;'3850158201555';PIÆA;        0.00;        0.00
GIN EMPIRE 37.5% 1L                     ;334021    ;AWTINTERNATIONAL D.O.O. ZAGREB;        1.00;L  ;       13.22;       13.22;'3850158200879';PIÆA;        0.00;        0.00
PELINKOVAC GORKI 0,7 BADEL              ;334597    ;BADEL 1862 d.d.;        0.70;L  ;       12.49;       17.84;'3850112110756';PIÆA;        0.00;        0.00
AMARO ZARA 1L MARASKA                   ;335220    ;AWTINTERNATIONAL D.O.O. ZAGREB;        1.00;L  ;       11.02;       11.02;'3850158400002';PIÆA;        0.00;        0.00
VODKA COSMOPOLITAN 37,5 1L MARASKA      ;335221    ;MARASKA        ;        1.00;L  ;       10.89;       10.89;'3850158409005';PIÆA;        0.00;        0.00
MEDICA 1L MARASKA                       ;341797    ;AWTINTERNATIONAL D.O.O. ZAGREB;        1.00;L  ;       12.22;       12.22;'3850158202255';PIÆA;        0.00;        0.00
PELINKOVAC 1/1 LAGANA                   ;342756    ;MARASKA        ;        1.00;L  ;       15.02;       15.02;'3850158406752';PIÆA;        0.00;        0.00
JACK DANIELS 0,7 GANTLEMAN              ;346211    ;JACK DANIEL'S  ;        0.70;L  ;       38.02;       54.31;'5099873038758';PIÆA;        0.00;        0.00
VODKA SVAROG 0,7L BADEL                 ;385121    ;BADEL 1862 d.d.;        0.70;L  ;       21.02;       30.03;'3850112142795';PIÆA;        0.00;        0.00
PELINKOVAC ORANGE 1L                    ;411108    ;BADEL 1862 d.d.;        1.00;L  ;       16.02;       16.02;'3850112110930';PIÆA;        0.00;        0.00
BADEL PRIMA BRAND LUX 2 ÈAŠE 0,7L       ;411953    ;BADEL 1862 d.d.;        0.70;L  ;       13.82;       19.74;'3850112141408';PIÆA;        0.00;        0.00
BOROVNIÈEVEC 0,70L 20% DANA             ;412012    ;ORBICO d.o.o.;        0.70;L  ;        8.89;       12.70;'3830000160155';PIÆA;        0.00;        0.00
SMIRNOFF RED LABEL 37,50% 0,7           ;412255    ;PPD CROATIA D.O.O.;        0.70;L  ;       17.49;       24.99;'5410316671118';PIÆA;        0.00;        0.00
BAILEYS 17% 0,7L                        ;412256    ;PPD CROATIA D.O.O.;        0.70;L  ;       22.99;       32.84;'5011013100156';PIÆA;        0.00;        0.00
STOCK 84 0,7L                           ;412696    ;FIBIS D.O.O.;        0.70;L  ;       14.02;       20.03;'8000440396390';PIÆA;        0.00;        0.00
CHIVAS REGAL WHISKY 12YO 0.7L           ;418205    ;VALENTIÆ d.o.o;        0.70;L  ;       31.52;       45.03;'080432402931';PIÆA;        0.00;        0.00
JOHNNIE WALKER RED LABEL 0,7L           ;431868    ;PPD CROATIA D.O.O.;        0.70;L  ;       18.29;       26.13;'5000267014203';PIÆA;        0.00;        0.00
LABEL 5 WHISKY SCOTCH WHISKY            ;433178    ;BADEL 1862 d.d.;        0.70;L  ;       11.52;       16.46;'3147690051206';PIÆA;        0.00;        0.00
BALLANTINES 0.7+2 ÈAŠE                  ;48288     ;VALENTIÆ d.o.o;        0.70;L  ;       18.72;       26.74;'5010106114667';PIÆA;        0.00;        0.00
ÈOKOLADNI LIKER 0,7L MATISS FRUCTAL     ;50186     ;STUDENAC D.O.O.;        0.70;L  ;       12.02;       17.17;'3838945670326';PIÆA;        0.00;        0.00
VODKA COSMOPOLITAN 0,7L MARASKA         ;502053    ;AWTINTERNATIONAL D.O.O. ZAGREB;        0.70;L  ;        9.42;       13.46;'3850158409203';PIÆA;        0.00;        0.00
KEGLEVICH VODKA CLASSIC 0,7L            ;506727    ;FIBIS D.O.O.;        0.70;L  ;        9.52;       13.60;'8000440112365';PIÆA;        0.00;        0.00
TANQUERAY DRY GIN 0,7L                  ;515033    ;PPD CROATIA D.O.O.;        0.70;L  ;       26.99;       38.56;'5000281015248';PIÆA;        0.00;        0.00
VIŠNJEVAC MARASKA 0,7L                  ;516480    ;AWTINTERNATIONAL D.O.O. ZAGREB;        0.70;L  ;       11.52;       16.46;'3850158401146';PIÆA;        0.00;        0.00
VELEBITSKA TRAVARICA 1L DEGENIJA        ;528293    ;DEGENIJA D.O.O. ZA TURIZAM I TRGOVINU;        1.00;L  ;       11.52;       11.52;'3859889693127';PIÆA;        0.00;        0.00
BOROVNICHKA MARASKA 0,7L                ;531266    ;AWTINTERNATIONAL D.O.O. ZAGREB;        0.70;L  ;        8.14;       11.63;'3850158408428';PIÆA;        0.00;        0.00
MEDICA DEGENIJA 1L                      ;534749    ;DEGENIJA D.O.O. ZA TURIZAM I TRGOVINU;        1.00;L  ;       10.52;       10.52;'3859889693240';PIÆA;        0.00;        0.00
BADEL VIŠNJEVAC 25% 0,7L                ;540489    ;BADEL 1862 d.d.;        0.70;L  ;       10.52;       15.03;'3850112111531';PIÆA;        0.00;        0.00
LIKER LJEŠNJAK AVELLANA 0,7L            ;540586    ;DOMESTIC SPIRITS D.O.O.;        0.70;L  ;       11.52;       16.46;'3859889132312';PIÆA;        0.00;        0.00
PELINKOVAC ANTIQUE 0,7L + ÈAŠE          ;564213    ;BADEL 1862 d.d.;        0.70;L  ;       20.02;       28.60;'3850112111258';PIÆA;        0.00;        0.00
GIN GORDONS PINK 0,7L                   ;566496    ;PPD CROATIA D.O.O.;        0.70;L  ;       21.99;       31.41;'5000289929417';PIÆA;        0.00;        0.00
LIKER MATISS PINA COLADA 0,7L           ;566509    ;STUDENAC D.O.O.;        0.70;L  ;       12.02;       17.17;'3838945029582';PIÆA;        0.00;        0.00
PELINKOVAC DEGENIJA 1L                  ;567737    ;DEGENIJA D.O.O. ZA TURIZAM I TRGOVINU;        1.00;L  ;       10.42;       10.42;'3859889693066';PIÆA;        0.00;        0.00
KRAUTERHEXE BILJNI LIKER 0,7L           ;567964    ;DOMAK DISTRIBUCIJA D.O.O.;        0.70;L  ;        6.10;        8.71;'4006714003784';PIÆA;        0.00;        0.00
SAX ORIGINAL GIN 1L BADEL               ;575026    ;BADEL 1862 d.d.;        1.00;L  ;        0.00;       12.90;'3850112142153';PIÆA;       15.02;       12.90
VIGOR VODKA WILD BERRY 0,7L             ;575027    ;BADEL 1862 d.d.;        0.70;L  ;        9.02;       12.89;'3850112142955';PIÆA;        0.00;        0.00
SAX PINK GIN 0,7L                       ;575028    ;BADEL 1862 d.d.;        0.70;L  ;       12.52;       17.89;'3850112142917';PIÆA;        0.00;        0.00
VIGOR ORIGINAL VODKA 1L                 ;575031    ;BADEL 1862 d.d.;        1.00;L  ;       12.02;       12.02;'3850112142993';PIÆA;        0.00;        0.00
VIGOR ORIGINAL VODKA 0,7L               ;575032    ;BADEL 1862 d.d.;        0.70;L  ;        9.02;       12.89;'3850112142115';PIÆA;        0.00;        0.00
VIGOR VODKA CITRUS 0,7L                 ;575033    ;BADEL 1862 d.d.;        0.70;L  ;        9.02;       12.89;'3850112142979';PIÆA;        0.00;        0.00
SAX ORIGINAL GIN 0,7L                   ;575034    ;BADEL 1862 d.d.;        0.70;L  ;       12.02;       17.17;'3850112142894';PIÆA;        0.00;        0.00
JAGERMEISTER 0,7L + 2 ZELENE ÈAŠE       ;580167    ;G3 SPIRITS DOO;        0.70;L  ;       17.99;       25.70;'3859890211136';PIÆA;        0.00;        0.00
PELINKOVAC 1L MARASKA ZELENI            ;589314    ;MARASKA        ;        1.00;L  ;       15.02;       15.02;'3850158407001';PIÆA;        0.00;        0.00
PELINKOVAC ORANGE 0,7L                  ;591208    ;BADEL 1862 d.d.;        0.70;L  ;       12.49;       17.84;'3850112111517';PIÆA;        0.00;        0.00
SAX GIN 0,7L + ÈAŠA VAP                 ;595148    ;BADEL 1862 d.d.;        0.70;L  ;       15.79;       22.56;'3850112145000';PIÆA;        0.00;        0.00
PELINKOVAC GORKI 0,7L VAP + 1 ÈAŠA      ;598513    ;BADEL 1862 d.d.;        0.70;L  ;       14.02;       20.03;'3850112111593';PIÆA;        0.00;        0.00
KLASIK VODKA 1L                         ;600272    ;ST.NICOLAUS    ;        1.00;L  ;       10.02;       10.02;'8586000135185';PIÆA;        0.00;        0.00
KLASIK PELINKOVAC 1L                    ;600273    ;ST.NICOLAUS    ;        1.00;L  ;        9.42;        9.42;'8586019221299';PIÆA;        0.00;        0.00
OLD TOWER GIN 0,7L                      ;600274    ;ST.NICOLAUS    ;        0.70;L  ;        9.62;       13.74;'8586000136014';PIÆA;        0.00;        0.00
MARTIGNAC SPECIAL 0,7L                  ;600275    ;ST.NICOLAUS    ;        0.70;L  ;        9.62;       13.74;'8586000135543';PIÆA;        0.00;        0.00
PELINKOVAC GORKI 0,2L PLJOSKA           ;600345    ;BADEL 1862 d.d.;        0.20;L  ;        3.78;       18.90;'3850112111654';PIÆA;        0.00;        0.00
RAKIJA DUNJEVAÈA 0,7 VINO ŽUPA          ;602433    ;NOVA FRUCTUS DOO;        0.70;L  ;       18.02;       25.74;'8600133110298';PIÆA;        0.00;        0.00
RAKIJA KAJSIJEVAÈA 0,7L VINO ŽUPA       ;602434    ;NOVA FRUCTUS DOO;        0.70;L  ;       18.02;       25.74;'8600133110267';PIÆA;        0.00;        0.00
LOZA 1/1 VINOPLOD ŠIBENIK               ;603980    ;BADEL 1862 d.d.;        1.00;L  ;       14.52;       14.52;'3858892460405';PIÆA;        0.00;        0.00
PELINKOVAC ORANGE 0,2L PLJOSKA          ;603984    ;BADEL 1862 d.d.;        0.20;L  ;        3.78;       18.90;'3850112111678';PIÆA;        0.00;        0.00
GIN GORDONS DRY GIN 0,7L                ;604964    ;PPD CROATIA D.O.O.;        0.70;L  ;       21.99;       31.41;'5000289925440';PIÆA;        0.00;        0.00
GIN GREAT HOUSE 1L                      ;607667    ;BADEL 1862 d.d.;        1.00;L  ;       10.02;       10.02;'3858892460092';PIÆA;        0.00;        0.00
VILJAMOVKA 0,7L 40% DANA                ;607742    ;ORBICO d.o.o.;        0.70;L  ;       19.00;       27.14;'3830000162364';PIÆA;        0.00;        0.00
APEROL 0,7L                             ;608533    ;PPD CROATIA D.O.O.;        0.70;L  ;       16.99;       24.27;'8002230000302';PIÆA;        0.00;        0.00
JACK DANIEL S 0,7L + 1 ÈAŠA             ;611446    ;COCA COLA HBC HRVATSKA D.O.O.;        0.70;L  ;       25.99;       37.13;'5099873200094';PIÆA;        0.00;        0.00
PELINKOVAC PREMIER 1L                   ;611738    ;ALCA ZAGREB D.O.O.;        1.00;L  ;       11.97;       11.97;'3858894171002';PIÆA;        0.00;        0.00
TRAVARICA SPEC. RAKIJA 0,7L ZVEÈEVO     ;612585    ;ALCA ZAGREB D.O.O.;        0.70;L  ;        9.32;       13.31;'3858894170265';PIÆA;        0.00;        0.00
PELINKOVAC 1L 28%                       ;612910    ;ALCA ZAGREB D.O.O.;        1.00;L  ;       11.97;       11.97;'3858894170920';PIÆA;        0.00;        0.00
VODKA HEDONA 37,5%  0,7L                ;613089    ;ALCA ZAGREB D.O.O.;        0.70;L  ;        8.26;       11.80;'3858894171163';PIÆA;        0.00;        0.00
LIKER MEDICA 25% 0,7L                   ;613135    ;ALCA ZAGREB D.O.O.;        0.70;L  ;        9.32;       13.31;'3858894170340';PIÆA;        0.00;        0.00
ŠLJIVOVICA PRIR.VOÆNA RAKIJA 40% 0,7L   ;613260    ;ALCA ZAGREB D.O.O.;        0.70;L  ;       11.58;       16.54;'3858894170128';PIÆA;        0.00;        0.00
PELINKOVAC 0,7L ZELENI MARASKA          ;613297    ;AWTINTERNATIONAL D.O.O. ZAGREB;        0.70;L  ;       11.75;       16.79;'3850158406660';PIÆA;        0.00;        0.00
ORAHOVAC S ÈOKOLADOM 0,7L MARASKA       ;613954    ;MARASKA        ;        0.70;L  ;       11.22;       16.03;'3850158406141';PIÆA;        0.00;        0.00
LIKER MALINA 21% 0,7L                   ;614037    ;ALCA ZAGREB D.O.O.;        0.70;L  ;        9.98;       14.26;'3858894170746';PIÆA;        0.00;        0.00
RAKIJA VILJAMOVKA 0,7L VINO ŽUPA        ;614405    ;NOVA FRUCTUS DOO;        0.70;L  ;       18.02;       25.74;'8600133110304';PIÆA;        0.00;        0.00
GIN HENDRICKS 0,35L                     ;614723    ;G3 SPIRITS DOO;        0.35;L  ;       14.99;       42.83;'5010327717029';PIÆA;        0.00;        0.00
WILLIAMS VOÆNA RAKIJA 40% 0,7L          ;615590    ;ALCA ZAGREB D.O.O.;        0.70;L  ;       17.28;       24.69;'3858894170005';PIÆA;        0.00;        0.00
GIN AURELIS 0,7L                        ;618420    ;ALCA ZAGREB D.O.O.;        0.70;L  ;        9.32;       13.31;'3858894171224';PIÆA;        0.00;        0.00
MEDICA 0,7L BADEL NT                    ;619295    ;BADEL 1862 d.d.;        0.70;L  ;       10.65;       15.21;'3850112111388';PIÆA;        0.00;        0.00
LIKER INCANTO 0,5L MED**                ;624717    ;VALENTIÆ d.o.o;        0.50;L  ;       11.52;       23.04;'3858891172484';PIÆA;        0.00;        0.00
MIODULA 0,5L GIFT BOX                   ;625177    ;VALENTIÆ d.o.o;        0.50;KOM;       23.99;       47.98;'5907522603069';PIÆA;        0.00;        0.00
JOHNNIE WALKER 0,7L BLACK LABEL NB      ;626449    ;PPD CROATIA D.O.O.;        0.70;L  ;       33.99;       48.56;'5000267024202';PIÆA;        0.00;        0.00
BRIUNI TERRANINO 1L                     ;627600    ;BRIUNI         ;        1.00;L  ;       16.02;       16.02;'4000152003610';PIÆA;        0.00;        0.00
TERANINO AURA 0,7L                      ;628360    ;VRUTAK D.O.O.;        0.70;L  ;       26.99;       38.56;'3859892613365';PIÆA;        0.00;        0.00
ROYAL BRAND 1L                          ;628717    ;AWTINTERNATIONAL D.O.O. ZAGREB;        1.00;L  ;       11.02;       11.02;'3850158201302';PIÆA;        0.00;        0.00
ŠLJIVOVICA 0,5L MARASKA                 ;628719    ;AWTINTERNATIONAL D.O.O. ZAGREB;        0.50;L  ;        9.02;       18.04;'3850158300906';PIÆA;        0.00;        0.00
BACARDI CARTA BLANCA 0,7L               ;628722    ;BACARDI        ;        0.70;L  ;       17.49;       24.99;'5010677013147';PIÆA;        0.00;        0.00
ORAHOVAC BADEL 0,7L                     ;628724    ;BADEL 1862 d.d.;        0.70;L  ;       11.02;       15.74;'3850112111401';PIÆA;        0.00;        0.00
GIN GREAT HOUSE 0,7L                    ;628728    ;BADEL 1862 d.d.;        0.70;L  ;        7.49;       10.70;'3858892460658';PIÆA;        0.00;        0.00
TRAVARICA VINOPLOD 0,7L                 ;628729    ;BADEL 1862 d.d.;        0.70;L  ;       11.02;       15.74;'3858892460429';PIÆA;        0.00;        0.00
TROJKA VODKA 0,7L                       ;628730    ;BADEL 1862 d.d.;        0.70;L  ;        7.52;       10.74;'3850112144126';PIÆA;        0.00;        0.00
JOHNNIE WALKER BLONDE 0,7L              ;633609    ;PPD CROATIA D.O.O.;        0.70;L  ;       24.99;       35.70;'5000267190525';PIÆA;        0.00;        0.00
JAGERMEISTER 0,5L                       ;633708    ;JAGERMEISTER   ;        0.50;L  ;       12.49;       24.98;'4067700018113';PIÆA;        0.00;        0.00
GIN&ROSE JOHAN FREITAG 0,5L LIM         ;636227    ;DOLIUM D.O.O.;        0.50;L  ;        1.99;        3.98;'4750142005741';PIÆA;        0.00;        0.00
JACK DANIELS 0,7L APPLE                 ;636449    ;JACK DANIEL'S  ;        0.70;L  ;       24.99;       35.70;'5099873017623';PIÆA;        0.00;        0.00
VECCHIA ROMAGNA 0,7L                    ;636454    ;EUROLAB INTERNACIONAL GRUP D.O.O.;        0.70;L  ;       17.99;       25.70;'8000060100247';PIÆA;        0.00;        0.00
GIN DRY KINGS COURT 0,7L                ;638669    ;DOMAK DISTRIBUCIJA D.O.O.;        0.07;L  ;        6.66;       95.14;'4006714003050';PIÆA;        0.00;        0.00
KORLAT MEDICA 0,7L                      ;639004    ;BADEL 1862 d.d.;        0.70;L  ;       21.59;       30.84;'3850112112057';PIÆA;        0.00;        0.00
JIM BEAM 40% 0,7L                       ;639974    ;FIBIS D.O.O.;        0.70;L  ;       18.72;       26.74;'080686000389';PIÆA;        0.00;        0.00
GIN&TONIC JOHAN FREITAG 0,5L LIM        ;640350    ;DOLIUM D.O.O.;        0.50;L  ;        1.99;        3.98;'4750142005758';PIÆA;        0.00;        0.00
JIM BEAM 1L                             ;640505    ;FIBIS D.O.O.;        1.00;L  ;       26.02;       26.02;'080686000266';PIÆA;        0.00;        0.00
KING ROBERT II SCOTCH WHISKY 0,7L 40%   ;641549    ;DOMAK DISTRIBUCIJA D.O.O.;        0.70;L  ;        9.02;       12.89;'5010852000436';PIÆA;        0.00;        0.00
BARUN 35% 0,7L                          ;642318    ;ALCA ZAGREB D.O.O.;        0.70;L  ;       14.02;       20.03;'3858894171798';PIÆA;        0.00;        0.00
PELINKOVAC ANTIQUE 1L BADEL             ;642748    ;BADEL 1862 d.d.;        1.00;L  ;       22.02;       22.02;'3850112111838';PIÆA;        0.00;        0.00
GIN GREAT HOUSE PINK 0,7L               ;642749    ;BADEL 1862 d.d.;        0.70;L  ;        8.02;       11.46;'3858892460900';PIÆA;        0.00;        0.00
VODKA MOSKVA 0,7L                       ;642990    ;BADEL 1862 d.d.;        0.70;L  ;        6.99;        9.99;'3858892460719';PIÆA;        0.00;        0.00
PELINOVA PELINKOVAC 0,7L                ;643345    ;FIBIS D.O.O.;        0.70;L  ;       15.02;       21.46;'8594005025561';PIÆA;        0.00;        0.00
PELIN SPRITZ LEMON 0,25L                ;644414    ;BADEL 1862 d.d.;        0.25;L  ;        2.02;        8.08;'3850112143075';PIÆA;        0.00;        0.00
PELIN SPRITZ ORANGE 0,25L               ;644415    ;BADEL 1862 d.d.;        0.25;L  ;        2.02;        8.08;'3850112143099';PIÆA;        0.00;        0.00
RUM PROFESSORE 0,5L                     ;645315    ;ST.NICOLAUS    ;        0.50;L  ;       10.52;       21.04;'8586019221589';PIÆA;        0.00;        0.00
COCKTAIL LE COQ MARG.NEW 0,33L          ;646683    ;DOLIUM D.O.O.;        0.33;L  ;        1.39;        4.21;'4740098002895';PIÆA;        0.00;        0.00
COCKTAIL LE COQ BLUE NEW 0,33L          ;646707    ;DOLIUM D.O.O.;        0.33;L  ;        1.39;        4.21;'4740098002918';PIÆA;        0.00;        0.00
COCKTAIL LE COQ COSMOP.NEW 0,33L        ;646708    ;DOLIUM D.O.O.;        0.33;L  ;        1.39;        4.21;'4740098002871';PIÆA;        0.00;        0.00
COCKTAIL LE COQ CUBA NEW 0,33L          ;646709    ;DOLIUM D.O.O.;        0.33;L  ;        1.39;        4.21;'4740098002956';PIÆA;        0.00;        0.00
COCKTAIL LE COQ S.O.B.NEW 0,33L         ;646711    ;DOLIUM D.O.O.;        0.33;L  ;        1.29;        3.91;'4740098002857';PIÆA;        0.00;        0.00
VODKA FOUR MONKEY S 1L                  ;647742    ;VALENTIÆ d.o.o;        1.00;L  ;        7.99;        7.99;'4009872047607';PIÆA;        0.00;        0.00
BADEL DOMAÆI 35% 1L                     ;647932    ;BADEL 1862 d.d.;        1.00;L  ;        0.00;        9.99;'3850112145109';PIÆA;       11.02;        9.99
BADEL DOMAÆI 35% 0,5L                   ;647933    ;BADEL 1862 d.d.;        0.50;L  ;        0.00;       10.98;'3850112145123';PIÆA;        7.02;        5.49
INCANTO TERANINO 1L                     ;648437    ;VALENTIÆ d.o.o;        1.00;L  ;       18.99;       18.99;'3858891173382';PIÆA;        0.00;        0.00
LIKER BAJADERA CREAM 0,7L BADEL         ;648663    ;BADEL 1862 d.d.;        0.00;   ;       20.02;        0.00;'3850112112453';PIÆA;        0.00;        0.00
BARUN 35% 0,7L+2 ÈAŠE                   ;649856    ;ALCA ZAGREB D.O.O.;        0.00;   ;       18.02;        0.00;'3858894171835';PIÆA;        0.00;        0.00
TRAVARICA 37,5% 1L                      ;651584    ;MARASKA        ;        1.00;L  ;       12.49;       12.49;'3850158302108';PIÆA;        0.00;        0.00
JAGERMEISTER ORANGE 0,7L                ;654049    ;G3 SPIRITS DOO;        0.70;L  ;       15.90;       22.71;'4067700033543';PIÆA;        0.00;        0.00
MAJSTORSKA TRAVARICA 1L                 ;654405    ;MAJSTORSKA TRAV;        1.00;L  ;        0.00;       11.99;'4000152003689';PIÆA;       13.95;       11.99
MIX KOKTEL MOJITO 0,33L                 ;654450    ;AWTINTERNATIONAL D.O.O. ZAGREB;        0.33;L  ;        2.59;        7.85;'4770047234091';PIÆA;        0.00;        0.00
MIX KOKTEL SEX ON BEACH 0,33L           ;654451    ;AWTINTERNATIONAL D.O.O. ZAGREB;        0.33;L  ;        2.59;        7.85;'4770047234336';PIÆA;        0.00;        0.00
MIX KOKTEL KAMIKAZE 0,33L               ;654452    ;AWTINTERNATIONAL D.O.O. ZAGREB;        0.33;L  ;        2.59;        7.85;'4770047234107';PIÆA;        0.00;        0.00
STOCK 84 0,7LX2 PROMO                   ;654739    ;FIBIS D.O.O.;        1.40;L  ;        0.00;       12.85;'3859894276056';PIÆA;       19.99;       17.99
VODKA NICOLAUS EXTRA FINE 38% 0,7L      ;655419    ;ST.NICOLAUS    ;        0.70;L  ;        8.99;       12.84;'8586000131880';PIÆA;        0.00;        0.00
OLD TOWER PINK GIN 0,7L                 ;655420    ;ST.NICOLAUS    ;        0.70;L  ;        9.62;       13.74;'8586019222395';PIÆA;        0.00;        0.00
24 ICE COCKTAILS MIX 5%ALK. 5/1**       ;655421    ;FIBIS D.O.O.;        0.00;   ;        5.49;        0.00;'8718868983053';PIÆA;        0.00;        0.00
24 ICE COCKTAILS MIX 5% ALK.5/1**       ;655422    ;FIBIS D.O.O.;        0.00;   ;        5.49;        0.00;'8721082201056';PIÆA;        0.00;        0.00
BADEL TERANINO 16% 0,7L                 ;655426    ;BADEL 1862 d.d.;        0.70;L  ;       12.99;       18.56;'3850112112750';PIÆA;        0.00;        0.00
HENNESSY V.S 0,7L                       ;655782    ;VALENTIÆ d.o.o;        0.70;L  ;       40.02;       57.17;'3245990043317';PIÆA;        0.00;        0.00
KORLAT TERANINO 0,7                     ;656219    ;KORLAT         ;        0.70;L  ;       24.02;       34.31;'3850112112934';PIÆA;        0.00;        0.00
PELIN TONIC LIMENKA 0,33L               ;656374    ;AWTINTERNATIONAL D.O.O. ZAGREB;        0.33;L  ;        1.79;        5.42;'3850158510305';PIÆA;        0.00;        0.00
SIERRA TEQUILA BLANCO 0,7L              ;656395    ;FIBIS D.O.O.;        0.70;L  ;       18.99;       27.13;'4062400181204';PIÆA;        0.00;        0.00
REPUBLICA MOJITO RTD 0,25L**            ;657148    ;FIBIS D.O.O.;        0.25;L  ;        1.99;        7.96;'8594005025936';PIÆA;        0.00;        0.00
GIN&TONIC MILLHILS JAGODA RTD**         ;657152    ;FIBIS D.O.O.;        0.25;L  ;        1.99;        7.96;'8594005026155';PIÆA;        0.00;        0.00
BADEL COFFEE CREAM LIKER 0,7L           ;663048    ;BADEL 1862 d.d.;        0.70;L  ;       19.99;       28.56;'3850112112514';PIÆA;        0.00;        0.00
ORAHOVAC S ÈOKOLADOM 0,7L+2 ÈAŠE        ;664260    ;MARASKA        ;        0.70;L  ;       17.99;       25.70;'3850158406172';PIÆA;        0.00;        0.00
LIKER PARTY CHOCOLATE 0,5L              ;664701    ;FIBIS D.O.O.;        0.50;L  ;        6.99;       13.98;'8586019223880';PIÆA;        0.00;        0.00
LIKER ORAH 25% 0.70L                    ;689639    ;ALCA ZAGREB D.O.O.;        0.70;L  ;        9.32;       13.31;'3858894170586';PIÆA;        0.00;        0.00
LIKER BOROVNICA 21% 0.7L                ;690195    ;ALCA ZAGREB D.O.O.;        0.70;L  ;        9.98;       14.26;'3858894170821';PIÆA;        0.00;        0.00
KRUŠKOVAC 1L                            ;690509    ;ALCA ZAGREB D.O.O.;        1.00;L  ;        9.32;        9.32;'3858894170883';PIÆA;        0.00;        0.00
STRAVA-TRAVARICA 1/1                    ;690929    ;DOMESTIC SPIRITS D.O.O.;        1.00;L  ;       11.02;       11.02;'3859889132992';PIÆA;        0.00;        0.00
DOMAÆI BRENDI 1L                        ;699588    ;ALCA ZAGREB D.O.O.;        1.00;L  ;        0.00;        8.99;'3858894171262';PIÆA;       10.65;        8.99
LIKER VIŠNJA 0,7L 21%                   ;699895    ;ALCA ZAGREB D.O.O.;        0.70;L  ;        9.98;       14.26;'3858894171569';PIÆA;        0.00;        0.00
VODKA BLACKY ŠUM.VOÆE 0,7L              ;85057     ;BLACKY         ;        0.70;L  ;        7.82;       11.17;'4000152004570';PIÆA;        0.00;        0.00
STOCK 84 1/1                            ;94983     ;FIBIS D.O.O.;        1.00;L  ;       17.02;       17.02;'8000440396383';PIÆA;        0.00;        0.00
VILJAMOVKA 0.7 STUDIO G3                ;95669     ;WILLIAMS RONER ;        0.70;L  ;       27.89;       39.84;'8002345007203';PIÆA;        0.00;        0.00
STOCK 84 0.7L LIMENKA                   ;97425     ;FIBIS D.O.O.;        0.70;L  ;       14.02;       20.03;'8000440217220';PIÆA;        0.00;        0.00
VINDI ISO SPORT LIM/GR 1/5              ;02623     ;VINDI          ;        0.20;L  ;        0.61;        3.05;'3850108078428';PIÆA;        0.00;        0.00
HIDRA ISO 0,5L                          ;556609    ;HIDRA          ;        0.50;L  ;        1.33;        2.66;'3850131005088';PIÆA;        0.00;        0.00
VINDI ISO SPORT LIMUN GREJP 1L          ;578582    ;VINDI          ;        1.00;L  ;        1.49;        1.49;'3850108078466';PIÆA;        0.00;        0.00
HIDRA UP 0,5L                           ;605609    ;HIDRA          ;        0.50;L  ;        1.33;        2.66;'3850131005620';PIÆA;        0.00;        0.00
GATORADE COOL BLUE MALINA 0,5L          ;611101    ;GATORADE       ;        0.50;L  ;        1.62;        3.24;'8001160001113';PIÆA;        0.00;        0.00
POWERADE MONTAINBLAST ZERO 0,5L         ;653167    ;POWERADE       ;        0.50;L  ;        1.62;        3.24;'5449000158987';PIÆA;        0.00;        0.00
TWIST ISO LIMUN 0,5L RGB                ;653506    ;CARLSBERG CROATIA D.O.O.;        0.50;L  ;        1.19;        2.38;'3858887585793';PIÆA;        0.00;        0.00
TWIST ISO NAR 0,5L RGB                  ;655765    ;CARLSBERG CROATIA D.O.O.;        0.50;L  ;        1.19;        2.38;'3858887585779';PIÆA;        0.00;        0.00
HIDRA ISO 4X0,5L                        ;658823    ;ZAGREBAÈKA PIVOVARA D.O.O.;        2.00;L  ;        4.59;        2.30;'3850131006283';PIÆA;        0.00;        0.00
HIDRA UP 4X0,5L                         ;658824    ;ZAGREBAÈKA PIVOVARA D.O.O.;        2.00;L  ;        4.59;        2.30;'3850131006313';PIÆA;        0.00;        0.00
TRAMINAC 0,75 KUTJEVO                   ;01077     ;KUTJEVO DD;        0.75;L  ;       10.02;       13.36;'3850156001041';PIÆA;        0.00;        0.00
ÐAKOVAÈKI RIZLING 1/1                   ;02220     ;KUTJEVO DD;        1.00;L  ;        6.02;        6.02;'3859888932227';PIÆA;        0.00;        0.00
VINO GRAŠEVINA KVAL.ÐAKOVO 0,75         ;05285     ;KUTJEVO DD;        0.75;L  ;        7.02;        9.36;'3859888932258';PIÆA;        0.00;        0.00
PJENUŠAC FREIXENET NEGRO 0.75L          ;107377    ;FREIXENET      ;        0.75;L  ;       11.99;       15.99;'8410036009090';PIÆA;        0.00;        0.00
PJENUŠAC FREIXENET NEVADA 0.75L         ;108781    ;FREIXENET      ;        0.75;L  ;        9.99;       13.32;'8410036002015';PIÆA;        0.00;        0.00
VINO GRAŠEVINA KV. 1L IL                ;142020    ;ILOÈKI PODRUMI ;        1.00;L  ;        6.55;        6.55;'3859889556460';PIÆA;        0.00;        0.00
VINO GRAŠEVINA KV.0,75L IL              ;150201    ;ILOÈKI PODRUMI ;        0.75;L  ;        6.99;        9.32;'3859889556453';PIÆA;        0.00;        0.00
GRAŠEVINA 1L BELJE                      ;196281    ;VINA BELJE     ;        1.00;L  ;        6.55;        6.55;'3850257019440';PIÆA;        0.00;        0.00
VINO CRNO ŽDREPÈEVA KRV 1L ÈOKA         ;221354    ;VRUTAK D.O.O.;        1.00;L  ;        4.25;        4.25;'8600102938076';PIÆA;        0.00;        0.00
VINO GRAŠEVINA KUTJEVO 0,75L            ;223321    ;KUTJEVO DD;        0.75;L  ;        0.00;        8.65;'3850156001133';PIÆA;        6.40;        6.49
SILVANAC ZELENI 0.75 ORAHOVICA          ;24800     ;ORAHOVICA      ;        0.75;L  ;        0.00;       12.65;'3859888114050';PIÆA;       12.15;        9.49
FRANKOVKA 1/1 ORAHOVICA                 ;24801     ;ORAHOVICA      ;        1.00;L  ;        5.59;        5.59;'3859888114012';PIÆA;        0.00;        0.00
FRANKOVKA 0.75L ORAHOVICA               ;24802     ;ORAHOVICA      ;        0.75;L  ;        7.79;       10.39;'3859888114029';PIÆA;        0.00;        0.00
GRAŠEVINA 1/1 ORAHOVICA                 ;24804     ;ORAHOVICA      ;        1.00;L  ;        5.99;        5.99;'3859888114036';PIÆA;        0.00;        0.00
RIZLING RAJNSKI 0.75 ORAHOVICA          ;24806     ;ORAHOVICA      ;        0.75;L  ;        7.79;       10.39;'3859888114074';PIÆA;        0.00;        0.00
SAUVIGNON 0.75 ORAHOVICA                ;24807     ;ORAHOVICA      ;        0.75;L  ;        7.79;       10.39;'3859888114104';PIÆA;        0.00;        0.00
CHARDONNAY 0.75 ORAHOVICA               ;24808     ;ORAHOVICA      ;        0.75;L  ;        7.79;       10.39;'3859888114098';PIÆA;        0.00;        0.00
ÐAKOVAÈKA GRAŠEVINA 1/1                 ;25545     ;KUTJEVO DD;        1.00;L  ;        6.02;        6.02;'3859888932234';PIÆA;        0.00;        0.00
TRAMINAC ILOÈKI PODRUMI 0,75L           ;266171    ;ILOÈKI PODRUMI ;        0.75;L  ;        7.99;       10.65;'3859889556538';PIÆA;        0.00;        0.00
GRAŠEVINA BELJE 0,75L KVALITETNA        ;279080    ;VINA BELJE     ;        0.75;L  ;        6.49;        8.65;'3850257019020';PIÆA;        0.00;        0.00
SREBRNA RADG.PENINA-POLUSUHA 0,75       ;302191    ;STUDENAC D.O.O.;        0.75;L  ;        9.02;       12.03;'3830000341110';PIÆA;        0.00;        0.00
ZLATA RADG.PENINA SUHA 0,75             ;302192    ;STUDENAC D.O.O.;        0.75;L  ;       15.02;       20.03;'3830000341011';PIÆA;        0.00;        0.00
MERLOT BELJE 1L                         ;325984    ;VINA BELJE     ;        1.00;L  ;        7.05;        7.05;'3850257020309';PIÆA;        0.00;        0.00
VINO CUVEE BENKOVAC 0,75L               ;353923    ;BADEL 1862 d.d.;        0.75;L  ;        7.02;        9.36;'3850112170675';PIÆA;        0.00;        0.00
PELJEŠAC 1L BADEL                       ;358516    ;BADEL 1862 d.d.;        1.00;L  ;        5.52;        5.52;'3850112170637';PIÆA;        0.00;        0.00
GRAŠEVINA 1/1 FERAVINO                  ;35921     ;FERAVINO       ;        1.00;L  ;        5.95;        5.95;'3859888852044';PIÆA;        0.00;        0.00
FRANKOVKA 1/1 FERAVINO                  ;35922     ;FERAVINO       ;        1.00;L  ;        5.95;        5.95;'3859888852051';PIÆA;        0.00;        0.00
POKLON PAKET VINA SA ÈAŠAMA 0,75L       ;375002    ;DOMESTIC SPIRITS D.O.O.;        0.75;L  ;        7.33;        9.77;'3859889132053';PIÆA;        0.00;        0.00
KORLAT MERLOT 0,75L                     ;375035    ;BADEL 1862 d.d.;        0.75;L  ;       16.02;       21.36;'3850112170538';PIÆA;        0.00;        0.00
KORLAT SYRAH 0.75L                      ;375036    ;BADEL 1862 d.d.;        0.75;L  ;       16.02;       21.36;'3850112170545';PIÆA;        0.00;        0.00
KORLAT CABERNET SOUVIGNON 0,75L         ;375037    ;BADEL 1862 d.d.;        0.75;L  ;       16.02;       21.36;'3850112170552';PIÆA;        0.00;        0.00
PLAVAC 1L BADEL                         ;375134    ;BADEL 1862 d.d.;        1.00;L  ;        5.52;        5.52;'3850112170613';PIÆA;        0.00;        0.00
FRANKOVKA ROSE 0,75 ORAHOVICA           ;399087    ;ORAHOVICA      ;        0.75;L  ;        7.79;       10.39;'3858889830594';PIÆA;        0.00;        0.00
GRAŠEVINA CLASSIC 0,75L FERAVINO        ;421030    ;FERAVINO       ;        0.75;L  ;        7.19;        9.59;'3859892201357';PIÆA;        0.00;        0.00
FRANKOVKA CLASSIC 0,75L FERAVINO        ;421031    ;AWTINTERNATIONAL D.O.O. ZAGREB;        0.75;L  ;        7.19;        9.59;'3859892201364';PIÆA;        0.00;        0.00
KAPISTRAN CRNI 1L                       ;428570    ;ILOÈKI PODRUMI ;        1.00;L  ;        6.29;        6.29;'3859892149253';PIÆA;        0.00;        0.00
GRAŠEVINA 1L ÈOBANKOVIÆ                 ;434228    ;ÈOBANKOVIÆ IVAN POLJODJELSKI OBRT;        1.00;L  ;        3.93;        3.93;'3859891249015';PIÆA;        0.00;        0.00
SILVANAC ZELENI KVAL.0,75 ORAHOVICA     ;444180    ;ORAHOVICA      ;        0.75;L  ;        7.79;       10.39;'3858889831201';PIÆA;        0.00;        0.00
VINO SAUVIGNON 0,75L ÐAKOVO             ;46575     ;KUTJEVO DD;        0.75;L  ;        7.02;        9.36;'3859888932371';PIÆA;        0.00;        0.00
VINO GRAŠEVINA ERDUT 1L                 ;47887     ;VINA ERDUT     ;        1.00;L  ;        6.49;        6.49;'3859889193566';PIÆA;        0.00;        0.00
GRAŠEVINA 0.75 ORAHOVICA                ;49207     ;ORAHOVICA      ;        0.75;L  ;        7.79;       10.39;'3859888114043';PIÆA;        0.00;        0.00
VINO KVALITETNO PLAVAC 1L PALIHNIÆ      ;501373    ;PELJEŠKI VINOGRADAR DOO;        1.00;L  ;        3.99;        3.99;'3859892911089';PIÆA;        0.00;        0.00
VINO KVALITETNO PLAVAC MALI 0,75L PALIH ;501376    ;PELJEŠKI VINOGRADAR DOO;        0.75;L  ;        4.69;        6.25;'3859892911164';PIÆA;        0.00;        0.00
VINO KVALITETNO PLAVAC 0,75L PALIHNIÆ   ;501378    ;PELJEŠKI VINOGRADAR DOO;        0.75;L  ;        4.39;        5.85;'3859892911171';PIÆA;        0.00;        0.00
LAŠKI RIZLING 1L JERUZALEM ORMOŽ        ;514096    ;JERUZALEM ORMOŽ;        1.00;L  ;        0.00;        4.49;'3830001600025';PIÆA;        6.09;        4.49
VINO MERLOT ALIANTA 0,75L               ;528615    ;ALIANTA        ;        0.75;L  ;        4.99;        6.65;'4840042009380';PIÆA;        0.00;        0.00
PINOT BIJELI CLASSIC 0,75L FERAVINO     ;532290    ;FERAVINO       ;        0.75;L  ;        7.19;        9.59;'3859892201548';PIÆA;        0.00;        0.00
CRNI CUVEE KVALITETNI 0,75L ORAHOVICA   ;556498    ;ORAHOVICA      ;        0.75;L  ;        7.79;       10.39;'3858889831676';PIÆA;        0.00;        0.00
VINO CRVENO TGA ZA JUG 0,75L TIKVEŠ     ;556756    ;TIKVEŠ         ;        0.75;L  ;        5.32;        7.09;'5310008007129';PIÆA;        0.00;        0.00
VINO VRANAC VUPIK 1L                    ;563275    ;VUPIK          ;        1.00;L  ;        3.80;        3.80;'3858882617079';PIÆA;        0.00;        0.00
VINO CABERNET GLAMOUR 0,75L             ;564055    ;MIRNA-VERIS D.O.O.;        0.75;L  ;        4.99;        6.65;'4840526006836';PIÆA;        0.00;        0.00
VINO CHARDONNAY GLAMOUR 0,75L           ;564056    ;MIRNA-VERIS D.O.O.;        0.75;L  ;        4.99;        6.65;'4840526005891';PIÆA;        0.00;        0.00
MUŠKATNA PENINA ORMOŽ 0,75L             ;565219    ;JERUZALEM ORMOŽ;        0.75;L  ;       10.02;       13.36;'3830001601558';PIÆA;        0.00;        0.00
POKLON PAKET VINA 2X0,75L               ;573251    ;DOMESTIC SPIRITS D.O.O.;        1.50;L  ;        8.05;        5.37;'3859889132107';PIÆA;        0.00;        0.00
VINO CABERNET SECRET ARISTOCRATA 0,75L  ;575020    ;SECRET ARISTOCR;        0.75;L  ;        0.00;        6.65;'4840267006881';PIÆA;        5.99;        4.99
VINO SUHO BIJELO 2L HERCEGOVINA VINA    ;578866    ;HERCEGOVINAVINO;        2.00;L  ;        2.99;        1.50;'3870025000685';PIÆA;        0.00;        0.00
PJENUŠAC FREIX.MIA MOSCATO PINK 0,75L   ;588728    ;FREIXENET      ;        0.75;L  ;        8.99;       11.99;'8410384012087';PIÆA;        0.00;        0.00
VINKO VINO BIJELO 3L                    ;591213    ;HERCEGOVINAVINO;        3.00;L  ;        4.49;        1.50;'3870025000241';PIÆA;        0.00;        0.00
PENINA GLAMOUR EDITION 0,75L            ;598267    ;JERUZALEM ORMOŽ;        0.75;L  ;       10.02;       13.36;'3830001602951';PIÆA;        0.00;        0.00
EPSKO VINO VRANAC 3L                    ;600468    ;EPSKO VINO     ;        3.00;L  ;        9.39;        3.13;'3858892520192';PIÆA;        0.00;        0.00
EPSKO VINO VRANAC 2L                    ;600469    ;EPSKO VINO     ;        2.00;L  ;        6.59;        3.30;'3858892520185';PIÆA;        0.00;        0.00
VINO IMAKO VRANAC BLACK LABEL 0,75L     ;600470    ;EPSKO VINO     ;        0.75;L  ;        5.02;        6.69;'5319990807076';PIÆA;        0.00;        0.00
EPSKO VINO VRANAC 1L                    ;600471    ;AWTINTERNATIONAL D.O.O. ZAGREB;        1.00;L  ;        4.72;        4.72;'3858892520178';PIÆA;        0.00;        0.00
VRANAC MAKEDONSKI 3L BIB IMAKO          ;600472    ;EPSKO VINO     ;        3.00;L  ;        9.99;        3.33;'5310140009906';PIÆA;        0.00;        0.00
VINO CABERNET SAUVIGNON 0,75L ÐAKOVO    ;603346    ;KUTJEVO DD;        0.75;L  ;        7.02;        9.36;'3859888932777';PIÆA;        0.00;        0.00
VINO ROSE CLASSIC KV.0,75L FERAVINO     ;606924    ;FERAVINO       ;        0.75;L  ;        7.19;        9.59;'3859893151026';PIÆA;        0.00;        0.00
VINO VRANAC VUPIK KV.3L BIB             ;607199    ;JAMNICA PLUS D.O.O.;        3.00;L  ;        9.99;        3.33;'3858882617109';PIÆA;        0.00;        0.00
VINO IL FRANKOVKA ROSE KV. 0,75L        ;607200    ;ILOÈKI PODRUMI ;        0.75;L  ;        7.55;       10.07;'3859892149239';PIÆA;        0.00;        0.00
VINO TIKVEŠ GRAŠEVINA 1L                ;608212    ;TIKVEŠ         ;        1.00;L  ;        4.22;        4.22;'5310008006245';PIÆA;        0.00;        0.00
VINO TIKVEŠ VRANEC 1L                   ;608213    ;TIKVEŠ         ;        1.00;L  ;        4.22;        4.22;'5310008006184';PIÆA;        0.00;        0.00
KUPINOVO VINO KUPIN 0,75L               ;608369    ;BUBALO BOŽA OPG;        0.75;L  ;        7.33;        9.77;'3857500112200';PIÆA;        0.00;        0.00
VINO VRANAC KV 0,75L VINEA              ;612852    ;FIBIS D.O.O.;        0.75;L  ;        4.92;        6.56;'5310122001553';PIÆA;        0.00;        0.00
PJENUŠAC FREIXENET MIA 0,75L SPARK.     ;612995    ;FREIXENET      ;        0.75;L  ;        8.99;       11.99;'8410384020051';PIÆA;        0.00;        0.00
EPSKO VINO GRAŠEVINA 2L                 ;615428    ;EPSKO VINO     ;        2.00;L  ;        6.59;        3.30;'3858892520215';PIÆA;        0.00;        0.00
EPSKO VINO GRAŠEVINA 3L                 ;615429    ;EPSKO VINO     ;        3.00;L  ;        9.39;        3.13;'3858892520222';PIÆA;        0.00;        0.00
GRAŠEVINA MAKEDONSKA 3L BIB IMAKO       ;615430    ;EPSKO VINO     ;        3.00;L  ;        9.99;        3.33;'5310140009913';PIÆA;        0.00;        0.00
VINO MEDITERANO CUVEE 0,75L BIJELI      ;616625    ;HERCEGOVINAVINO;        0.75;L  ;        3.30;        4.40;'3870025004300';PIÆA;        0.00;        0.00
VINKO VINO CRNO 3L                      ;616983    ;HERCEGOVINAVINO;        3.00;L  ;        4.49;        1.50;'3870025000258';PIÆA;        0.00;        0.00
VINO MERLOT DK 0,75L                    ;617206    ;DK             ;        0.75;L  ;        0.00;        5.32;'4840454004386';PIÆA;        4.99;        3.99
VINO MEDITERANO CUVEE 3L BIB BIJELO     ;619181    ;HERCEGOVINAVINO;        3.00;L  ;        7.69;        2.56;'3870025004317';PIÆA;        0.00;        0.00
VINO GRAŠEVINA 3L VUPIK BIB             ;625181    ;VUPIK          ;        3.00;L  ;        9.49;        3.16;'3858882617437';PIÆA;        0.00;        0.00
VINO VRANAC VINEA 1L KV.                ;627151    ;FIBIS D.O.O.;        1.00;L  ;        4.28;        4.28;'3859892866938';PIÆA;        0.00;        0.00
VINO VENUS 1L                           ;627181    ;FIBIS D.O.O.;        1.00;L  ;        4.28;        4.28;'3859892866884';PIÆA;        0.00;        0.00
VINO SINGERO BIJELI 0,75L DIKA          ;628712    ;FERAVINO       ;        0.75;L  ;        8.29;       11.05;'3859893924309';PIÆA;        0.00;        0.00
VINO EPSKO GRAŠEVINA 1L STAKLO          ;628713    ;EPSKO VINO     ;        1.00;L  ;        4.72;        4.72;'3858892520208';PIÆA;        0.00;        0.00
VINO IMAKO CABERNET SAUVIGNON 0,75L     ;628714    ;EPSKO VINO     ;        0.75;L  ;        5.02;        6.69;'5310140009999';PIÆA;        0.00;        0.00
VINO CABERNET SAUVIGNON 0,75L ORAHOVICA ;628715    ;ORAHOVICA      ;        0.75;L  ;        6.99;        9.32;'3858889832291';PIÆA;        0.00;        0.00
VINO GRAŠEVINA 2L KG                    ;635797    ;KG ZELINA D.O.O.;        2.00;L  ;        3.29;        1.65;'3859891270149';PIÆA;        0.00;        0.00
VINO VRANAC 2L KG                       ;635798    ;KG ZELINA D.O.O.;        2.00;L  ;        3.99;        2.00;'3859891270101';PIÆA;        0.00;        0.00
VINO BIJELO 2L KG                       ;635799    ;KG ZELINA D.O.O.;        2.00;L  ;        3.29;        1.65;'3859891270026';PIÆA;        0.00;        0.00
VINO FRANKOVKA ÈOBANKOVIÆ 1L            ;641222    ;ÈOBANKOVIÆ IVAN POLJODJELSKI OBRT;        1.00;L  ;        3.93;        3.93;'3859891249077';PIÆA;        0.00;        0.00
TRAUBI VINO  KUTJEVO 0,75L              ;641807    ;KUTJEVO DD;        0.75;L  ;        8.99;       11.99;'3850156006206';PIÆA;        0.00;        0.00
CHIVA PROSECCO DRY 0,75L                ;642756    ;BADEL 1862 d.d.;        0.75;L  ;        8.02;       10.69;'8058333060262';PIÆA;        0.00;        0.00
CABERNET SAUVIGNON KV.1L VB             ;643225    ;VINA BELJE     ;        1.00;L  ;        6.49;        6.49;'3850257021375';PIÆA;        0.00;        0.00
MUŠKAT OTTONEL 0,75L ORMOŽ              ;643283    ;JERUZALEM ORMOŽ;        0.75;L  ;       12.99;       17.32;'3830078701748';PIÆA;        0.00;        0.00
VINO IMAKO MERLOT 0,75L                 ;644510    ;EPSKO VINO     ;        0.75;L  ;        5.02;        6.69;'5310140009982';PIÆA;        0.00;        0.00
VINO IMAKO MUSCAT 0,75L                 ;644511    ;EPSKO VINO     ;        0.75;L  ;        5.02;        6.69;'5310140009937';PIÆA;        0.00;        0.00
VINO IMAKO RIESLING 0,75L               ;644512    ;EPSKO VINO     ;        0.75;L  ;        5.02;        6.69;'5310140009951';PIÆA;        0.00;        0.00
SLATKI MUŠKAT ORMOŽ 0,75L ART EDITION   ;644808    ;JERUZALEM ORMOŽ;        0.75;L  ;        6.09;        8.12;'3830078701984';PIÆA;        0.00;        0.00
MUŠKAT RUMENI 0,75L JERUZALEM           ;644811    ;JERUZALEM ORMOŽ;        0.75;L  ;        8.99;       11.99;'3830078701809';PIÆA;        0.00;        0.00
VINO PLANTAŽE VRANAC BIB 3L**           ;645074    ;VINA PLANTAŽE  ;        3.00;L  ;        7.99;        2.66;'3899003001193';PIÆA;        0.00;        0.00
VINO VRANAC PLANTAŽE 1L                 ;645819    ;VINA PLANTAŽE  ;        1.00;L  ;        4.62;        4.62;'3899003001070';PIÆA;        0.00;        0.00
VINO GRAŠEVINA TIKVEŠ 0,75L             ;646223    ;TIKVEŠ         ;        0.75;L  ;        5.32;        7.09;'5310008006283';PIÆA;        0.00;        0.00
TRAMINAC JERUZALEM ORMOŽ 0,75L          ;646706    ;JERUZALEM ORMOŽ;        0.75;L  ;        7.79;       10.39;'3830078701663';PIÆA;        0.00;        0.00
GRAŠEVINA LINIJA 0,75L                  ;648754    ;DOMESTIC SPIRITS D.O.O.;        0.75;L  ;        4.52;        6.03;'3859889132244';PIÆA;        0.00;        0.00
CABERNET&MERLOT 1L JERUZALEM ORMOŽ      ;651467    ;JERUZALEM ORMOŽ;        1.00;L  ;        6.09;        6.09;'3830078702929';PIÆA;        0.00;        0.00
VINO GRAŠEVINA 3L KG                    ;651741    ;KG ZELINA D.O.O.;        3.00;L  ;        6.99;        2.33;'3859891270156';PIÆA;        0.00;        0.00
VINO GRAŠEVINA 5L KG                    ;651742    ;KG ZELINA D.O.O.;        5.00;L  ;        9.99;        2.00;'3859891270163';PIÆA;        0.00;        0.00
SLATKO CRVENO VINO 0,75L POP ART        ;652704    ;JERUZALEM ORMOŽ;        0.75;L  ;        8.99;       11.99;'3830078702509';PIÆA;        0.00;        0.00
SLATKI MUŠKAT OTTONEL POP ART 0,75L     ;652705    ;JERUZALEM ORMOŽ;        0.75;L  ;        0.00;        5.32;'3830078702806';PIÆA;        6.09;        3.99
GRAŠEVINA JERUZALEM ORMOŽ 1L            ;652706    ;PUKLAVEC FAMILY WINES D.O.O.;        1.00;L  ;        0.00;        4.49;'3830078702981';PIÆA;        5.81;        4.49
VINO CRVENO TIKVEŠKO BIB 3L**           ;652827    ;TIKVEŠ         ;        3.00;L  ;        6.99;        2.33;'5310008006917';PIÆA;        0.00;        0.00
VINO GRAŠEVINA 0,75L VINEA              ;655127    ;FIBIS D.O.O.;        0.75;L  ;        4.92;        6.56;'5310122001010';PIÆA;        0.00;        0.00
DIKA PP 2X0,75(CABERNET S.+CHARDONNAY)  ;664222    ;AWTINTERNATIONAL D.O.O. ZAGREB;        1.00;KOM;       15.99;       15.99;'3859893924415';PIÆA;        0.00;        0.00
VINO TRAMINAC PRESTIG.JEROME POLEMIKA 0,;664749    ;ST.JEROME      ;        0.75;L  ;       12.49;       16.65;'3858893390756';PIÆA;        0.00;        0.00
VINO CABERNET SUVIG.JEROME POLEMIKA 0,75;664750    ;ST.JEROME      ;        0.75;L  ;       14.99;       19.99;'3858893390572';PIÆA;        0.00;        0.00
VINO PUŠIPEL JEROME CARACTERE 0,75L     ;664755    ;ST.JEROME      ;        0.75;L  ;       11.49;       15.32;'3858893390619';PIÆA;        0.00;        0.00
VINO MUŠKAT ŽUTI JEROME POLEMIKA 0,75L  ;664756    ;ST.JEROME      ;        0.75;L  ;       10.99;       14.65;'3858893390671';PIÆA;        0.00;        0.00
VINO CHARDONNAY 0.75L ÐAKOVO            ;88530     ;KUTJEVO DD;        0.75;L  ;        7.02;        9.36;'3859888932456';PIÆA;        0.00;        0.00
OŽUJSKO PIVO 0,5L                       ;01317     ;OŽUJSKO PIVO   ;        0.50;L  ;        1.19;        2.38;'38501692';PIÆA;        0.00;        0.00
OŽUJSKO PIVO 0,33L                      ;01318     ;OŽUJSKO PIVO   ;        0.33;L  ;        1.13;        3.42;'38501708';PIÆA;        0.00;        0.00
TOMISLAV PIVO 0,5L                      ;02068     ;TOMISLAV PIVO  ;        0.50;L  ;        1.29;        2.58;'38501715';PIÆA;        0.00;        0.00
KARLOVAÈKO PIVO 0.5L                    ;02479     ;KARLOVAÈKO PIVO;        0.50;L  ;        1.19;        2.38;'3850103000820';PIÆA;        0.00;        0.00
KARLOVAÈKO PIVO 0.33L                   ;04891     ;KARLOVAÈKO PIVO;        0.33;L  ;        1.11;        3.36;'3850103000837';PIÆA;        0.00;        0.00
STAROÈEŠKO PIVO 0.5 DARUV.              ;06316     ;PIV.DARUVAR    ;        0.50;L  ;        1.08;        2.16;'3859892222017';PIÆA;        0.00;        0.00
OŽUJSKO COOL PIVO 0.5L                  ;100811    ;OŽUJSKO RADLER ;        0.50;L  ;        1.25;        2.50;'38502293';PIÆA;        0.00;        0.00
BECK S PIVO 0.33 POV.BOCA               ;140520    ;BECK'S         ;        0.33;L  ;        1.15;        3.48;'3850131290002';PIÆA;        0.00;        0.00
PAN PIVO 0,5L                           ;15769     ;PAN LAGER      ;        0.50;L  ;        1.19;        2.38;'3859888291416';PIÆA;        0.00;        0.00
PAN PIVO 0.5L BEZALKOH.                 ;162578    ;PAN FREE       ;        0.50;L  ;        1.29;        2.58;'3859888291782';PIÆA;        0.00;        0.00
BECK S PIVO 0.5L POV.BOCA               ;178455    ;BECK'S         ;        0.50;L  ;        1.25;        2.50;'3850131290019';PIÆA;        0.00;        0.00
BUDWEISER BUDVAR PIVO 0,5L POV.BOCA     ;212475    ;BUDWEISER      ;        0.50;L  ;        1.29;        2.58;'8594403705294';PIÆA;        0.00;        0.00
PAN ZLATNI 0,5L                         ;299280    ;PAN ZLATNI     ;        0.50;L  ;        1.19;        2.38;'3858887580507';PIÆA;        0.00;        0.00
STAROPRAMEN PIVO 0,5L                   ;380088    ;STAROPRAMEN    ;        0.50;L  ;        1.29;        2.58;'3850131001790';PIÆA;        0.00;        0.00
HEINEKEN 0,4 POVRATNA BOCA              ;392526    ;HEINEKEN       ;        0.40;L  ;        1.25;        3.13;'5998818171249';PIÆA;        0.00;        0.00
BUDWEISER DARK 0,5 POV BOCA             ;410367    ;BUDWEISER      ;        0.50;L  ;        1.29;        2.58;'8594403705300';PIÆA;        0.00;        0.00
KARLOVAÈKO 0,0% 0,5L POVRATNA           ;415781    ;KARLOVAÈKO PIVO;        0.50;L  ;        1.19;        2.38;'3850103901196';PIÆA;        0.00;        0.00
TUBORG GREEN 0,5L 3g POVRATNA           ;419586    ;TUBORG GREEN   ;        0.50;L  ;        1.24;        2.48;'3800069003304';PIÆA;        0.00;        0.00
PIVO KRUŠOVICE 0,5L                     ;526681    ;KRUŠOVICE PIVO ;        0.50;L  ;        1.19;        2.38;'3850103090036';PIÆA;        0.00;        0.00
PIVO DVA KLASA 0,5L PIV. MEDVEDGRAD     ;528986    ;PIVOVARA MEDVEDGRAD DOO;        0.50;L  ;        1.93;        3.86;'3857500003232';PIÆA;        0.00;        0.00
PIVO ZLATNI MEDVJED 0,5L PIV.MEDVEDGRAD ;528987    ;PIVOVARA MEDVEDGRAD DOO;        0.50;L  ;        1.93;        3.86;'3857500003256';PIÆA;        0.00;        0.00
PIVO CRNA KRALJICA 0,5L PIV.MEDVEDGRAD  ;528988    ;PIVOVARA MEDVEDGRAD DOO;        0.50;L  ;        1.98;        3.96;'3857500003294';PIÆA;        0.00;        0.00
PIVO GRIÈKA VJEŠTICA 0,5L PIV.MEDVEDGRAD;528989    ;PIVOVARA MEDVEDGRAD DOO;        0.50;L  ;        2.12;        4.24;'3857500003218';PIÆA;        0.00;        0.00
PIVO KOZEL PREMIUM 0,5L POV.BOCA        ;556577    ;ASAHI          ;        0.50;L  ;        1.29;        2.58;'8594404005096';PIÆA;        0.00;        0.00
PIVO KOZEL DARK 0,5L POV.BOCA           ;556578    ;ASAHI          ;        0.50;L  ;        1.29;        2.58;'8594404001418';PIÆA;        0.00;        0.00
VUKOVARSKO DOMAÆE PIVO 0,5L             ;566311    ;VUKOVARSKO PIVO;        0.50;L  ;        1.25;        2.50;'3859893353055';PIÆA;        0.00;        0.00
HEINEKEN PIVO 0,25L VELEPRODAJA         ;568407    ;HEINEKEN       ;        0.25;L  ;        0.98;        3.92;'3850103901783';PIÆA;        0.00;        0.00
PILSNER URQUELL PIVO 0,5L RGB           ;611356    ;ASAHI          ;        0.50;L  ;        1.49;        2.98;'8594404018324';PIÆA;        0.00;        0.00
HEINEKEN SILVER 0,33L BOCA              ;627921    ;HEINEKEN       ;        0.33;L  ;        1.62;        4.91;'3850103902438';PIÆA;        0.00;        0.00
PIVO MEDVEDGRAD 6X0,5L                  ;641949    ;PIVOVARA MEDVEDGRAD DOO;        3.00;L  ;        7.99;        2.66;'3859893357060';PIÆA;        0.00;        0.00
PIVO BALTAZAR 0,5L PIV.MEDVEDGRAD       ;644943    ;PIVOVARA MEDVEDGRAD DOO;        0.50;L  ;        2.18;        4.36;'3859893357275';PIÆA;        0.00;        0.00
PIVO LAŠKO 0.5L                         ;95318     ;LAŠKO ZLATOROG ;        0.50;L  ;        1.19;        2.38;'3830001711011';PIÆA;        0.00;        0.00
BAVARIA PIVO PREMIUM 0.25L              ;95337     ;BAVARIA        ;        0.25;L  ;        1.15;        4.60;'87316650';PIÆA;        0.00;        0.00
PAN PIVO 2L MEGA                        ;265778    ;PAN LAGER      ;        2.00;L  ;        0.00;        1.40;'3858887580415';PIÆA;        3.43;        2.80
OŽUJSKO PIVO 2L                         ;290142    ;OŽUJSKO PIVO   ;        2.00;L  ;        3.79;        1.90;'3850131001608';PIÆA;        0.00;        0.00
PAN ZLATNI 2L                           ;332212    ;PAN ZLATNI     ;        2.00;L  ;        0.00;        1.40;'3858887580675';PIÆA;        3.42;        2.80
HOLSTEN PIVO 2L                         ;334003    ;HOLSTEN        ;        2.00;L  ;        2.62;        1.31;'3858887580484';PIÆA;        0.00;        0.00
PIVO 10 2L PIVOVARA DARUVAR             ;367149    ;PIV.DARUVAR    ;        2.00;L  ;        2.26;        1.13;'3859892222314';PIÆA;        0.00;        0.00
PIVO BRANIK 2L PET                      ;420652    ;BRANIK         ;        2.00;L  ;        2.20;        1.10;'3850131003756';PIÆA;        0.00;        0.00
PIVO LOWENBRAU 2L (NOVO)                ;441522    ;LOWENBRAU      ;        2.00;L  ;        2.79;        1.40;'3850131004654';PIÆA;        0.00;        0.00
PIVO ZANATSKO 2L                        ;448002    ;ZANATSKO       ;        2.00;L  ;        2.12;        1.06;'3858887582297';PIÆA;        0.00;        0.00
CARLSBERG 0.5 LIM.                      ;149758    ;CARLSBERG      ;        0.50;L  ;        1.55;        3.10;'8606103965318';PIÆA;        0.00;        0.00
BECK S PIVO 0.5L LIM.                   ;153675    ;BECK'S         ;        0.50;L  ;        1.62;        3.24;'3850131290101';PIÆA;        0.00;        0.00
OŽUJSKO PIVO 0,5 LIMENKA                ;15747     ;OŽUJSKO PIVO   ;        0.50;L  ;        1.55;        3.10;'3850131400609';PIÆA;        0.00;        0.00
KARLOVAÈKO PIVO 0,5 LIM                 ;17589     ;KARLOVAÈKO PIVO;        0.50;L  ;        1.49;        2.98;'3850103002312';PIÆA;        0.00;        0.00
STELLA 0,5L LIM 4 PACK                  ;198870    ;STELLA ARTOIS  ;        2.00;L  ;        6.39;        3.20;'3850131483374';PIÆA;        0.00;        0.00
HEINEKEN DRAUGHTKEG 5L                  ;206033    ;HEINEKEN       ;        5.00;L  ;       19.99;        4.00;'8712000025649';PIÆA;        0.00;        0.00
BUDWEISER PIVO 0,5L LIMENKA             ;213404    ;BUDWEISER      ;        0.50;L  ;        1.58;        3.16;'8594403310115';PIÆA;        0.00;        0.00
PIVO LOWENBRAU 0,5L LIMENKA             ;225083    ;LOWENBRAU      ;        0.50;L  ;        0.00;        1.84;'3850131004715';PIÆA;        1.02;        0.92
STELLA ARTOIS 0.5 LIM.                  ;24550     ;STELLA ARTOIS  ;        0.50;L  ;        1.75;        3.50;'3850131486009';PIÆA;        0.00;        0.00
PAN PIVO LIM.4-PACK                     ;280310    ;PAN LAGER      ;        2.00;L  ;        4.99;        2.50;'3858887580477';PIÆA;        0.00;        0.00
PAN ZLATNI LIM.0.5L                     ;322737    ;PAN ZLATNI     ;        0.50;L  ;        1.48;        2.96;'3858887580644';PIÆA;        0.00;        0.00
PIVO KOZEL PREMIUM 0,5L LIM.            ;365468    ;ASAHI          ;        0.50;L  ;        1.58;        3.16;'8594404005782';PIÆA;        0.00;        0.00
PIVO KOZEL DARK 0,5L LIM.               ;365470    ;ASAHI          ;        0.50;L  ;        1.58;        3.16;'8594404008042';PIÆA;        0.00;        0.00
PAN ZLATNI 0,5L 4PACK                   ;377218    ;PAN ZLATNI     ;        2.00;L  ;        4.99;        2.50;'3858887580651';PIÆA;        0.00;        0.00
KARLOVAÈKO CRNO LIM. 0,5L               ;431593    ;KARLOVAÈKO PIVO;        0.50;L  ;        1.52;        3.04;'3850103005511';PIÆA;        0.00;        0.00
STAROPRAMEN PIVO 0,5L LIM.              ;446760    ;STAROPRAMEN    ;        0.50;L  ;        1.58;        3.16;'3850131003398';PIÆA;        0.00;        0.00
PIVO PILSNER URQUEL 0,5L LIM.           ;518681    ;ASAHI          ;        0.50;L  ;        1.72;        3.44;'8594404115115';PIÆA;        0.00;        0.00
HOLSTEN LIM. 0,5L 4PACK                 ;525036    ;HOLSTEN        ;        2.00;L  ;        3.61;        1.81;'3858887581887';PIÆA;        0.00;        0.00
HEINEKEN 0.5 LIM.                       ;53915     ;HEINEKEN       ;        0.50;L  ;        1.67;        3.34;'3830001714692';PIÆA;        0.00;        0.00
PIVO "10" LIM. 0,5L                     ;552932    ;PIV.DARUVAR    ;        0.50;L  ;        0.00;        1.50;'3859892222154';PIÆA;        0.88;        0.75
PIVO UNION LIM. 0,5L                    ;553085    ;UNION PIVO     ;        0.50;L  ;        1.23;        2.46;'3838999050013';PIÆA;        0.00;        0.00
KRUŠOVICE PIVO 4PACK LIM. 4*0,5L        ;557336    ;KRUŠOVICE PIVO ;        2.00;L  ;        5.61;        2.81;'8594009922699';PIÆA;        0.00;        0.00
PAN PIVO LIM.0.5L                       ;56825     ;PAN LAGER      ;        0.50;L  ;        1.48;        2.96;'3859888291461';PIÆA;        0.00;        0.00
PIVO BLANC K 1664 0,5L LIM.             ;570724    ;1664 BLANC     ;        0.50;L  ;        1.72;        3.44;'3080216031811';PIÆA;        0.00;        0.00
KOZEL PREMIUM LAGER 4*0,5L LIM.         ;573191    ;ASAHI          ;        2.00;L  ;        5.61;        2.81;'8594404006369';PIÆA;        0.00;        0.00
KOZEL DARK PIVO 4*0,5L LIM.             ;573192    ;ASAHI          ;        2.00;L  ;        5.61;        2.81;'8594404005331';PIÆA;        0.00;        0.00
OŽUJSKO PIVO 4PACK 4*0,5L ZAKON PONUDA  ;578671    ;OŽUJSKO PIVO   ;        2.00;L  ;        5.49;        2.75;'3850131986011';PIÆA;        0.00;        0.00
OŽUJSKO PIVO 6*0,5L LIM. ZAKON PONUDA   ;584773    ;OŽUJSKO PIVO   ;        3.00;L  ;        7.99;        2.66;'3850131005682';PIÆA;        0.00;        0.00
PIVO PILSNER URQUELL 4*0,5L             ;587236    ;ASAHI          ;        2.00;L  ;        6.11;        3.06;'8594404005409';PIÆA;        0.00;        0.00
OŽUJSKO PIVO 6*0,33L ZAKON              ;591244    ;OŽUJSKO PIVO   ;        1.98;L  ;        5.79;        2.92;'3850131006061';PIÆA;        0.00;        0.00
PIVO KRUŠOVICE LIM. 0,5L                ;592464    ;KRUŠOVICE PIVO ;        0.50;L  ;        1.59;        3.18;'8594009921449';PIÆA;        0.00;        0.00
PIVO LOWENBRAU 4*0,5L LIM.              ;595997    ;LOWENBRAU      ;        2.00;L  ;        3.79;        1.90;'3850131005750';PIÆA;        0.00;        0.00
PIVO PAULANER 5L ORIGINAL MUNCHENER     ;605027    ;DOLIUM D.O.O.;        5.00;L  ;       14.99;        3.00;'4066600101635';PIÆA;        0.00;        0.00
HEINEKEN LIMENKA 0,0% 0,33L             ;607148    ;HEINEKEN       ;        0.33;L  ;        1.30;        3.94;'3830054841802';PIÆA;        0.00;        0.00
PIVO LAŠKO 4X0,5L                       ;608056    ;LAŠKO ZLATOROG ;        2.00;L  ;        0.00;        2.25;'3830001712667';PIÆA;        5.11;        4.49
KARLOVAÈKO PIVO 4X0,5L                  ;608978    ;KARLOVAÈKO PIVO;        2.00;L  ;        5.31;        2.66;'3850103001476';PIÆA;        0.00;        0.00
PIVO CARLSBERG 4X0,5L 4PACK             ;611493    ;CARLSBERG      ;        2.00;L  ;        4.99;        2.50;'3858887583751';PIÆA;        0.00;        0.00
KARLOVAÈKO 6X0,5L 6PACK                 ;613292    ;KARLOVAÈKO PIVO;        3.00;L  ;        7.67;        2.56;'3850103902360';PIÆA;        0.00;        0.00
HEINEKEN 4X0,5L                         ;615352    ;HEINEKEN       ;        2.00;L  ;        6.11;        3.06;'3830001714715';PIÆA;        0.00;        0.00
HEINEKEN 6X0,5L                         ;615353    ;HEINEKEN       ;        3.00;L  ;        8.75;        2.92;'3830001716016';PIÆA;        0.00;        0.00
HOLSTEN 0,5L LIM.                       ;615761    ;HOLSTEN        ;        0.50;L  ;        1.00;        2.00;'3858887584208';PIÆA;        0.00;        0.00
TUBORG GREEN 0,5L LIM                   ;616533    ;TUBORG GREEN   ;        0.50;L  ;        0.00;        2.58;'3858887584116';PIÆA;        1.30;        1.29
STAROPRAMEN PIVO 4X0,33L LIM.           ;627865    ;STAROPRAMEN    ;        1.32;L  ;        4.01;        3.04;'3850131006030';PIÆA;        0.00;        0.00
STELLA ARTOIS 4X0,33L LIM.              ;627866    ;STELLA ARTOIS  ;        1.32;L  ;        4.11;        3.11;'3850131006023';PIÆA;        0.00;        0.00
STAROPRAMEN PIVO 0,0% 0,5L LIM.         ;627867    ;STAROPRAMEN    ;        0.50;L  ;        1.59;        3.18;'8600105005010';PIÆA;        0.00;        0.00
HEINEKEN SILVER 4X0,33L LIM.            ;627920    ;HEINEKEN       ;        1.32;L  ;        4.61;        3.49;'3850103902483';PIÆA;        0.00;        0.00
HEINEKEN SILVER 0,5L LIM.               ;627922    ;HEINEKEN       ;        0.50;L  ;        1.67;        3.34;'3850103902452';PIÆA;        0.00;        0.00
PIVO PAN LAGER 6X0,5L                   ;632821    ;CARLSBERG CROATIA D.O.O.;        3.00;L  ;        7.47;        2.49;'3858887581993';PIÆA;        0.00;        0.00
PIVO PAN ZLATNI 6X0,5L                  ;632823    ;PAN ZLATNI     ;        3.00;L  ;        7.47;        2.49;'3858887583454';PIÆA;        0.00;        0.00
PIVO STAROÈEŠKO 6X0,5L LIM.             ;633835    ;PIV.DARUVAR    ;        3.00;L  ;        6.95;        2.32;'3859893750366';PIÆA;        0.00;        0.00
OŽUJSKO 0,33L LIMENKA                   ;634794    ;OŽUJSKO PIVO   ;        0.33;L  ;        1.15;        3.48;'3850131006047';PIÆA;        0.00;        0.00
PIVO 5.ELEMENT IIPA 0,5L LIM.           ;638949    ;PIV.DARUVAR    ;        0.50;L  ;        2.48;        4.96;'3859892222345';PIÆA;        0.00;        0.00
PIVO STAROÈEŠKO 0,5L LIM.               ;641729    ;PIV.DARUVAR    ;        0.50;L  ;        1.35;        2.70;'3859892222185';PIÆA;        0.00;        0.00
KARLOVAÈKO PIVO 0.33 LIM                ;645914    ;KARLOVAÈKO PIVO;        0.33;L  ;        1.13;        3.42;'3850103902582';PIÆA;        0.00;        0.00
PIVO 5.ELEMENT ABA 0,5 LIM              ;646168    ;PIV.DARUVAR    ;        0.50;L  ;        2.02;        4.04;'3859892222338';PIÆA;        0.00;        0.00
PIVO 5.ELEMENT LELA 0,5L LIM            ;646169    ;PIV.DARUVAR    ;        0.50;L  ;        2.02;        4.04;'3859893750342';PIÆA;        0.00;        0.00
PIVO BERTIES 0,5L LIM.NOVO              ;647777    ;CONTESSA GROUP KERESKEDELMI ES;        0.50;L  ;        0.82;        1.64;'5999860191247';PIÆA;        0.00;        0.00
PIVO PAULANER ORIG.LIM.4X0,5L           ;648096    ;DOLIUM D.O.O.;        2.00;L  ;        6.61;        3.31;'4066600311812';PIÆA;        0.00;        0.00
KOZEL PREMIUM LAGER 6X0.5L LIM.         ;654122    ;ASAHI          ;        3.00;L  ;        0.00;        2.43;'8594404016894';PIÆA;        7.99;        7.29
PIVO EFES PILSNER LIM.0,5L              ;655418    ;FIBIS D.O.O.;        0.50;L  ;        1.19;        2.38;'8690520019907';PIÆA;        0.00;        0.00
TOMISLAV PIVO 0,5 LIM.                  ;657219    ;ZAGREBAÈKA PIVOVARA D.O.O.;        0.50;L  ;        1.49;        2.98;'3850131006207';PIÆA;        0.00;        0.00
LAŠKO PIVO 0.5L LIM.                    ;95320     ;LAŠKO ZLATOROG ;        0.50;L  ;        1.44;        2.88;'3830001710991';PIÆA;        0.00;        0.00
KARLOVAÈKO RADLER LIMUN 0,5L PB         ;335495    ;KARLOVAÈKO PIVO;        0.50;L  ;        1.19;        2.38;'3850103002213';PIÆA;        0.00;        0.00
OŽUJSKO LIMUN 0,5L                      ;344222    ;OŽUJSKO RADLER ;        0.50;L  ;        1.25;        2.50;'3850131002094';PIÆA;        0.00;        0.00
OŽUJSKO LIMUN 0,5 LIMENKA               ;344564    ;OŽUJSKO RADLER ;        0.50;L  ;        1.59;        3.18;'3850131002063';PIÆA;        0.00;        0.00
SOMERSBY KRUŠKA 0,33L                   ;344889    ;SOMERSBY       ;        0.33;L  ;        1.49;        4.52;'7310070748423';PIÆA;        0.00;        0.00
KARLOVAÈKO RADLER LIMUN LIMEN.0,5L      ;345445    ;KARLOVAÈKO PIVO;        0.50;L  ;        1.49;        2.98;'3850103002190';PIÆA;        0.00;        0.00
PAN RADLER 0,5L LIMUN                   ;347422    ;PAN RADLER     ;        0.50;L  ;        1.25;        2.50;'3858887580828';PIÆA;        0.00;        0.00
PAN RADLER 0,5 LIMENKA LIMUN            ;347424    ;PAN RADLER     ;        0.50;L  ;        1.52;        3.04;'3858887580842';PIÆA;        0.00;        0.00
OŽUJSKO GREJP 0,5L                      ;362222    ;OŽUJSKO RADLER ;        0.50;L  ;        1.25;        2.50;'3850131002520';PIÆA;        0.00;        0.00
SOMERSBY APPLE 0,33                     ;380082    ;SOMERSBY       ;        0.33;L  ;        1.49;        4.52;'7310070764973';PIÆA;        0.00;        0.00
OŽUJSKO GREJP 0,5 LIMENKA               ;386012    ;OŽUJSKO RADLER ;        0.50;L  ;        1.59;        3.18;'3850131002551';PIÆA;        0.00;        0.00
KARLOVAÈKO RADLER LIMUN 4X0,5L**        ;392781    ;KARLOVAÈKO PIVO;        2.00;L  ;        4.99;        2.50;'3850103001995';PIÆA;        0.00;        0.00
SOMERSBY BOROVNICA 0,33L                ;511021    ;SOMERSBY       ;        0.33;L  ;        1.49;        4.52;'3858887582556';PIÆA;        0.00;        0.00
PAN RADLER BRESKVA ÐUMBIR 0,5L          ;556395    ;PAN RADLER     ;        0.50;L  ;        1.25;        2.50;'3858887583089';PIÆA;        0.00;        0.00
PAN RADLER BRESKVA ÐUMBIR 0,5L LIM.     ;571618    ;PAN RADLER     ;        0.50;L  ;        1.52;        3.04;'3858887583225';PIÆA;        0.00;        0.00
SOMERSBY LUBENICA 0,5L LIM.             ;584742    ;SOMERSBY       ;        0.50;L  ;        0.00;        2.98;'3858887583393';PIÆA;        1.75;        1.49
STARI LISAC 0,5L LIMENKA                ;588568    ;STARI LISAC    ;        0.50;L  ;        1.49;        2.98;'3850103902117';PIÆA;        0.00;        0.00
RADLER EDELMEISTER GREJP 0,5L LIM       ;605359    ;CONTESSA GROUP KERESKEDELMI ES;        0.50;L  ;        0.89;        1.78;'5900535012972';PIÆA;        0.00;        0.00
RADLER EDELMEISTER LIMUN 0,5L LIM.      ;605360    ;CONTESSA GROUP KERESKEDELMI ES;        0.50;L  ;        0.89;        1.78;'5900535005066';PIÆA;        0.00;        0.00
SOMERSBY MANGO-LIME. 0,33L              ;615404    ;SOMERSBY       ;        0.33;L  ;        1.49;        4.52;'3858887583683';PIÆA;        0.00;        0.00
SOMERSBY KRUŠKA 0,5L LIM.               ;615678    ;SOMERSBY       ;        0.50;L  ;        0.00;        2.98;'3858887583850';PIÆA;        1.75;        1.49
SOMERSBY MANGO LIME 0.5L LIM.           ;626766    ;SOMERSBY       ;        0.50;L  ;        0.00;        2.98;'3858887584185';PIÆA;        1.75;        1.49
SOMERSBY BOROVNICA LIM. 0,5L            ;627120    ;SOMERSBY       ;        0.50;L  ;        0.00;        2.98;'3858887584161';PIÆA;        1.75;        1.49
SOMERSBY JABUKA  0,5L                   ;627907    ;SOMERSBY       ;        0.50;L  ;        0.00;        2.98;'3858887584055';PIÆA;        1.75;        1.49
SOMERSBY 0,0% STRAWBERRY&LIM.BOCA 0,33L ;638248    ;SOMERSBY 0,0%  ;        0.33;L  ;        1.49;        4.52;'3858887584383';PIÆA;        0.00;        0.00
SOMERSBY 0,0% JAGODA LIM.033L LIM.      ;653065    ;CARLSBERG CROATIA D.O.O.;        0.33;L  ;        0.00;        3.30;'8600331002685';PIÆA;        1.22;        1.09
KARLOVAÈKO RADLER GREJP PB 0,5L         ;653429    ;KARLOVAÈKO PIVO;        0.50;L  ;        1.19;        2.38;'3850103902858';PIÆA;        0.00;        0.00
KARLOVAÈKO RADLER GREJP LIMEN.0,5L      ;653431    ;KARLOVAÈKO PIVO;        0.50;L  ;        1.49;        2.98;'3850103902872';PIÆA;        0.00;        0.00
PAN RADLER LIMUN 4X0,5L LIM.            ;653432    ;CARLSBERG CROATIA D.O.O.;        2.00;L  ;        5.61;        2.81;'3858887585717';PIÆA;        0.00;        0.00
SOMERSBY MALINA-LIMETA 0,5L LIM.        ;653586    ;CARLSBERG CROATIA D.O.O.;        0.50;L  ;        0.00;        2.98;'3858887585618';PIÆA;        1.75;        1.49
PIVO BLANC 4X0,5L LIM.                  ;653587    ;CARLSBERG CROATIA D.O.O.;        2.00;L  ;        6.11;        3.06;'8600331002753';PIÆA;        0.00;        0.00
SOMERSBY 0,0% BAZGA 0,33LIM.            ;653808    ;CARLSBERG CROATIA D.O.O.;        0.33;L  ;        0.00;        3.30;'8600331002838';PIÆA;        1.22;        1.09
RADLER EDELMEISTER BAZGA 0,0% ALK.LIM   ;655175    ;CONTESSA GROUP KERESKEDELMI ES;        0.50;L  ;        0.99;        1.98;'5900535023978';PIÆA;        0.00;        0.00
STAROÈEŠKO RADLER CRNI LIMUN LIM.0,5L   ;656391    ;JAMNICA PLUS D.O.O.;        0.50;L  ;        1.49;        2.98;'3859893750984';PIÆA;        0.00;        0.00
OSJEÈKO B.RADLER 4-PACK LIM.0,5         ;656913    ;OSJEÈKO 1664 D.O.O.;        2.00;L  ;        5.99;        3.00;'3858895010522';PIÆA;        0.00;        0.00
BADEL PRIMA BRAND 35% 0.10L             ;07745     ;BADEL 1862 d.d.;        0.10;L  ;        0.00;       14.50;'3850112141231';PIÆA;        1.60;        1.45
SVATOVSKI KRUŠKOVAC 0.10L               ;123483    ;BADEL 1862 d.d.;        0.10;L  ;        1.61;       16.10;'3850112110497';PIÆA;        0.00;        0.00
BADEL ORAHOVAC 24% 0.1/30               ;260651    ;BADEL 1862 d.d.;        0.10;L  ;        0.00;       14.90;'3850112110640';PIÆA;        1.59;        1.49
TRAVARICA BADEL 0,10L                   ;279053    ;BADEL 1862 d.d.;        0.10;L  ;        0.00;       14.90;'3850112122230';PIÆA;        1.60;        1.49
MEDICA 0,10L BADEL                      ;279059    ;BADEL 1862 d.d.;        0.10;L  ;        0.00;       14.90;'3850112110688';PIÆA;        1.60;        1.49
STOCK 84 BRANDY 0,10L**                 ;290184    ;FIBIS D.O.O.;        0.10;L  ;        1.75;       17.50;'8000440393009';PIÆA;        0.00;        0.00
PELINKOVAC 0,1 MARASKA                  ;399158    ;AWTINTERNATIONAL D.O.O. ZAGREB;        0.10;L  ;        0.00;       12.90;'3850158406301';PIÆA;        1.69;        1.29
ROOM 35% 0.10 MARASKA                   ;399159    ;AWTINTERNATIONAL D.O.O. ZAGREB;        0.10;L  ;        0.00;       12.90;'3850158201517';PIÆA;        1.69;        1.29
VODKA COSMOPOLITAN 0,1 MARASKA          ;399160    ;AWTINTERNATIONAL D.O.O. ZAGREB;        0.10;L  ;        0.00;       12.90;'3850158409104';PIÆA;        1.69;        1.29
ŠLJIVOVICA 40% 0,10L                    ;416112    ;AWTINTERNATIONAL D.O.O. ZAGREB;        0.10;L  ;        0.00;       14.90;'3850158300708';PIÆA;        1.69;        1.49
MEDICA 0,1L MARASKA                     ;502052    ;AWTINTERNATIONAL D.O.O. ZAGREB;        0.10;L  ;        0.00;       12.90;'3850158202248';PIÆA;        1.69;        1.29
BADEL STARA ŠLJIVOVICA 0,1L             ;527116    ;BADEL 1862 d.d.;        0.10;L  ;        0.00;       14.90;'3850112121301';PIÆA;        1.75;        1.49
ORAHOVAC 28% 0,1L MARASKA               ;566058    ;AWTINTERNATIONAL D.O.O. ZAGREB;        0.10;L  ;        0.00;       12.90;'3850158405557';PIÆA;        1.69;        1.29
PELINKOVAC ANTIQUE 0,05L                ;575035    ;BADEL 1862 d.d.;        0.05;L  ;        0.00;       29.80;'3850112111289';PIÆA;        1.75;        1.49
TRAVARICA ŠIBENIK 0,1L                  ;583505    ;BADEL 1862 d.d.;        0.10;L  ;        0.00;       14.90;'3859890650119';PIÆA;        1.69;        1.49
TRAVARICA 0,1L MARASKA                  ;608871    ;AWTINTERNATIONAL D.O.O. ZAGREB;        0.10;L  ;        0.00;       12.90;'3850158302054';PIÆA;        1.69;        1.29
TRAVARICA 0,10L ZVEÈEVO                 ;613057    ;ALCA ZAGREB D.O.O.;        0.10;L  ;        1.46;       14.60;'3858894170302';PIÆA;        0.00;        0.00
PELINKOVAC 0,1L ZELENI MARASKA          ;615614    ;AWTINTERNATIONAL D.O.O. ZAGREB;        0.10;L  ;        0.00;       12.90;'3850158406653';PIÆA;        1.69;        1.29
JAGERMEISTER 0.10L                      ;61650     ;JAGERMEISTER   ;        0.10;L  ;        3.99;       39.90;'40677859';PIÆA;        0.00;        0.00
PELINKOVAC 28% 0.1L                     ;620544    ;ALCA ZAGREB D.O.O.;        0.10;L  ;        1.52;       15.20;'3858894170982';PIÆA;        0.00;        0.00
DOMAÆI BREND 35% 0.10L                  ;620865    ;ALCA ZAGREB D.O.O.;        0.01;L  ;        1.52;      152.00;'3858894171323';PIÆA;        0.00;        0.00
ROYAL BRAND 0,1L                        ;628718    ;AWTINTERNATIONAL D.O.O. ZAGREB;        0.10;L  ;        0.00;       12.90;'3850158201340';PIÆA;        1.69;        1.29
LAVOV 0,10 BADEL                        ;63421     ;BADEL 1862 d.d.;        0.10;L  ;        0.00;       14.90;'3850112110404';PIÆA;        1.65;        1.49
PELINKOVAC GORKI 0.10 BADEL             ;63422     ;BADEL 1862 d.d.;        0.10;L  ;        0.00;       14.90;'3850112110398';PIÆA;        1.69;        1.49
BADEL DOMAÆI 35% 0,1L                   ;647934    ;BADEL 1862 d.d.;        0.01;L  ;        0.00;      149.00;'3850112145147';PIÆA;        1.69;        1.49
BADEL TERANINO 0,1L                     ;655427    ;BADEL 1862 d.d.;        0.10;L  ;        0.00;       14.90;'3850112112774';PIÆA;        1.69;        1.49
STOCK 84 BRANDY 0,09L                   ;664031    ;STOCK          ;        0.01;L  ;        1.69;      187.78;'8000440627470';PIÆA;        0.00;        0.00
VODKA HEDONA 0,1 37.5%                  ;690140    ;ALCA ZAGREB D.O.O.;        0.10;L  ;        1.52;       15.20;'3858894171187';PIÆA;        0.00;        0.00
RHUMY 0,1L                              ;690510    ;ALCA ZAGREB D.O.O.;        0.10;L  ;        1.59;       15.90;'3858894171484';PIÆA;        0.00;        0.00
VIGOR CLASSIC 37.5% 0.10L               ;77274     ;BADEL 1862 d.d.;        0.10;L  ;        0.00;       14.90;'3850112142283';PIÆA;        1.65;        1.49
COCA COLA PVC 2/1                       ;01669     ;COCA COLA HBC HRVATSKA D.O.O.;        2.00;L  ;        2.15;        1.08;'5449000000286';PIÆA;        0.00;        0.00
VINDI BITTER LEMON 1.5                  ;07819     ;VINDI          ;        1.50;L  ;        1.59;        1.06;'3850108071511';PIÆA;        0.00;        0.00
VINDI TONIC WATER 1.5L                  ;07823     ;VINDI          ;        1.50;L  ;        1.59;        1.06;'3850108071559';PIÆA;        0.00;        0.00
COCA COLA 0.5 PVC                       ;08645     ;COCA COLA HBC HRVATSKA D.O.O.;        0.50;L  ;        1.12;        2.24;'54491472';PIÆA;        0.00;        0.00
SKY COLA 0,5                            ;121999    ;SKY            ;        0.50;L  ;        0.95;        1.90;'3871059000146';PIÆA;        0.00;        0.00
VINDI LIMUN LIMETA 1.5L                 ;12541     ;VINDI          ;        1.50;L  ;        1.59;        1.06;'3850108071542';PIÆA;        0.00;        0.00
SCHWEPPES BITTER LEM.0.5L               ;153720    ;SCHWEPPES      ;        0.50;L  ;        1.33;        2.66;'54490130';PIÆA;        0.00;        0.00
SKY ORANGE 2L                           ;179254    ;SKY            ;        2.00;L  ;        1.79;        0.90;'3871059000504';PIÆA;        0.00;        0.00
SKY COLA 2L                             ;179264    ;SKY            ;        2.00;L  ;        1.79;        0.90;'3871059000481';PIÆA;        0.00;        0.00
SKY LEMON 2L                            ;179456    ;SKY            ;        2.00;L  ;        1.79;        0.90;'3871059000528';PIÆA;        0.00;        0.00
COCA-COLA ZERO 1L PET                   ;214159    ;COCA COLA HBC HRVATSKA D.O.O.;        1.00;L  ;        1.58;        1.58;'5449000133328';PIÆA;        0.00;        0.00
COCA-COLA ZERO 0,5L PET                 ;214162    ;COCA COLA HBC HRVATSKA D.O.O.;        0.50;L  ;        1.12;        2.24;'5449000131836';PIÆA;        0.00;        0.00
COCA-COLA ZERO 2L                       ;218024    ;COCA COLA HBC HRVATSKA D.O.O.;        2.00;L  ;        2.28;        1.14;'5449000131843';PIÆA;        0.00;        0.00
COCA COLA 1/1 PVC                       ;27889     ;COCA COLA HBC HRVATSKA D.O.O.;        1.00;L  ;        1.58;        1.58;'5449000054227';PIÆA;        0.00;        0.00
COLA SAMBI 2L                           ;418951    ;SAMBI          ;        2.00;L  ;        1.02;        0.51;'3858890390018';PIÆA;        0.00;        0.00
NARANÈA SAMBI 2L                        ;418952    ;SAMBI          ;        2.00;L  ;        1.02;        0.51;'3858890390025';PIÆA;        0.00;        0.00
COCA COLA 2X2L SUPER PONUDA             ;448442    ;COCA COLA HBC HRVATSKA D.O.O.;        4.00;L  ;        4.45;        1.11;'5449000059338';PIÆA;        0.00;        0.00
KOKTELA SAMBI 2L                        ;511814    ;SAMBI          ;        2.00;L  ;        1.02;        0.51;'3858890390056';PIÆA;        0.00;        0.00
LIMUN SAMBI 2L                          ;516496    ;SAMBI          ;        2.00;L  ;        1.02;        0.51;'3858890390032';PIÆA;        0.00;        0.00
SPRINTI SAMBI 2L                        ;516497    ;SAMBI          ;        2.00;L  ;        1.02;        0.51;'3858890390049';PIÆA;        0.00;        0.00
VINDI TANGERINE 1,5L                    ;516869    ;VINDI          ;        1.50;L  ;        1.72;        1.15;'3850108070842';PIÆA;        0.00;        0.00
PEPSI BLACK NO SUGAR 2L                 ;534864    ;PEPSI          ;        2.00;L  ;        1.99;        1.00;'3830065020364';PIÆA;        0.00;        0.00
COCA COLA ZERO SLEEK BAHR 0,33          ;536416    ;COCA COLA HBC HRVATSKA D.O.O.;        0.33;L  ;        1.08;        3.27;'5449000214799';PIÆA;        0.00;        0.00
COCKTA ORIGINAL 1,5L                    ;549350    ;COCKTA         ;        1.50;L  ;        1.85;        1.23;'3838471032537';PIÆA;        0.00;        0.00
COCKTA ORIGINAL 500mL                   ;549351    ;COCKTA         ;        0.50;L  ;        1.25;        2.50;'3838471032476';PIÆA;        0.00;        0.00
COCA COLA ZERO LIMUN 0,5L               ;551275    ;COCA COLA HBC HRVATSKA D.O.O.;        0.50;L  ;        1.12;        2.24;'5449000247964';PIÆA;        0.00;        0.00
COCA COLA ZERO LIMUN 1L                 ;551276    ;COCA COLA HBC HRVATSKA D.O.O.;        1.00;L  ;        1.58;        1.58;'5449000247988';PIÆA;        0.00;        0.00
PIPI NARANÈADA 2L                       ;556470    ;PIPI           ;        2.00;L  ;        2.30;        1.15;'3870183400013';PIÆA;        0.00;        0.00
PIPI NARANÈADA 0,33L                    ;558810    ;PIPI           ;        0.33;L  ;        1.09;        3.30;'3859893637001';PIÆA;        0.00;        0.00
SCHWEPPES 1.5L TANGERINE                ;56107     ;SCHWEPPES      ;        1.50;L  ;        2.23;        1.49;'5449000044730';PIÆA;        0.00;        0.00
SCHWEPPES 1.5L BITTER LEMON             ;56108     ;SCHWEPPES      ;        1.50;L  ;        2.23;        1.49;'5449000044709';PIÆA;        0.00;        0.00
SCHWEPPES 1.5L TONIC WATER              ;56109     ;SCHWEPPES      ;        1.50;L  ;        2.23;        1.49;'5449000044679';PIÆA;        0.00;        0.00
SCHWEPPES TONIC WATER 1L                ;566163    ;SCHWEPPES      ;        1.00;L  ;        1.78;        1.78;'5449000044808';PIÆA;        0.00;        0.00
SCHWEPPES BITTER LEMON 1L               ;566164    ;SCHWEPPES      ;        1.00;L  ;        1.78;        1.78;'5449000044839';PIÆA;        0.00;        0.00
SCHWEPPES TANGERINE 1L                  ;566165    ;SCHWEPPES      ;        1.00;L  ;        1.78;        1.78;'5449000089380';PIÆA;        0.00;        0.00
FANTA ORANGE ZERO 0,5L                  ;567519    ;FANTA          ;        0.50;L  ;        1.12;        2.24;'5449000139382';PIÆA;        0.00;        0.00
FANTA ORANGE ZERO 1L                    ;567520    ;FANTA          ;        1.00;L  ;        1.58;        1.58;'5449000138170';PIÆA;        0.00;        0.00
FANTA ORANGE ZERO 2L                    ;567621    ;FANTA          ;        2.00;L  ;        2.28;        1.14;'5449000270023';PIÆA;        0.00;        0.00
COCKTA FREE 0,5L                        ;572693    ;COCKTA         ;        0.50;L  ;        1.25;        2.50;'3838471037051';PIÆA;        0.00;        0.00
COCKTA FREE 1,5L                        ;572694    ;COCKTA         ;        1.50;L  ;        1.85;        1.23;'3838471037037';PIÆA;        0.00;        0.00
COCKTA ORIGINAL 0,33 LIM                ;573669    ;COCKTA         ;        0.33;L  ;        1.09;        3.30;'3838471038027';PIÆA;        0.00;        0.00
PEPSI MAX LIMETA 2L                     ;577069    ;PEPSI          ;        2.00;L  ;        1.99;        1.00;'3830065021132';PIÆA;        0.00;        0.00
SKY COLA ZERO 2L                        ;581245    ;SKY            ;        2.00;L  ;        1.79;        0.90;'3875000181656';PIÆA;        0.00;        0.00
SCHWEPPES PINK GRAPEFRUIT 1L            ;582436    ;SCHWEPPES      ;        1.00;L  ;        1.78;        1.78;'5449000245236';PIÆA;        0.00;        0.00
SCHWEPPES TONIC WATER SLIMLINE 1L       ;582448    ;SCHWEPPES      ;        1.00;L  ;        1.78;        1.78;'5449000064219';PIÆA;        0.00;        0.00
SKY COLA ZERO 0,5L                      ;583314    ;SKY            ;        0.50;L  ;        0.95;        1.90;'3875000181625';PIÆA;        0.00;        0.00
COCKTA FREE 0,33 LIM                    ;586504    ;COCKTA         ;        0.33;L  ;        1.09;        3.30;'3838471039956';PIÆA;        0.00;        0.00
FANTA SHOKATA 2L                        ;590862    ;FANTA          ;        2.00;L  ;        2.28;        1.14;'5449000291691';PIÆA;        0.00;        0.00
XIXO COLA 250mL                         ;594524    ;HELL ENERGY ADRIA D.O.O.;        0.25;L  ;        0.69;        2.76;'5999885747757';PIÆA;        0.00;        0.00
SKY COLA 330mL LIM                      ;607685    ;SKY            ;        0.33;L  ;        0.89;        2.70;'3875000182318';PIÆA;        0.00;        0.00
SKY COLA ZERO 330mL                     ;607686    ;SKY            ;        0.33;L  ;        0.89;        2.70;'3875000182288';PIÆA;        0.00;        0.00
PEPSI 0,5L BEZ ŠEÆERA PET               ;608179    ;PEPSI          ;        0.50;L  ;        1.04;        2.08;'3830065020326';PIÆA;        0.00;        0.00
INKA TONIC 1,5L PET                     ;608247    ;INKA           ;        1.50;L  ;        1.70;        1.13;'3856022301932';PIÆA;        0.00;        0.00
INKA BITTER LEMON 1,5L PET              ;608249    ;INKA           ;        1.50;L  ;        1.70;        1.13;'3856022301901';PIÆA;        0.00;        0.00
COCA COLA ZERO 330mL 5+1 GRATIS         ;609409    ;COCA COLA HBC HRVATSKA D.O.O.;        1.98;L  ;        5.43;        2.74;'5000112652871';PIÆA;        0.00;        0.00
PIPI MANDARINA LUBENICA 0,5L            ;610151    ;PIPI           ;        0.50;L  ;        1.02;        2.04;'3870183100050';PIÆA;        0.00;        0.00
SKY COLA 1L                             ;610974    ;SKY            ;        1.00;L  ;        1.25;        1.25;'3875000182431';PIÆA;        0.00;        0.00
COCA COLA ZERO SUGAR CAFFEINE 0,5L      ;614362    ;COCA COLA HBC HRVATSKA D.O.O.;        0.50;L  ;        1.12;        2.24;'5449000201935';PIÆA;        0.00;        0.00
COCA COLA ZERO SUGAR CAFFEINE 1L        ;614363    ;COCA COLA HBC HRVATSKA D.O.O.;        1.00;L  ;        1.58;        1.58;'5449000195906';PIÆA;        0.00;        0.00
COCKTA BLONDIE 1,5L                     ;615466    ;COCKTA         ;        1.50;L  ;        1.85;        1.23;'3838471047326';PIÆA;        0.00;        0.00
COCKTA BLONDIE 0,5L                     ;615479    ;COCKTA         ;        0.50;L  ;        1.25;        2.50;'3838471047302';PIÆA;        0.00;        0.00
PEPSI COLA 2L                           ;616050    ;PEPSI          ;        2.00;L  ;        1.99;        1.00;'3830065022627';PIÆA;        0.00;        0.00
COCA COLA 0,33L 5+1                     ;616442    ;COCA COLA HBC HRVATSKA D.O.O.;        1.98;L  ;        5.43;        2.74;'5000112652857';PIÆA;        0.00;        0.00
PEPSI COLA 0,33L LIM                    ;616649    ;PEPSI          ;        0.33;L  ;        0.99;        3.00;'3830065022566';PIÆA;        0.00;        0.00
XIXO TUTTI FRUITY 250mL                 ;616767    ;HELL ENERGY ADRIA D.O.O.;        0.25;L  ;        0.69;        2.76;'5999571050598';PIÆA;        0.00;        0.00
COCA COLA 0,33L                         ;618320    ;COCA COLA HBC HRVATSKA D.O.O.;        0.33;L  ;        1.14;        3.45;'5449000214911';PIÆA;        0.00;        0.00
NARA NARANÈA 1.5L PET                   ;622429    ;NARA           ;        1.50;L  ;        1.64;        1.09;'3856022302199';PIÆA;        0.00;        0.00
VINDI TONIC ZERO 1,5L                   ;628666    ;VINDI          ;        1.50;L  ;        1.59;        1.06;'3850108071450';PIÆA;        0.00;        0.00
SCHWEPPES PINK TONIC STYLE 1L           ;632329    ;SCHWEPPES      ;        1.00;L  ;        1.78;        1.78;'5449000307347';PIÆA;        0.00;        0.00
PEPSI 0,25L LIMENKA                     ;635406    ;PEPSI          ;        0.25;L  ;        0.85;        3.40;'3830065023167';PIÆA;        0.00;        0.00
BITTER LEMON SAMBI 1,5L                 ;638980    ;SAMBI          ;        1.50;L  ;        0.92;        0.61;'3858890391107';PIÆA;        0.00;        0.00
TANGERINE SAMBI 1,5L                    ;638982    ;SAMBI          ;        0.00;   ;        0.92;        0.00;'3858890391114';PIÆA;        0.00;        0.00
COLA SAMBI 1,5L                         ;639273    ;SAMBI          ;        1.50;L  ;        0.82;        0.55;'3858890391084';PIÆA;        0.00;        0.00
NARANÈA SAMBI 1,5L                      ;639274    ;SAMBI          ;        1.50;L  ;        0.82;        0.55;'3858890391091';PIÆA;        0.00;        0.00
FANTA ORANGE FENIX 2L                   ;641607    ;FANTA          ;        2.00;L  ;        2.28;        1.14;'5449000322203';PIÆA;        0.00;        0.00
FANTA ORANGE FENIX 1L PET               ;641848    ;FANTA          ;        1.00;L  ;        1.58;        1.58;'5449000322180';PIÆA;        0.00;        0.00
FANTA ORANGE FENIX 0,5L                 ;642019    ;FANTA          ;        0.50;L  ;        1.12;        2.24;'5449000322142';PIÆA;        0.00;        0.00
FANTA ORANGE FENIX 1,5L                 ;642421    ;FANTA          ;        1.50;L  ;        1.88;        1.25;'5449000322166';PIÆA;        0.00;        0.00
7 UP 0,5L                               ;646140    ;7 UP           ;        0.50;L  ;        1.05;        2.10;'3830065023358';PIÆA;        0.00;        0.00
COCA COLA 0,3L                          ;650216    ;COCA COLA HBC HRVATSKA D.O.O.;        0.30;L  ;        0.92;        3.07;'90338052';PIÆA;        0.00;        0.00
JAMNICA SENSATION TONIC 1,5L            ;650232    ;JAMNICA PLUS D.O.O.;        0.00;L  ;        1.69;        0.00;'3875000183278';PIÆA;        0.00;        0.00
7 UP ZERO 2L                            ;650291    ;7 UP           ;        2.00;L  ;        2.05;        1.03;'3830065023396';PIÆA;        0.00;        0.00
PEPSI 4PACK 0,25L LIM                   ;650317    ;PEPSI          ;        1.00;L  ;        3.23;        3.23;'3830065023181';PIÆA;        0.00;        0.00
SPRITE FENIX 0,5L                       ;650407    ;SPRITE         ;        0.50;L  ;        1.12;        2.24;'5449000334992';PIÆA;        0.00;        0.00
SPRITE FENIX 2L                         ;650591    ;SPRITE         ;        2.00;L  ;        2.28;        1.14;'5449000335036';PIÆA;        0.00;        0.00
SPRITE FENIX 1L PET                     ;651555    ;SPRITE         ;        1.00;L  ;        1.58;        1.58;'5449000335012';PIÆA;        0.00;        0.00
MIRINDA ZERO 0,5L                       ;651566    ;STUDENAC D.O.O.;        0.50;L  ;        0.96;        1.92;'3830065023808';PIÆA;        0.00;        0.00
SPRITE ZERO 0,25L LIM                   ;651649    ;SPRITE         ;        0.25;L  ;        0.85;        3.40;'5449000332721';PIÆA;        0.00;        0.00
MIRINDA ZERO 2L                         ;651667    ;STUDENAC D.O.O.;        2.00;L  ;        2.05;        1.03;'3830065023846';PIÆA;        0.00;        0.00
FANTA GRAPE 0,5L                        ;653169    ;FANTA          ;        0.50;L  ;        1.12;        2.24;'5449000338808';PIÆA;        0.00;        0.00
FANTA GRAPE 2L                          ;653170    ;FANTA          ;        2.00;L  ;        2.28;        1.14;'5449000338815';PIÆA;        0.00;        0.00
FANTA TUTTI FRUTTI 0,5L                 ;653171    ;FANTA          ;        0.50;L  ;        1.12;        2.24;'5449000334657';PIÆA;        0.00;        0.00
FANTA TUTTI FRUTTI 2L                   ;653172    ;FANTA          ;        2.00;L  ;        2.28;        1.14;'5449000334671';PIÆA;        0.00;        0.00
SCHWEPPES PURPLE TONIC 1L               ;653173    ;SCHWEPPES      ;        1.00;L  ;        1.78;        1.78;'5449000338419';PIÆA;        0.00;        0.00
JAMNICA LIMUNADA 0,5L                   ;653707    ;JAMNICA CSD    ;        0.50;L  ;        1.35;        2.70;'3856028502135';PIÆA;        0.00;        0.00
JAMNICA NARANÈADA 0,5L                  ;653717    ;JAMNICA CSD    ;        0.50;L  ;        1.35;        2.70;'3856028502166';PIÆA;        0.00;        0.00
JAMNICA LIMUNADA 0,33L                  ;653718    ;JAMNICA CSD    ;        0.33;L  ;        1.29;        3.91;'3856028506065';PIÆA;        0.00;        0.00
JAMNICA NARANÈADA 0,33L                 ;653719    ;JAMNICA CSD    ;        0.33;L  ;        1.29;        3.91;'3856028506096';PIÆA;        0.00;        0.00
LEMONISH LIMUN 0,4L                     ;654295    ;LEMONISH       ;        0.40;L  ;        1.39;        3.48;'3838471045414';PIÆA;        0.00;        0.00
LEMONISH LIMUN I BAZGA 0,4L             ;654296    ;LEMONISH       ;        0.40;L  ;        1.39;        3.48;'3838471045438';PIÆA;        0.00;        0.00
LEMONISH LIMUN 1,25L                    ;654297    ;LEMONISH       ;        1.25;L  ;        2.29;        1.83;'3838471049023';PIÆA;        0.00;        0.00
LEMONISH LIMUN I BAZGA 1,25L            ;654299    ;LEMONISH       ;        1.25;L  ;        2.29;        1.83;'3838471049047';PIÆA;        0.00;        0.00
NARANÈA SAMBI 0,5L                      ;656704    ;ILIÆ SAŠA- SAMBI;        0.50;L  ;        0.79;        1.58;'3858890390223';PIÆA;        0.00;        0.00
KOKTELA SAMBI 0,5L                      ;656705    ;ILIÆ SAŠA- SAMBI;        0.50;L  ;        0.79;        1.58;'3858890390254';PIÆA;        0.00;        0.00
LIMUN SAMBI 0,5L                        ;656706    ;ILIÆ SAŠA- SAMBI;        0.50;L  ;        0.79;        1.58;'3858890390230';PIÆA;        0.00;        0.00
XIXO ORANGE FIZZ 0,25L                  ;657246    ;XIXO           ;        0.25;L  ;        0.69;        2.76;'5999571056460';PIÆA;        0.00;        0.00
PEPSI 0,5 PET                           ;690768    ;PEPSI          ;        0.50;L  ;        1.04;        2.08;'3830065022580';PIÆA;        0.00;        0.00
HAPPY DAY ORANGE 100% 1/1               ;01381     ;ATLANTIC TRADE d.o.o.;        1.00;L  ;        3.49;        3.49;'90087066';PIÆA;        0.00;        0.00
VINDI COCTAIL MANDAR/NARAN 1/1          ;02607     ;VINDI          ;        1.00;L  ;        1.19;        1.19;'3850108076004';PIÆA;        0.00;        0.00
VINDI COCTAIL NARAN/JABUKA 1/1          ;02610     ;VINDI          ;        1.00;L  ;        1.19;        1.19;'3850108077001';PIÆA;        0.00;        0.00
VINDI COCTAIL NARAN/JABUKA 0,25L        ;02611     ;VINDI          ;        0.25;L  ;        0.59;        2.36;'3850108077209';PIÆA;        0.00;        0.00
VINDI NEKTAR NARANÈA 0,2L               ;02635     ;VINDI          ;        0.20;L  ;        0.59;        2.95;'3850108078824';PIÆA;        0.00;        0.00
VINDI COCTAIL MAN/NAR 0.25              ;04572     ;VINDI          ;        0.25;L  ;        0.59;        2.36;'3850108076202';PIÆA;        0.00;        0.00
LEDENI ÈAJ 0.2L BRESKVA VINDIJA         ;06894     ;VINDI          ;        0.20;L  ;        0.53;        2.65;'3850108077339';PIÆA;        0.00;        0.00
FIS SOK NARANÈA 1/1                     ;114796    ;FIS            ;        1.00;L  ;        1.06;        1.06;'3850108072938';PIÆA;        0.00;        0.00
FIS SOK JABUKA 1/1                      ;114800    ;FIS            ;        1.00;L  ;        1.06;        1.06;'3850108072907';PIÆA;        0.00;        0.00
TO NARANÈA NEKTAR 1/1                   ;118835    ;JUICY          ;        1.00;L  ;        1.29;        1.29;'3858890973006';PIÆA;        0.00;        0.00
VINDI VIŠNJA 1/1 SLIM È.                ;135290    ;VINDI          ;        1.00;L  ;        1.89;        1.89;'3850108074475';PIÆA;        0.00;        0.00
FRUCTAL PINGO 0.2 BRIK                  ;146337    ;FRUCTAL        ;        0.20;L  ;        0.69;        3.45;'3838945502115';PIÆA;        0.00;        0.00
NEKTAR JABUKA 50% DANA 1L               ;185379    ;ORBICO d.o.o.;        1.00;L  ;        1.49;        1.49;'3830000166287';PIÆA;        0.00;        0.00
FRUCTAL JAGODA NEKTAR 1L -PRIZMA PREMIU ;192650    ;FRUCTAL        ;        1.00;L  ;        2.56;        2.56;'3838945509022';PIÆA;        0.00;        0.00
FRUCTAL SOK JABUKA 1,5L                 ;194092    ;FRUCTAL        ;        1.50;L  ;        2.49;        1.66;'3838945509152';PIÆA;        0.00;        0.00
FRUCTAL BRESKVA 1L                      ;194352    ;FRUCTAL        ;        1.00;L  ;        2.29;        2.29;'3838945508988';PIÆA;        0.00;        0.00
FRUCTAL RIBIZ NEKT. 1L PRIZ.PREM.       ;194355    ;FRUCTAL        ;        1.00;L  ;        2.49;        2.49;'3838945509015';PIÆA;        0.00;        0.00
FRUCTAL SOK BRESKVA 1.5L                ;194688    ;FRUCTAL        ;        1.50;L  ;        2.49;        1.66;'3838945509091';PIÆA;        0.00;        0.00
VINDI A+C+E MULTI 2/1                   ;200373    ;VINDI          ;        2.00;L  ;        2.49;        1.25;'3850108073379';PIÆA;        0.00;        0.00
VINDI NEKTAR JABUKA 2/1                 ;200376    ;VINDI          ;        2.00;L  ;        2.49;        1.25;'3850108078749';PIÆA;        0.00;        0.00
VINDI BRESKVA NEKTAR 2L                 ;212122    ;VINDI          ;        2.00;L  ;        3.13;        1.57;'3850108079555';PIÆA;        0.00;        0.00
HAPPY DAY JABUKA 100% 1/1               ;21551     ;ATLANTIC TRADE d.o.o.;        1.00;L  ;        1.99;        1.99;'90087011';PIÆA;        0.00;        0.00
FIS JABUKA 2/1                          ;239661    ;FIS            ;        2.00;L  ;        1.89;        0.95;'3850108072839';PIÆA;        0.00;        0.00
FIS NARANÈA 2/1                         ;239662    ;FIS            ;        2.00;L  ;        1.89;        0.95;'3850108072846';PIÆA;        0.00;        0.00
FRUCTAL SOK DVOJNI C 0.2L BRIK          ;30285     ;FRUCTAL        ;        0.20;L  ;        0.69;        3.45;'3838945502122';PIÆA;        0.00;        0.00
SOK AMARENA 1L MARASKA                  ;321640    ;MARASKA        ;        1.00;L  ;        2.45;        2.45;'3850158600709';PIÆA;        0.00;        0.00
BRAVO JABUKA NECTAR 50% 2L              ;347823    ;RAUCH          ;        2.00;L  ;        3.19;        1.60;'9008700124195';PIÆA;        0.00;        0.00
NEKTAR MARELICA 1L DANA                 ;36212     ;ORBICO d.o.o.;        1.00;L  ;        1.69;        1.69;'3830000165587';PIÆA;        0.00;        0.00
VINDI COCTAIL NA/JA 4*1L                ;375003    ;VINDIJA D.O.O.;        4.00;L  ;        0.00;        0.85;'3850108077032';PIÆA;        4.69;        3.39
VINDI COCTAIL MAND/NAR 4*1L             ;375067    ;VINDIJA D.O.O.;        4.00;L  ;        0.00;        0.85;'3850108076035';PIÆA;        4.69;        3.39
NEKTAR MARELICA BRESKVA JABUKA 1L       ;377103    ;AWTINTERNATIONAL D.O.O. ZAGREB;        1.00;L  ;        1.79;        1.79;'3850158800109';PIÆA;        0.00;        0.00
FIS JABUKA 4*1L                         ;380086    ;FIS            ;        4.00;L  ;        3.98;        1.00;'3850108072983';PIÆA;        0.00;        0.00
FIS NARANÈA 4*1L                        ;380087    ;FIS            ;        4.00;L  ;        3.98;        1.00;'3850108072990';PIÆA;        0.00;        0.00
BRAVO BRESKVA JABUKA 2L                 ;421360    ;RAUCH          ;        2.00;L  ;        3.19;        1.60;'9008700155908';PIÆA;        0.00;        0.00
VINDI JUICE 100% ANANAS 1L              ;425584    ;VINDI          ;        1.00;L  ;        2.49;        2.49;'3850108075380';PIÆA;        0.00;        0.00
VINDI COCTAIL CRVENO VOÆE 0,25          ;425585    ;VINDI          ;        0.25;L  ;        0.59;        2.36;'3850108077070';PIÆA;        0.00;        0.00
VINDI COCTAIL CRVENO VOÆE 1L            ;425619    ;VINDI          ;        1.00;L  ;        1.19;        1.19;'3850108077056';PIÆA;        0.00;        0.00
YIPPY MULTI 0,2                         ;428704    ;RAUCH          ;        0.20;L  ;        0.60;        3.00;'9008700149228';PIÆA;        0.00;        0.00
VINDI MAREL/JABUKA/NARAN. 0,2L          ;43094     ;VINDI          ;        0.20;L  ;        0.66;        3.30;'3850108079258';PIÆA;        0.00;        0.00
VINDI BRESKVA/MAREL/JABUKA 0,2L         ;43095     ;VINDI          ;        0.20;L  ;        0.66;        3.30;'3850108079753';PIÆA;        0.00;        0.00
TO NEKTAR GUSTI 1L                      ;434653    ;JUICY          ;        1.00;L  ;        1.65;        1.65;'3858890973150';PIÆA;        0.00;        0.00
BRAVO NARANÈA CA/MG 50% 2L              ;434726    ;RAUCH          ;        2.00;L  ;        3.99;        2.00;'9008700145268';PIÆA;        0.00;        0.00
JUICY 100% ANANAS 1L                    ;435198    ;AWTINTERNATIONAL D.O.O. ZAGREB;        1.00;L  ;        2.79;        2.79;'3858890970692';PIÆA;        0.00;        0.00
JUICY NEKTAR CRNI RIBIZ 1L              ;435625    ;AWTINTERNATIONAL D.O.O. ZAGREB;        1.00;L  ;        2.45;        2.45;'3858890970302';PIÆA;        0.00;        0.00
JUICY NEKTAR BRUSNICA ARONIJA 1L        ;435841    ;AWTINTERNATIONAL D.O.O. ZAGREB;        1.00;L  ;        2.84;        2.84;'3858890970630';PIÆA;        0.00;        0.00
JUICY 100% NARANÈA 1L                   ;444041    ;AWTINTERNATIONAL D.O.O. ZAGREB;        1.00;L  ;        2.99;        2.99;'3858890970425';PIÆA;        0.00;        0.00
JUICY NEKTAR JABUKA 1L                  ;444061    ;AWTINTERNATIONAL D.O.O. ZAGREB;        1.00;L  ;        1.95;        1.95;'3858890970906';PIÆA;        0.00;        0.00
JUICY 100% JABUKA 1L                    ;444074    ;AWTINTERNATIONAL D.O.O. ZAGREB;        1.00;L  ;        0.00;        1.89;'3858890970210';PIÆA;        2.21;        1.89
JUICY MULTIVITAMIN NECTAR 1L            ;444100    ;JUICY          ;        1.00;L  ;        1.99;        1.99;'3858890970364';PIÆA;        0.00;        0.00
JUICY NEKTAR MAR-BRES-JAB 1L            ;444109    ;AWTINTERNATIONAL D.O.O. ZAGREB;        1.00;L  ;        1.99;        1.99;'3858890970159';PIÆA;        0.00;        0.00
JUICY NEKTAR NARANÈA 1L                 ;444111    ;AWTINTERNATIONAL D.O.O. ZAGREB;        1.00;L  ;        2.39;        2.39;'3858890970005';PIÆA;        0.00;        0.00
VINDI NEKTAR NARANÈA 1L                 ;444879    ;VINDI          ;        1.00;L  ;        1.29;        1.29;'3850108071351';PIÆA;        0.00;        0.00
VINDI MULTI B+C+E 2L                    ;445330    ;VINDI          ;        2.00;L  ;        2.49;        1.25;'3850108072792';PIÆA;        0.00;        0.00
VINDI MULTI B+C+E 0,25L                 ;445331    ;VINDI          ;        0.25;L  ;        0.59;        2.36;'3850108072785';PIÆA;        0.00;        0.00
NEKTAR ANANAS PREMIUM 1L FRUCTAL        ;502404    ;FRUCTAL        ;        1.00;L  ;        2.49;        2.49;'3838945509077';PIÆA;        0.00;        0.00
NEKTAR JABUKA 1L FRUCTAL                ;502405    ;FRUCTAL        ;        1.00;L  ;        1.79;        1.79;'3838945029209';PIÆA;        0.00;        0.00
NEKTAR BRESKVA 1L FRUCTAL               ;502406    ;FRUCTAL        ;        1.00;L  ;        1.79;        1.79;'3838945029223';PIÆA;        0.00;        0.00
NEKTAR CRNI RIBIZ I NAR 1L FRUCTAL      ;502407    ;FRUCTAL        ;        1.00;L  ;        1.89;        1.89;'3838945029247';PIÆA;        0.00;        0.00
VINDI NEKTAR JABUKA 0,2                 ;513748    ;VINDI          ;        0.20;L  ;        0.59;        2.95;'3850108074581';PIÆA;        0.00;        0.00
JUICY NEKTAR ANANAS 1L                  ;514550    ;AWTINTERNATIONAL D.O.O. ZAGREB;        1.00;L  ;        2.49;        2.49;'3858890970999';PIÆA;        0.00;        0.00
VINDI JABUKA-KRUŠKA 2L                  ;516512    ;VINDI          ;        2.00;L  ;        2.49;        1.25;'3850108073065';PIÆA;        0.00;        0.00
VINDI NARANÈA-NEKTARINA 2L              ;516513    ;VINDI          ;        2.00;L  ;        2.49;        1.25;'3850108073072';PIÆA;        0.00;        0.00
FRUCTAL CLASSIC NEKTAR NARANÈA 1L       ;521006    ;FRUCTAL        ;        1.00;L  ;        2.29;        2.29;'3838945029216';PIÆA;        0.00;        0.00
VINDI COCTAIL NARANÈA I JABUKA 2L       ;524491    ;VINDI          ;        2.00;L  ;        1.99;        1.00;'3850108072808';PIÆA;        0.00;        0.00
VINDI COCTAIL MANDARINA NARANÈA 2L      ;524493    ;VINDI          ;        2.00;L  ;        1.99;        1.00;'3850108072815';PIÆA;        0.00;        0.00
JUICY SUPER BOBICE 100% 1L              ;525225    ;AWTINTERNATIONAL D.O.O. ZAGREB;        1.00;L  ;        0.00;        2.39;'3858890976243';PIÆA;        2.79;        2.39
VINDI LIMUN NARANÈA 2L                  ;537193    ;VINDI          ;        2.00;L  ;        2.49;        1.25;'3850108072259';PIÆA;        0.00;        0.00
VINDI VIŠNJA LIMUN MRKVA 2L             ;537195    ;VINDI          ;        2.00;L  ;        2.49;        1.25;'3850108072266';PIÆA;        0.00;        0.00
JUICY KIDS 100% JABUKA 0,2              ;542927    ;AWTINTERNATIONAL D.O.O. ZAGREB;        0.20;L  ;        0.83;        4.15;'3858890976571';PIÆA;        0.00;        0.00
JUICY KIDS 100% GUSTI 0,2L              ;542928    ;AWTINTERNATIONAL D.O.O. ZAGREB;        0.20;L  ;        0.83;        4.15;'3858890976663';PIÆA;        0.00;        0.00
TO NEKTAR JABUKA 0,2                    ;542994    ;JUICY          ;        0.20;L  ;        0.60;        3.00;'3858890976540';PIÆA;        0.00;        0.00
TO GUSTI 2L                             ;560053    ;JUICY          ;        2.00;L  ;        2.65;        1.33;'3858890973396';PIÆA;        0.00;        0.00
FRUCTAL DVOSTRUKI C 1L                  ;566069    ;FRUCTAL        ;        0.00;   ;        1.79;        0.00;'3838945031936';PIÆA;        0.00;        0.00
FRUCTAL CLASSIC BOROVNICA 1L            ;566070    ;FRUCTAL        ;        0.00;   ;        1.99;        0.00;'3838945029254';PIÆA;        0.00;        0.00
NEKTAR MARELICA 1L FRUCTAL              ;568659    ;FRUCTAL        ;        1.00;L  ;        1.79;        1.79;'3838945029261';PIÆA;        0.00;        0.00
JOY KIDS ZOO NARANÈA 0,2L               ;570683    ;AWTINTERNATIONAL D.O.O. ZAGREB;        0.20;L  ;        0.59;        2.95;'3850158603779';PIÆA;        0.00;        0.00
JOY KIDS ZOO JABUKA 0,2L                ;570684    ;AWTINTERNATIONAL D.O.O. ZAGREB;        0.20;L  ;        0.59;        2.95;'3850158603786';PIÆA;        0.00;        0.00
JUICY GUSTI 100% 1L                     ;571229    ;AWTINTERNATIONAL D.O.O. ZAGREB;        1.00;L  ;        0.00;        1.89;'3858890977356';PIÆA;        2.29;        1.89
JOY KIDS ZOO MARELICA 0,2L              ;571920    ;AWTINTERNATIONAL D.O.O. ZAGREB;        0.20;L  ;        0.50;        2.50;'3850158603816';PIÆA;        0.00;        0.00
TO NARANÈA JABUKA 1L                    ;573925    ;JUICY          ;        1.00;L  ;        1.65;        1.65;'3858890977813';PIÆA;        0.00;        0.00
TO CRNI RIBIZ JABUKA 1L                 ;573926    ;JUICY          ;        0.00;   ;        1.65;        0.00;'3858890977844';PIÆA;        0.00;        0.00
VINDI JUICE JABUKA 1L                   ;574145    ;VINDI          ;        1.00;L  ;        1.99;        1.99;'3850108076776';PIÆA;        0.00;        0.00
VINDI BCE 1L                            ;574147    ;VINDI          ;        1.00;L  ;        1.49;        1.49;'3850108072778';PIÆA;        0.00;        0.00
VINDI NARANÈA NEKTARINA 1L              ;574148    ;VINDI          ;        1.00;L  ;        1.49;        1.49;'3850108073089';PIÆA;        0.00;        0.00
JUICY 100% MULTIVITAMIN 1L              ;575616    ;AWTINTERNATIONAL D.O.O. ZAGREB;        1.00;L  ;        0.00;        1.89;'3858890977349';PIÆA;        2.29;        1.89
VINDI JUICE 100% RAJÈICA 1L             ;576548    ;VINDI          ;        1.00;L  ;        1.99;        1.99;'3850108074949';PIÆA;        0.00;        0.00
TO JABUKA NARANÈA 2L                    ;580763    ;JUICY          ;        2.00;L  ;        2.63;        1.32;'3858890977998';PIÆA;        0.00;        0.00
HAPPY DAY FAMILY RED MULTI 1L           ;606794    ;ATLANTIC TRADE d.o.o.;        1.00;L  ;        2.29;        2.29;'9008700181822';PIÆA;        0.00;        0.00
JUICY NEKTAR NARANÈA 2L                 ;607464    ;AWTINTERNATIONAL D.O.O. ZAGREB;        2.00;L  ;        3.96;        1.98;'3858890979220';PIÆA;        0.00;        0.00
SMOOTHIE ANANAS 200mL                   ;607651    ;HELLO SMOOTHIE ;        0.20;L  ;        0.99;        4.95;'8590014839502';PIÆA;        0.00;        0.00
SMOOTHIE JAGODA 200mL                   ;607652    ;HELLO SMOOTHIE ;        0.20;L  ;        0.99;        4.95;'8590014839311';PIÆA;        0.00;        0.00
SOK JABUKA 100% 1L DANA                 ;607673    ;ORBICO d.o.o.;        1.00;L  ;        1.79;        1.79;'3830000165259';PIÆA;        0.00;        0.00
SOK CRNI RIBIZL DANA 1L**               ;607674    ;ORBICO d.o.o.;        1.00;L  ;        1.69;        1.69;'3830055525879';PIÆA;        0.00;        0.00
LIMUNADA DANA 1L                        ;607675    ;ORBICO d.o.o.;        1.00;L  ;        1.68;        1.68;'3830055523714';PIÆA;        0.00;        0.00
SMOOTHIE MARELICA 200mL                 ;607953    ;HELLO SMOOTHIE ;        0.20;L  ;        0.99;        4.95;'8590014839328';PIÆA;        0.00;        0.00
NEKTAR JABUKA BISTRI 1L FRUCTAL         ;609097    ;FRUCTAL        ;        1.00;L  ;        2.49;        2.49;'3838945007887';PIÆA;        0.00;        0.00
JOY NARANÈA 2L                          ;612432    ;AWTINTERNATIONAL D.O.O. ZAGREB;        2.00;L  ;        1.85;        0.93;'3850158006129';PIÆA;        0.00;        0.00
JOY JABUKA 2L                           ;612434    ;AWTINTERNATIONAL D.O.O. ZAGREB;        2.00;L  ;        1.85;        0.93;'3850158006105';PIÆA;        0.00;        0.00
JUICY MULTIVITAMIN NEKTAR 2L            ;614770    ;JUICY          ;        2.00;L  ;        2.99;        1.50;'3858890979817';PIÆA;        0.00;        0.00
VINDI MULTIVITAMIN 1L                   ;61487     ;VINDI          ;        1.00;L  ;        1.59;        1.59;'3850108071238';PIÆA;        0.00;        0.00
VINDI JUICE NARANÈA 1/1 SLIM È.         ;61489     ;VINDI          ;        1.00;L  ;        2.79;        2.79;'3850108075397';PIÆA;        0.00;        0.00
JOY JABUKA 1L                           ;615039    ;AWTINTERNATIONAL D.O.O. ZAGREB;        1.00;L  ;        0.00;        0.89;'3850158600082';PIÆA;        1.19;        0.89
TO C NARANÈA 0,2L                       ;615908    ;JUICY          ;        0.20;L  ;        0.49;        2.45;'3858890976755';PIÆA;        0.00;        0.00
FRUCTAL JABUKA MALINA 1L                ;615971    ;FRUCTAL        ;        1.00;L  ;        1.79;        1.79;'3838945040204';PIÆA;        0.00;        0.00
FRUCTAL JAGODA 1L                       ;615972    ;FRUCTAL        ;        1.00;L  ;        1.79;        1.79;'3838945040327';PIÆA;        0.00;        0.00
NEKTAR NARANÈA MARASKA 1L               ;616631    ;MARASKA        ;        1.00;L  ;        2.75;        2.75;'3850158605001';PIÆA;        0.00;        0.00
NEKTAR JABUKA C MARASKA  1L             ;616781    ;MARASKA        ;        1.00;L  ;        1.29;        1.29;'3850158605056';PIÆA;        0.00;        0.00
FRUCTAL NEKTAR BRESKVA JABUKA 0,2L      ;619249    ;FRUCTAL        ;        0.20;L  ;        0.65;        3.25;'3838945040983';PIÆA;        0.00;        0.00
FRUCTAL NEKTAR BOROVNICA ARONIJA 0,2L   ;619250    ;FRUCTAL        ;        0.20;L  ;        0.71;        3.55;'3838945040976';PIÆA;        0.00;        0.00
FRUCTAL NEKTAR ARONIJA 1L               ;632411    ;FRUCTAL        ;        1.00;L  ;        2.39;        2.39;'3838945041317';PIÆA;        0.00;        0.00
HAPPY DAY FAMILY BRESKVA 1L             ;633161    ;ATLANTIC TRADE d.o.o.;        1.00;L  ;        2.29;        2.29;'9008700181747';PIÆA;        0.00;        0.00
HAPPY DAY FAMILY MULTIVITAMIN 1L        ;633166    ;ATLANTIC TRADE d.o.o.;        1.00;L  ;        2.09;        2.09;'9008700215312';PIÆA;        0.00;        0.00
HAPPY DAY FAMILY JABUKA 1L              ;633169    ;ATLANTIC TRADE d.o.o.;        1.00;L  ;        1.99;        1.99;'9008700218184';PIÆA;        0.00;        0.00
HAPPY DAY FAMILY NARANÈA MRKVA 1L       ;633172    ;ATLANTIC TRADE d.o.o.;        1.00;L  ;        2.09;        2.09;'9008700218221';PIÆA;        0.00;        0.00
VINDI DISNEY 100% JABUKA 0,2L           ;637009    ;VINDI          ;        0.20;L  ;        0.00;        2.75;'3850108075472';PIÆA;        0.75;        0.55
VINDI DISNEY 100% NARANÈA 0,2L          ;637010    ;VINDI          ;        0.20;L  ;        0.00;        2.75;'3850108075489';PIÆA;        0.75;        0.55
VINDI DISNEY BOROVNICA 0,2L             ;637011    ;VINDI          ;        0.20;L  ;        0.00;        2.75;'3850108078176';PIÆA;        0.75;        0.55
VINDI DISNEY JABUKA 0,2L                ;637012    ;VINDI          ;        0.20;L  ;        0.00;        2.45;'3850108078183';PIÆA;        0.64;        0.49
VINDI DISNEY NARANÈA 0,2L               ;637013    ;VINDI          ;        0.20;L  ;        0.00;        2.45;'3850108078220';PIÆA;        0.64;        0.49
VINDI DISNEY MULTIVITAMIN 0,2L          ;637014    ;VINDI          ;        0.20;L  ;        0.00;        2.45;'3850108078237';PIÆA;        0.64;        0.49
VINDI 100% JUICE JABUKA 2L              ;637015    ;VINDI          ;        2.00;L  ;        3.19;        1.60;'3850108076240';PIÆA;        0.00;        0.00
VITALIS NEKTAR ŠUMSKO VOÆE 2L           ;639670    ;VITALIS        ;        2.00;L  ;        2.39;        1.20;'3870291000914';PIÆA;        0.00;        0.00
VITALIS NEKTAR TROPSKO MULTIVITAMIN 2L  ;639671    ;VITALIS        ;        2.00;L  ;        2.39;        1.20;'3870291000907';PIÆA;        0.00;        0.00
VIGO VOÆNI SOK NARANÈA 0,2L             ;641499    ;VIGO           ;        0.20;L  ;        0.40;        2.00;'8606100139705';PIÆA;        0.00;        0.00
VIGO VOÆNI SOK JABUKA 0,2L              ;641506    ;VIGO           ;        0.20;L  ;        0.40;        2.00;'8606100139736';PIÆA;        0.00;        0.00
VIGO VOÆNI SOK JAGODA 0,2L              ;641507    ;VIGO           ;        0.20;L  ;        0.40;        2.00;'8606108619674';PIÆA;        0.00;        0.00
VINDI A+C+E 1/1 S-ÈEP                   ;64152     ;VINDI          ;        1.00;L  ;        1.49;        1.49;'3850108071290';PIÆA;        0.00;        0.00
TO MULTIVITAMIN 2L                      ;641693    ;JUICY          ;        2.00;L  ;        2.32;        1.16;'3858890973808';PIÆA;        0.00;        0.00
VINDI JABUKA 1/1 SLIM È.                ;64242     ;VINDI          ;        1.00;L  ;        1.29;        1.29;'3850108078756';PIÆA;        0.00;        0.00
VINDI NEKTAR CRNI RIBIZ 1L              ;642797    ;VINDI          ;        1.00;L  ;        1.89;        1.89;'3850108074321';PIÆA;        0.00;        0.00
VINDI JUICE HR JABUKA 1L                ;642799    ;VINDI          ;        1.00;L  ;        2.29;        2.29;'3850108078664';PIÆA;        0.00;        0.00
VINDI NEKTAR NARANÈA 2L                 ;642801    ;VINDI          ;        2.00;L  ;        2.49;        1.25;'3850108078398';PIÆA;        0.00;        0.00
TO A MULTIVITAMIN 0,2L                  ;645618    ;JUICY          ;        0.20;L  ;        0.49;        2.45;'3858890974645';PIÆA;        0.00;        0.00
TO B VIŠNJA JABUKA 0,2L                 ;645619    ;JUICY          ;        0.20;L  ;        0.49;        2.45;'3858890974669';PIÆA;        0.00;        0.00
VIGO ŠUMSKO VOÆE 0,2L                   ;645858    ;VIGO           ;        0.20;L  ;        0.40;        2.00;'8606100139712';PIÆA;        0.00;        0.00
JUVER DJEÈJI SOK JABUKA 3X200mL         ;647349    ;JUVER          ;        0.60;L  ;        1.19;        1.98;'8410707002573';PIÆA;        0.00;        0.00
JUVER DJEÈJI SOK MULTIVITAMIN 3X200mL   ;647650    ;JUVER          ;        0.60;L  ;        1.19;        1.98;'8410707002627';PIÆA;        0.00;        0.00
TO JABUKA 2L                            ;650042    ;JUICY          ;        2.00;L  ;        2.63;        1.32;'3858890973839';PIÆA;        0.00;        0.00
VINDI JUICE 100% JABUKA CIJEÐENA 1L     ;650197    ;VINDI          ;        1.00;L  ;        2.49;        2.49;'3850108074338';PIÆA;        0.00;        0.00
VINDI NEKTAR JAGODA 1L                  ;650198    ;VINDI          ;        1.00;L  ;        1.99;        1.99;'3850108078695';PIÆA;        0.00;        0.00
NEKTAR NARANÈA VERDE 1L**               ;650219    ;VERDE          ;        1.00;L  ;        1.29;        1.29;'8600103036153';PIÆA;        0.00;        0.00
TO NEKTAR JABUKA 1L                     ;650246    ;JUICY          ;        1.00;L  ;        1.65;        1.65;'3858890975482';PIÆA;        0.00;        0.00
TO NEKTAR MULTIVITAMIN 1L               ;650247    ;JUICY          ;        1.00;L  ;        1.65;        1.65;'3858890975512';PIÆA;        0.00;        0.00
FRUCTAL LIMUNADA 1L                     ;650263    ;FRUCTAL        ;        1.00;L  ;        1.79;        1.79;'3838945042383';PIÆA;        0.00;        0.00
FRUCTAL LIMUNADA MENTA 1L               ;650264    ;FRUCTAL        ;        1.00;L  ;        1.79;        1.79;'3838945042390';PIÆA;        0.00;        0.00
NEKTAR MULTIVITAMIN MARASKA 1L          ;650274    ;MARASKA        ;        1.00;L  ;        1.79;        1.79;'3850158800062';PIÆA;        0.00;        0.00
VINDI NEKTAR MULTIVITAMIN 0,2L          ;650326    ;VINDI          ;        0.20;L  ;        0.59;        2.95;'3850108074550';PIÆA;        0.00;        0.00
BRAVO NARANÈA MRKVA LIMUN 2L            ;650338    ;RAUCH          ;        2.00;L  ;        3.19;        1.60;'9008700232043';PIÆA;        0.00;        0.00
VINDI DISNEY NEKTAR BRESKVA 0,2L        ;650351    ;VINDI          ;        0.20;L  ;        0.00;        2.75;'3850108078305';PIÆA;        0.75;        0.55
VINDI DISNEY NEKTAR JABUKA 1L           ;650352    ;VINDI          ;        1.00;L  ;        1.69;        1.69;'3850108078190';PIÆA;        0.00;        0.00
VINDI DISNEY NEKTAR BOROVNICA 1L        ;650353    ;VINDI          ;        1.00;L  ;        2.09;        2.09;'3850108078244';PIÆA;        0.00;        0.00
HAPPY DAY NARANÈA SUNSHINE 1L           ;650375    ;ATLANTIC TRADE d.o.o.;        1.00;L  ;        1.99;        1.99;'9008700237857';PIÆA;        0.00;        0.00
TROPICO MULTIVITAMIN 1L                 ;650711    ;TROPICO        ;        1.00;L  ;        1.29;        1.29;'3870291000594';PIÆA;        0.00;        0.00
TROPICO ŠUMSKO VOÆE 1L                  ;650712    ;TROPICO        ;        1.00;L  ;        1.29;        1.29;'3870291000600';PIÆA;        0.00;        0.00
POLA POLA JAGODA 0,5L                   ;651026    ;POLA POLA      ;        0.50;L  ;        1.85;        3.70;'9006900229924';PIÆA;        0.00;        0.00
SOK CRVENO VOÆE 100% 1L DANA            ;651040    ;ORBICO d.o.o.;        1.00;L  ;        2.49;        2.49;'3830055523264';PIÆA;        0.00;        0.00
VINDI DISNEY ABCE NEKTAR 0,2L           ;651725    ;VINDI          ;        0.20;L  ;        0.49;        2.45;'3850108075557';PIÆA;        0.00;        0.00
NEKTAR JAGODA VERDE 1L                  ;652412    ;VERDE          ;        1.00;L  ;        1.29;        1.29;'8600103036115';PIÆA;        0.00;        0.00
NEKTAR LEDENI ÈAJ BRESKVA VERDE 1L      ;652413    ;VERDE          ;        1.00;L  ;        1.29;        1.29;'8606109583097';PIÆA;        0.00;        0.00
VIGO LEDENI ÈAJ BRESKVA 10X200mL        ;652935    ;VIGO           ;        2.00;L  ;        3.99;        2.00;'8606100139842';PIÆA;        0.00;        0.00
VIGO MULTIVITAMIN 10X200mL              ;652937    ;VIGO           ;        2.00;L  ;        3.99;        2.00;'8606100139033';PIÆA;        0.00;        0.00
VIGO NARANÈA 10X200mL                   ;653045    ;VIGO           ;        2.00;L  ;        3.99;        2.00;'8606100139927';PIÆA;        0.00;        0.00
FRUTTECO JABUKA 1L                      ;653237    ;FRUTTECO       ;        0.00;   ;        0.99;        0.00;'8600103036344';PIÆA;        0.00;        0.00
FRUTTECO NARANÈA 1L                     ;653248    ;FRUTTECO       ;        1.00;L  ;        0.99;        0.99;'8600103036351';PIÆA;        0.00;        0.00
FRUTTECO BRESKVA 1L                     ;653249    ;FRUTTECO       ;        1.00;L  ;        0.99;        0.99;'8600103036481';PIÆA;        0.00;        0.00
FRUTTECO CRVENI MIX 1L                  ;653250    ;FRUTTECO       ;        1.00;L  ;        0.99;        0.99;'8606109583509';PIÆA;        0.00;        0.00
FRUTTECO JABUKA 0,2L                    ;653251    ;FRUTTECO       ;        0.20;L  ;        0.39;        1.95;'8600103036528';PIÆA;        0.00;        0.00
FRUTTECO NARANÈA 0,2L                   ;653252    ;FRUTTECO       ;        0.20;L  ;        0.39;        1.95;'8600103036535';PIÆA;        0.00;        0.00
VINDI NEKTAR ANANAS 1L                  ;654083    ;VINDIJA D.O.O.;        1.00;L  ;        1.89;        1.89;'3850108078688';PIÆA;        0.00;        0.00
TWIST AND DRINK COLA 0,2L               ;654752    ;SELL UP PROFESIONAL J.D.O.O.;        0.20;L  ;        0.59;        2.95;'9015340103572';PIÆA;        0.00;        0.00
TWIST AND DRINK JABUKA 0,2L             ;654753    ;SELL UP PROFESIONAL J.D.O.O.;        0.20;L  ;        0.59;        2.95;'9015340103527';PIÆA;        0.00;        0.00
TWIST AND DRINK VIŠNJA 0,2L             ;654754    ;SELL UP PROFESIONAL J.D.O.O.;        0.20;L  ;        0.59;        2.95;'9015340103510';PIÆA;        0.00;        0.00
TWIST AND DRINK ŠUM.VOÆE 0,2L           ;654759    ;SELL UP PROFESIONAL J.D.O.O.;        0.20;L  ;        0.59;        2.95;'9015340103534';PIÆA;        0.00;        0.00
POLA POLA MARACIJA 0,5L                 ;656020    ;SELL UP PROFESIONAL J.D.O.O.;        0.50;L  ;        1.85;        3.70;'9006900231200';PIÆA;        0.00;        0.00
FRUCTAL DVOJNI C 6X200mL                ;657861    ;ALCA ZAGREB D.O.O.;        1.20;L  ;        2.49;        2.08;'3838945044240';PIÆA;        0.00;        0.00
NEKTAR GRANDE NARANÈA FRUCTAL 2L        ;660001    ;FRUCTAL        ;        2.00;L  ;        2.19;        1.10;'3838945041010';PIÆA;        0.00;        0.00
NEKTAR GRANDE JABUKA FRUCTAL 2L         ;660002    ;FRUCTAL        ;        2.00;L  ;        2.19;        1.10;'3838945041027';PIÆA;        0.00;        0.00
NEKTAR GRANDE ŠUMSKO VOÆE FRUCTAL 2L    ;660003    ;FRUCTAL        ;        2.00;L  ;        2.19;        1.10;'3838945041034';PIÆA;        0.00;        0.00
VINDI MIX 4X1L                          ;662158    ;VINDIJA D.O.O.;        4.00;L  ;        5.84;        1.46;'3850108874396';PIÆA;        0.00;        0.00
VINDI A+C+E 0,25L                       ;66487     ;VINDI          ;        0.25;L  ;        0.59;        2.36;'3850108071306';PIÆA;        0.00;        0.00
VINDI BRES/MAREL/JAB.1/1 SLIM ÈEP       ;69060     ;VINDI          ;        1.00;L  ;        1.89;        1.89;'3850108079524';PIÆA;        0.00;        0.00
VINDI MAREL/JABUKA/NARAN.1/1 SLIM È.    ;69942     ;VINDI          ;        1.00;L  ;        1.89;        1.89;'3850108079029';PIÆA;        0.00;        0.00
BRAVO MULTIVITAMIN 2L                   ;80986     ;RAUCH          ;        2.00;L  ;        3.19;        1.60;'90020841';PIÆA;        0.00;        0.00
JAMNICA VODA 1/1                        ;02081     ;JAMNICA CMW    ;        1.00;kg ;        0.69;        0.69;'3859888152014';PIÆA;        0.00;        0.00
RADENSKA VODA 1/1                       ;04920     ;RADENSKA       ;        1.00;L  ;        0.55;        0.55;'3830000620970';PIÆA;        0.00;        0.00
STUDENAC 1.5L PVC                       ;04998     ;STUDENAC D.O.O.;        1.50;L  ;        0.89;        0.59;'3856022300836';PIÆA;        0.00;        0.00
JAMNICA 1.5L PVC                        ;07673     ;JAMNICA CMW    ;        1.50;L  ;        0.99;        0.66;'3859888152045';PIÆA;        0.00;        0.00
JAMNICA 0,5 STAKLO POV.                 ;09099     ;JAMNICA CMW    ;        0.50;L  ;        0.63;        1.26;'3859888152021';PIÆA;        0.00;        0.00
JAMNICA 0,5 PVC                         ;09109     ;JAMNICA CMW    ;        0.50;L  ;        0.85;        1.70;'3859888152113';PIÆA;        0.00;        0.00
SARAJEVSKI KISELJAK 1.5L                ;165551    ;KISELJAK       ;        1.50;L  ;        0.00;        0.46;'3871059000078';PIÆA;        0.88;        0.69
SARAJEVSKI KISELJAK 0,5L PVC            ;171083    ;KISELJAK       ;        0.50;L  ;        0.79;        1.58;'3871059000023';PIÆA;        0.00;        0.00
ROMERQUELLE 0,5L GAZIR                  ;347551    ;ROMERQUELLE    ;        0.50;L  ;        0.86;        1.72;'90311185';PIÆA;        0.00;        0.00
RADENSKA KRALJEVI VR. 1,5 PET           ;533799    ;RADENSKA       ;        1.50;L  ;        0.99;        0.66;'3830000620864';PIÆA;        0.00;        0.00
JAMNICA 1L PVC                          ;534057    ;JAMNICA CMW    ;        1.00;L  ;        0.92;        0.92;'3858890873054';PIÆA;        0.00;        0.00
RADENSKA 0,5 PVC                        ;534061    ;RADENSKA       ;        0.50;L  ;        0.83;        1.66;'3830000620871';PIÆA;        0.00;        0.00
STUDENAC 1L                             ;537851    ;STUDENAC D.O.O.;        1.00;L  ;        0.48;        0.48;'3856022300867';PIÆA;        0.00;        0.00
CETINA 0,5 GAZIRANA                     ;539699    ;CETINA         ;        0.50;L  ;        0.52;        1.04;'3859890129516';PIÆA;        0.00;        0.00
STUDENAC 0,5 PVC                        ;541741    ;STUDENAC D.O.O.;        0.50;L  ;        0.76;        1.52;'3856022300911';PIÆA;        0.00;        0.00
ROMERQUELLE 1,5L GAZIRANA               ;543352    ;ROMERQUELLE    ;        1.50;L  ;        0.95;        0.63;'9031100003128';PIÆA;        0.00;        0.00
STUDENAC 1,5L 4+2 GRATIS                ;556523    ;STUDENAC D.O.O.;        9.00;L  ;        3.49;        0.39;'3856022301826';PIÆA;        0.00;        0.00
JAMNICA 1,5L 4 PACK                     ;571231    ;JAMNICA CMW    ;        6.00;L  ;        3.49;        0.58;'3858890874525';PIÆA;        0.00;        0.00
DINARA 1,5L GAZIRANA                    ;577280    ;DINARA         ;        1.50;L  ;        0.69;        0.46;'3859890129028';PIÆA;        0.00;        0.00
JAMNICA BLAGO GAZIRANA 0,5L             ;607654    ;JAMNICA MILD CM;        0.50;L  ;        0.85;        1.70;'3858890875546';PIÆA;        0.00;        0.00
SARAJEVSKI KISELJAK 4X1,5L              ;611748    ;KISELJAK       ;        6.00;L  ;        2.59;        0.43;'3875000182219';PIÆA;        0.00;        0.00
JAMNICA 0,33L                           ;650999    ;JAMNICA CMW    ;        0.33;L  ;        0.75;        2.27;'3856028505327';PIÆA;        0.00;        0.00
RED BULL LIMENKA 250mL                  ;09581     ;RED BULL       ;        0.25;L  ;        1.75;        7.00;'9002490100070';PIÆA;        0.00;        0.00
RED BULL 250mL LIM BEZ ŠEÆERA           ;129535    ;RED BULL       ;        0.25;L  ;        1.75;        7.00;'90162800';PIÆA;        0.00;        0.00
RED BULL LIMENKA 355mL                  ;380080    ;RED BULL       ;        0.36;L  ;        2.39;        6.73;'9002490210939';PIÆA;        0.00;        0.00
MONSTER ENERGY 500mL                    ;404202    ;MONSTER        ;        0.50;L  ;        1.39;        2.78;'5060166695279';PIÆA;        0.00;        0.00
HELL ENERGY 0,25 CLASSIC                ;432867    ;HELL ENERGY ADRIA D.O.O.;        0.25;L  ;        1.09;        4.36;'5999884034469';PIÆA;        0.00;        0.00
HELL ENERGY APPLE STRONG 250mL          ;436069    ;HELL ENERGY ADRIA D.O.O.;        0.25;L  ;        1.09;        4.36;'5999884034612';PIÆA;        0.00;        0.00
HELL ENERGY RED GRAPE STRONG 250mL      ;436070    ;HELL ENERGY ADRIA D.O.O.;        0.25;L  ;        1.09;        4.36;'5999884034506';PIÆA;        0.00;        0.00
MONSTER ENERGY ULTRA 500mL              ;513252    ;MONSTER        ;        0.50;L  ;        1.39;        2.78;'5060337500104';PIÆA;        0.00;        0.00
HELL ENERGY CLASSIC 4X250mL             ;528833    ;HELL ENERGY ADRIA D.O.O.;        1.00;L  ;        3.89;        3.89;'5999884034193';PIÆA;        0.00;        0.00
HELL ENERGY CLASSIC 500mL               ;528834    ;HELL ENERGY ADRIA D.O.O.;        0.50;L  ;        1.69;        3.38;'5999884034209';PIÆA;        0.00;        0.00
MONSTER THE DOCTOR 500mL                ;539390    ;MONSTER        ;        0.50;L  ;        1.39;        2.78;'5060335633132';PIÆA;        0.00;        0.00
HELL ENERGY DRINK FOCUS 250mL           ;542282    ;HELL ENERGY ADRIA D.O.O.;        0.25;L  ;        1.09;        4.36;'5999885747733';PIÆA;        0.00;        0.00
BURN ORIGINAL 0,25L                     ;566151    ;COCA COLA HBC HRVATSKA D.O.O.;        0.25;L  ;        1.16;        4.64;'5060466518070';PIÆA;        0.00;        0.00
HELL ENERGY ZERO 0,250mL                ;566568    ;HELL ENERGY ADRIA D.O.O.;        0.25;KOM;        1.09;        4.36;'5999884034445';PIÆA;        0.00;        0.00
MONSTER PUNCH 500mL                     ;575618    ;MONSTER        ;        0.50;L  ;        1.39;        2.78;'5060639123834';PIÆA;        0.00;        0.00
MONSTER MANGO LOCO 0,5L                 ;577103    ;MONSTER        ;        0.50;L  ;        1.39;        2.78;'5060639121618';PIÆA;        0.00;        0.00
HELL ENERGY RED GRAPE 500mL             ;600724    ;HELL ENERGY ADRIA D.O.O.;        0.50;L  ;        1.69;        3.38;'5999885746552';PIÆA;        0.00;        0.00
MONSTER ULTRA BLUE 0,5L                 ;601158    ;MONSTER        ;        0.50;L  ;        1.39;        2.78;'5060639129973';PIÆA;        0.00;        0.00
RED BULL RED 0,25L                      ;607345    ;RED BULL       ;        0.25;L  ;        1.75;        7.00;'90446016';PIÆA;        0.00;        0.00
PRO GAME STAMINA CHERRY 0,5L            ;613017    ;PROGRAME       ;        0.50;L  ;        1.49;        2.98;'3858890877830';PIÆA;        0.00;        0.00
PRO GAME FOCUS MANGO&APRICOT 0,5L       ;613018    ;PROGRAME       ;        0.50;L  ;        1.49;        2.98;'3858890877861';PIÆA;        0.00;        0.00
RED BULL APRICOT 0,25L                  ;628494    ;RED BULL       ;        0.25;L  ;        1.75;        7.00;'90448836';PIÆA;        0.00;        0.00
URAGAN ENERGY DRINK 250mL               ;632637    ;VINDIJA D.O.O.;        0.25;L  ;        0.79;        3.16;'3850108073119';PIÆA;        0.00;        0.00
MONSTER GREEN 500mL                     ;641805    ;MONSTER        ;        0.50;L  ;        1.39;        2.78;'5061013940139';PIÆA;        0.00;        0.00
URAGAN ZERO 0,25L                       ;642793    ;VINDIJA D.O.O.;        0.25;L  ;        0.79;        3.16;'3850108073010';PIÆA;        0.00;        0.00
MONSTER AUSSIE LEMON 500mL LIM          ;643617    ;MONSTER        ;        0.50;L  ;        1.39;        2.78;'5061013941488';PIÆA;        0.00;        0.00
PRO GAME VIŠNJA 0,33L LIM               ;650230    ;PROGAME        ;        0.33;L  ;        0.99;        3.00;'3856028500438';PIÆA;        0.00;        0.00
PRO GAME MANGO MARELICA 0,33L LIM       ;650231    ;PROGAME        ;        0.33;L  ;        0.99;        3.00;'3856028500469';PIÆA;        0.00;        0.00
BLUE HEAVEN ENERGY DRINK 250mL          ;650270    ;BEALIVE        ;        0.25;L  ;        0.82;        3.28;'3857500144003';PIÆA;        0.00;        0.00
RED BULL YELLOW 0,25L                   ;650328    ;RED BULL       ;        0.25;L  ;        1.75;        7.00;'90415944';PIÆA;        0.00;        0.00
HELL BLACK CHERRY 0,5L                  ;651370    ;HELL ENERGY ADRIA D.O.O.;        0.50;L  ;        1.69;        3.38;'5999884034346';PIÆA;        0.00;        0.00
HELL GOJI BERRY 0,5L                    ;651371    ;HELL ENERGY ADRIA D.O.O.;        0.50;L  ;        1.69;        3.38;'5999571054695';PIÆA;        0.00;        0.00
HELL GREEN APPLE 0,5L                   ;651372    ;HELL ENERGY ADRIA D.O.O.;        0.50;L  ;        1.69;        3.38;'5999571054732';PIÆA;        0.00;        0.00
HELL PEACH LEMON 0,5L                   ;651373    ;HELL ENERGY ADRIA D.O.O.;        0.50;L  ;        1.69;        3.38;'5999571051878';PIÆA;        0.00;        0.00
MONSTER UL STRWBY 0,5L                  ;651859    ;MONSTER        ;        0.50;L  ;        1.39;        2.78;'5056784900734';PIÆA;        0.00;        0.00
MONSTER RIO PUNCH 0,5L                  ;653168    ;MONSTER        ;        0.50;L  ;        1.39;        2.78;'5056784904466';PIÆA;        0.00;        0.00
RED BULL ZERO 0,25L                     ;654423    ;RED BULL       ;        0.25;L  ;        1.75;        7.00;'90474637';PIÆA;        0.00;        0.00
RED BULL SEA BLUE 0,25L                 ;654425    ;RED BULL       ;        0.25;L  ;        1.75;        7.00;'90456886';PIÆA;        0.00;        0.00
RED BULL SUMMER WHITE PEACH 0,25L       ;654426    ;RED BULL       ;        0.25;L  ;        1.75;        7.00;'90474729';PIÆA;        0.00;        0.00
MONSTER LANDO NORR 0,5L                 ;658066    ;MONSTER        ;        0.50;L  ;        1.39;        2.78;'5056784907993';PIÆA;        0.00;        0.00
RED BULL WINTER FUJI APPLE GIN.0,25L    ;662233    ;RED BULL       ;        0.25;L  ;        1.75;        7.00;'90486425';PIÆA;        0.00;        0.00
RED BULL ADVENTSKI KALENDAR 24X0,25L    ;663889    ;ORBICO d.o.o.;        6.00;L  ;       29.99;        5.00;'9002490285401';PIÆA;        0.00;        0.00
RED BULL 250mL LIM.FOUR PACK            ;79247     ;RED BULL       ;        1.00;L  ;        6.49;        6.49;'9002490100490';PIÆA;        0.00;        0.00
SIRUP BRUSNICA LIGHT 3L DIZO            ;404010    ;ILIÆ SAŠA- SAMBI;        3.00;L  ;        3.12;        1.04;'3858890396584';PIÆA;        0.00;        0.00
SIRUP NARANÈA LIGHT 3L SAMBI            ;416116    ;SAMBI          ;        3.00;L  ;        3.12;        1.04;'3858890396515';PIÆA;        0.00;        0.00
SIRUP LEDENI ÈAJ LIGHT 3L SAMBI         ;416117    ;SAMBI          ;        3.00;L  ;        3.12;        1.04;'3858890396591';PIÆA;        0.00;        0.00
SIRUP LIMUN LIGHT 3L SAMBI              ;417328    ;SAMBI          ;        3.00;L  ;        3.12;        1.04;'3858890396522';PIÆA;        0.00;        0.00
SIRUP MARELICA LIGHT 3L SAMBI           ;417329    ;SAMBI          ;        3.00;L  ;        3.12;        1.04;'3858890396539';PIÆA;        0.00;        0.00
SIRUP JAGODA LIGHT 3L SAMBI             ;419882    ;SAMBI          ;        3.00;L  ;        3.12;        1.04;'3858890396546';PIÆA;        0.00;        0.00
SIRUP BOROVNICA LIGHT 3L                ;421176    ;ILIÆ SAŠA- SAMBI;        3.00;L  ;        3.12;        1.04;'3858890396553';PIÆA;        0.00;        0.00
SIRUP JABUKA LIGHT 3L                   ;421297    ;ILIÆ SAŠA- SAMBI;        3.00;L  ;        3.12;        1.04;'3858890396614';PIÆA;        0.00;        0.00
SIRUP MALINA LIGHT 3L SAMBI             ;518422    ;SAMBI          ;        3.00;L  ;        3.12;        1.04;'3858890396560';PIÆA;        0.00;        0.00
SIRUP NARANÈA SAMBI 1L                  ;584600    ;SAMBI          ;        1.00;L  ;        2.19;        2.19;'3858890392203';PIÆA;        0.00;        0.00
SIRUP LIMUN SAMBI 1L                    ;584601    ;SAMBI          ;        1.00;L  ;        2.19;        2.19;'3858890392210';PIÆA;        0.00;        0.00
SIRUP MARELICA SAMBI 1L                 ;584602    ;SAMBI          ;        1.00;L  ;        2.19;        2.19;'3858890392227';PIÆA;        0.00;        0.00
SIRUP BOROVNICA SAMBI 1L                ;584603    ;SAMBI          ;        1.00;L  ;        2.19;        2.19;'3858890392234';PIÆA;        0.00;        0.00
SIRUP VIŠNJA SAMBI 1L                   ;584604    ;SAMBI          ;        1.00;L  ;        2.19;        2.19;'3858890392241';PIÆA;        0.00;        0.00
SIRUP JABUKA SAMBI 1L                   ;584605    ;SAMBI          ;        1.00;L  ;        2.19;        2.19;'3858890392258';PIÆA;        0.00;        0.00
SIRUP BRESKVA SAMBI 1L                  ;584606    ;SAMBI          ;        1.00;L  ;        2.19;        2.19;'3858890392265';PIÆA;        0.00;        0.00
SIRUP MALINA SAMBI 1L                   ;584607    ;SAMBI          ;        1.00;L  ;        2.19;        2.19;'3858890392272';PIÆA;        0.00;        0.00
SIRUP LIMUN I LIMETA SAMBI 1L           ;584608    ;SAMBI          ;        1.00;L  ;        0.00;        2.19;'3858890392289';PIÆA;        2.42;        2.19
SIRUP JAGODA SAMBI 1L                   ;584609    ;SAMBI          ;        1.00;L  ;        2.19;        2.19;'3858890392296';PIÆA;        0.00;        0.00
SIRUP BRUSNICA SAMBI 1L                 ;584610    ;SAMBI          ;        1.00;L  ;        0.00;        2.19;'3858890392302';PIÆA;        2.42;        2.19
SIRUP BAZGA I LIMUN 1L SAMBI            ;584611    ;SAMBI          ;        1.00;L  ;        2.19;        2.19;'3858890392319';PIÆA;        0.00;        0.00
SIRUP NARANÈA DANA 1L                   ;591037    ;ORBICO d.o.o.;        1.00;L  ;        2.99;        2.99;'3830055522083';PIÆA;        0.00;        0.00
SIRUP BAZGA DANA 1L                     ;591038    ;ORBICO d.o.o.;        1.00;L  ;        2.99;        2.99;'3830055526616';PIÆA;        0.00;        0.00
SIRUP MALINA DANA 1L                    ;591039    ;ORBICO d.o.o.;        1.00;L  ;        2.99;        2.99;'3830055522069';PIÆA;        0.00;        0.00
SIRUP ŠUMSKO VOÆE DANA 1L               ;591040    ;ORBICO d.o.o.;        1.00;L  ;        2.99;        2.99;'3830055526654';PIÆA;        0.00;        0.00
SIRUP LEDENI ÈAJ DANA 1L                ;591041    ;ORBICO d.o.o.;        1.00;L  ;        2.99;        2.99;'3830055526630';PIÆA;        0.00;        0.00
SIRUP CRNI RIBIZ LIMUN DANA 1L          ;591042    ;ORBICO d.o.o.;        1.00;L  ;        2.99;        2.99;'3830055526678';PIÆA;        0.00;        0.00
FRUCTAL SIRUP NAR CRNI RIBIZ 1L         ;596749    ;FRUCTAL        ;        1.00;L  ;        2.99;        2.99;'3838945038911';PIÆA;        0.00;        0.00
SIRUP DVOJNI C 1L FRUCTAL               ;596750    ;FRUCTAL        ;        0.00;   ;        2.99;        0.00;'3838945038904';PIÆA;        0.00;        0.00
SIRUP NARANÈA SIMPLE 1L                 ;605183    ;SIMPLE         ;        0.00;   ;        1.86;        0.00;'3858890392814';PIÆA;        0.00;        0.00
SIRUP VIŠNJA SIMPLE 1L                  ;605184    ;SIMPLE         ;        0.00;   ;        1.86;        0.00;'3858890392821';PIÆA;        0.00;        0.00
SIRUP ŠUMSKO VOÆE SAMBI 1L              ;607937    ;SAMBI          ;        1.00;L  ;        0.00;        2.19;'3858890392326';PIÆA;        2.42;        2.19
SIRUP BOROVNICA 1L MARASKA              ;613412    ;MARASKA        ;        1.00;L  ;        2.99;        2.99;'3850158105020';PIÆA;        0.00;        0.00
SIRUP JABUKA BAZGA 1L MARASKA           ;613413    ;MARASKA        ;        1.00;L  ;        2.99;        2.99;'3850158105044';PIÆA;        0.00;        0.00
SIRUP LEDENI ÈAJ BRESKVA 1L MARASKA     ;613414    ;MARASKA        ;        1.00;L  ;        2.99;        2.99;'3850158105082';PIÆA;        0.00;        0.00
SIRUP LIMUN 1L MARASKA                  ;613415    ;MARASKA        ;        1.00;L  ;        2.99;        2.99;'3850158105129';PIÆA;        0.00;        0.00
SIRUP NARANÈA 1L MARASKA                ;613417    ;MARASKA        ;        1.00;L  ;        2.99;        2.99;'3850158105006';PIÆA;        0.00;        0.00
SIRUP NARANÈA 1L LAGUNA                 ;614144    ;ILIÆ SAŠA- SAMBI;        1.00;L  ;        2.52;        2.52;'3858890393019';PIÆA;        0.00;        0.00
SIRUP BOROVNICA 1L LAGUNA               ;614146    ;ILIÆ SAŠA- SAMBI;        1.00;L  ;        2.52;        2.52;'3858890393026';PIÆA;        0.00;        0.00
SIRUP VIŠNJA 1L LAGUNA                  ;614147    ;ILIÆ SAŠA- SAMBI;        1.00;L  ;        2.52;        2.52;'3858890393033';PIÆA;        0.00;        0.00
SIRUP JABUKA 1L LAGUNA                  ;614148    ;ILIÆ SAŠA- SAMBI;        1.00;L  ;        2.52;        2.52;'3858890393040';PIÆA;        0.00;        0.00
SIRUP BRESKVA 1L LAGUNA                 ;614149    ;ILIÆ SAŠA- SAMBI;        1.00;L  ;        2.52;        2.52;'3858890393057';PIÆA;        0.00;        0.00
SIRUP MALINA 1L LAGUNA                  ;614150    ;ILIÆ SAŠA- SAMBI;        1.00;L  ;        2.52;        2.52;'3858890393064';PIÆA;        0.00;        0.00
SIRUP LIMUN I LIMETA 1L LAGUNA          ;614151    ;ILIÆ SAŠA- SAMBI;        1.00;L  ;        2.52;        2.52;'3858890393071';PIÆA;        0.00;        0.00
SIRUP LIMUN I BAZGA 1L LAGUNA           ;614152    ;ILIÆ SAŠA- SAMBI;        1.00;L  ;        2.52;        2.52;'3858890393088';PIÆA;        0.00;        0.00
SIRUP AMARENA 1L DANA                   ;616020    ;ORBICO d.o.o.;        1.00;L  ;        2.99;        2.99;'3830055526753';PIÆA;        0.00;        0.00
SIRUP LIMUN SIMPLE 1L                   ;627375    ;SIMPLE         ;        1.00;L  ;        1.86;        1.86;'3858890392838';PIÆA;        0.00;        0.00
SIRUP MARELICA SIMPLE 1L                ;627376    ;SIMPLE         ;        1.00;L  ;        1.86;        1.86;'3858890392845';PIÆA;        0.00;        0.00
SIRUP JABUKA SIMPLE 1L                  ;627377    ;SIMPLE         ;        1.00;L  ;        1.86;        1.86;'3858890392852';PIÆA;        0.00;        0.00
SIRUP JAGODA SIMPLE 1L                  ;627378    ;SIMPLE         ;        1.00;L  ;        1.86;        1.86;'3858890392869';PIÆA;        0.00;        0.00
SIRUP BRUSNICA SIMPLE 1L                ;627379    ;SIMPLE         ;        1.00;L  ;        1.86;        1.86;'3858890392876';PIÆA;        0.00;        0.00
SOK JABUKA 1L STAKLO-PZ VOÆKO           ;330539    ;VOÆKO          ;        1.00;L  ;        2.99;        2.99;'3859893379130';PIÆA;        0.00;        0.00
YIPPY MULTI 0,33 PET                    ;344562    ;ATLANTIC TRADE d.o.o.;        0.33;L  ;        1.38;        4.18;'9008700141963';PIÆA;        0.00;        0.00
YIPPY VIŠNJA 0,33 PET                   ;344563    ;ATLANTIC TRADE d.o.o.;        0.33;L  ;        1.38;        4.18;'9008700142007';PIÆA;        0.00;        0.00
CAPPY NARANÈA 100% 0,33 PET             ;354932    ;CAPPY          ;        0.33;L  ;        1.62;        4.91;'90492341';PIÆA;        0.00;        0.00
VITAMIN WELL RELOAD 500mL               ;365999    ;ATLANTIC TRADE d.o.o.;        0.50;L  ;        2.09;        4.18;'7350042716074';PIÆA;        0.00;        0.00
VITAMIN WELL HYDRATE 500mL              ;366017    ;ATLANTIC TRADE d.o.o.;        0.50;L  ;        2.09;        4.18;'7350042716166';PIÆA;        0.00;        0.00
YIPPY NARANÈA 0.33 PET                  ;377031    ;ATLANTIC TRADE d.o.o.;        0.33;L  ;        1.38;        4.18;'9008700141949';PIÆA;        0.00;        0.00
YIPPY JABUKA 0.33 PET                   ;377032    ;ATLANTIC TRADE d.o.o.;        0.33;L  ;        1.38;        4.18;'9008700141918';PIÆA;        0.00;        0.00
YIPPY ŠUMSKO VOÆE 0,33 PET              ;399053    ;ATLANTIC TRADE d.o.o.;        0.33;L  ;        1.38;        4.18;'9008700173582';PIÆA;        0.00;        0.00
JUICY FRUITS NARANÈA NEKT.1,5           ;434264    ;JUICY          ;        1.50;L  ;        1.70;        1.13;'3858890975123';PIÆA;        0.00;        0.00
JUICY FRUITS CRV.NAR 1.5L               ;434830    ;JUICY          ;        1.50;L  ;        1.70;        1.13;'3858890975062';PIÆA;        0.00;        0.00
JUICY FRUITS MULTIV.0,5                 ;435253    ;JUICY          ;        0.50;L  ;        1.10;        2.20;'3858890975031';PIÆA;        0.00;        0.00
JUICY FRUITS LIMUN 1,5L                 ;435267    ;JUICY          ;        1.50;L  ;        1.70;        1.13;'3858890975185';PIÆA;        0.00;        0.00
JUICY FRUITS MULTIVITAMIN 1,5           ;435635    ;JUICY          ;        1.50;L  ;        1.70;        1.13;'3858890975000';PIÆA;        0.00;        0.00
JUICY FRUITS LIMUN 0,5                  ;436104    ;JUICY          ;        0.50;L  ;        1.10;        2.20;'3858890975215';PIÆA;        0.00;        0.00
JUICY FRUITS CRVENA NARANÈA 0,5         ;444039    ;JUICY          ;        0.50;L  ;        1.10;        2.20;'3858890975093';PIÆA;        0.00;        0.00
JUICY FRUIT NARANÈA NEKTARINA 0,5       ;444073    ;JUICY          ;        0.50;L  ;        1.10;        2.20;'3858890975154';PIÆA;        0.00;        0.00
SOK SURPRISE MULTIVITAMIN 300mL         ;448978    ;SURPRISE       ;        0.30;L  ;        1.39;        4.63;'8594023921043';PIÆA;        0.00;        0.00
SOK SURPRISE JAGODA 300mL               ;448991    ;VALENTIÆ d.o.o;        0.30;L  ;        1.39;        4.63;'8594023923214';PIÆA;        0.00;        0.00
SOK SURPRISE JABUKA 300mL               ;448992    ;VALENTIÆ d.o.o;        0.30;L  ;        1.39;        4.63;'8594023921050';PIÆA;        0.00;        0.00
FRUC CRNI RIBIZL ARONIJA 1,5L           ;521508    ;FRUCTAL        ;        1.50;L  ;        2.13;        1.42;'3838945508100';PIÆA;        0.00;        0.00
JUICY FRUITS TREŠNJA 1,5L               ;577084    ;JUICY          ;        1.50;L  ;        1.70;        1.13;'3858890977035';PIÆA;        0.00;        0.00
JUICY FRUITS TREŠNJA 0,5L               ;577097    ;JUICY          ;        0.50;L  ;        1.10;        2.20;'3858890977004';PIÆA;        0.00;        0.00
CAPPY LEMONADE HAPPY LEMON 0,4L         ;591058    ;CAPPY          ;        0.40;L  ;        1.02;        2.55;'5449000275639';PIÆA;        0.00;        0.00
CAPPY LEMONADE MINTY LEMON 0,4L         ;591059    ;CAPPY          ;        0.40;L  ;        1.02;        2.55;'5449000275677';PIÆA;        0.00;        0.00
FRUC MULTIVITAMIN 1,5L                  ;591470    ;FRUCTAL        ;        1.50;L  ;        1.74;        1.16;'3838945501231';PIÆA;        0.00;        0.00
YIPPY JAGODA 0,33L PET                  ;604753    ;ATLANTIC TRADE d.o.o.;        0.33;L  ;        1.38;        4.18;'9008700192392';PIÆA;        0.00;        0.00
JUICY FRUIT BAZGA LIMUN 1,5L            ;605462    ;JUICY          ;        1.50;L  ;        1.70;        1.13;'3858890978360';PIÆA;        0.00;        0.00
CAPPY HAPPY LIMUNADA 1,25L              ;615111    ;CAPPY          ;        1.25;L  ;        1.88;        1.50;'5000112653779';PIÆA;        0.00;        0.00
CAPPY LIMUNADA MINTY 1,25L              ;615112    ;CAPPY          ;        1.25;L  ;        1.88;        1.50;'5000112653793';PIÆA;        0.00;        0.00
JUICY KIDS NARANÈA-MANGO 0,33L          ;615902    ;JUICY          ;        0.33;L  ;        1.21;        3.67;'3858890972184';PIÆA;        0.00;        0.00
JUICY KIDS ŠUMSKO VOÆE-JABUKA 0,33L     ;615903    ;JUICY          ;        0.33;L  ;        1.22;        3.70;'3858890979992';PIÆA;        0.00;        0.00
TOCO MULTIVITAMIN 1,5L                  ;615929    ;TOCO           ;        1.50;L  ;        1.69;        1.13;'3858890878615';PIÆA;        0.00;        0.00
TOCO NARANÈA MRKVA NEKTARINA 1,5L       ;615930    ;TOCO           ;        1.50;L  ;        1.69;        1.13;'3858890878790';PIÆA;        0.00;        0.00
TOCO CRVENA NARANÈA AVOKADO CIKLA 1,5L  ;615931    ;TOCO           ;        1.50;L  ;        1.69;        1.13;'3858890878974';PIÆA;        0.00;        0.00
TOCO MULTIVITAMIN 0,5L                  ;615932    ;TOCO           ;        0.50;L  ;        1.05;        2.10;'3858890878646';PIÆA;        0.00;        0.00
TOCO CRVENA NARANÈA AVOKADO CIKLA 0,5L  ;615934    ;TOCO           ;        0.50;L  ;        1.05;        2.10;'3858890879001';PIÆA;        0.00;        0.00
FRUC MULTIVITAMIN 0,5L                  ;617719    ;FRUCTAL        ;        0.50;L  ;        1.04;        2.08;'3838945501248';PIÆA;        0.00;        0.00
FRUC VIŠNJA 0,5L                        ;617720    ;FRUCTAL        ;        0.50;L  ;        1.29;        2.58;'3838945016216';PIÆA;        0.00;        0.00
FRUC VIŠNJA 1,5L                        ;617721    ;FRUCTAL        ;        1.50;L  ;        2.29;        1.53;'3838945016209';PIÆA;        0.00;        0.00
FRUC PIÆE NARANÈA PET 1,5L              ;618024    ;FRUCTAL        ;        1.50;L  ;        1.74;        1.16;'3838945031554';PIÆA;        0.00;        0.00
FRUC PIÆE NARANÈA PET 0,5L              ;618027    ;FRUCTAL        ;        0.50;L  ;        1.03;        2.06;'3838945031547';PIÆA;        0.00;        0.00
COKIÆ MULTIVITAMIN 0,33L                ;618907    ;COKIÆ          ;        0.33;L  ;        1.36;        4.12;'8606107754413';PIÆA;        0.00;        0.00
CAPPY LEMONADE ZERO PINK 0,4L           ;635200    ;CAPPY          ;        0.40;L  ;        1.02;        2.55;'5449000056245';PIÆA;        0.00;        0.00
JUICY KIDS JAGODA KIVI 0.33L            ;636159    ;JUICY          ;        0.33;L  ;        1.21;        3.67;'3858890974164';PIÆA;        0.00;        0.00
CAPPY BRESKVA PET 1L                    ;645215    ;CAPPY          ;        1.00;L  ;        1.98;        1.98;'5449000323231';PIÆA;        0.00;        0.00
BRAVO JABUKA 0,5L                       ;650038    ;ATLANTIC TRADE d.o.o.;        0.50;L  ;        1.09;        2.18;'9008700226387';PIÆA;        0.00;        0.00
TOCO LIMUN KRASTAVAC 1,5L               ;650226    ;TOCO           ;        1.50;L  ;        1.69;        1.13;'3856028501121';PIÆA;        0.00;        0.00
TOCO LIMUN KRASTAVAC 0,5L               ;650227    ;TOCO           ;        0.50;L  ;        1.05;        2.10;'3856028501091';PIÆA;        0.00;        0.00
TOCO JABUKA RABARBARA 1,5L              ;650228    ;TOCO           ;        0.50;L  ;        1.69;        3.38;'3856028501060';PIÆA;        0.00;        0.00
FRUCTAL SUPERIOR JABUKA BRESKVA 0,75L   ;650260    ;FRUCTAL        ;        0.75;L  ;        2.02;        2.69;'3838945042680';PIÆA;        0.00;        0.00
FRUCTAL SUPERIOR JABUKA 0,75L           ;650261    ;FRUCTAL        ;        0.75;L  ;        2.02;        2.69;'3838945042673';PIÆA;        0.00;        0.00
FRUCTAL SUPERIOR NARANÈA 0,75L          ;650262    ;FRUCTAL        ;        0.75;L  ;        2.63;        3.51;'3838945042697';PIÆA;        0.00;        0.00
VINDI ACE 0,5L                          ;650267    ;VINDI          ;        0.50;L  ;        1.09;        2.18;'3850108072327';PIÆA;        0.00;        0.00
VINDI ACE 1,5L                          ;650272    ;VINDI          ;        1.50;L  ;        1.36;        0.91;'3850108072310';PIÆA;        0.00;        0.00
VINDI BCE 0,5L                          ;650273    ;VINDI          ;        0.25;L  ;        1.09;        4.36;'3850108072341';PIÆA;        0.00;        0.00
VINDI BCE 1,5L                          ;650289    ;VINDI          ;        1.50;L  ;        0.00;        0.91;'3850108072334';PIÆA;        1.39;        1.36
VINDI LIMUNADA 1,5L                     ;650290    ;VINDI          ;        1.50;L  ;        1.36;        0.91;'3850108072365';PIÆA;        0.00;        0.00
JUICY FRUITS NAR.-NEKT. LIM 0,33L       ;650364    ;JUICY          ;        0.33;L  ;        1.10;        3.33;'3858890978490';PIÆA;        0.00;        0.00
ROCK MULTIVITAMIN 0,5L                  ;650370    ;BIALU D.O.O.;        0.50;L  ;        1.99;        3.98;'8606029961999';PIÆA;        0.00;        0.00
ROCK JABUKA-KIWI 0,5L                   ;650371    ;BIALU D.O.O.;        0.50;L  ;        1.99;        3.98;'8606029962095';PIÆA;        0.00;        0.00
ROCK BOROVNICA-GROŽÐE 0,5L              ;650372    ;BIALU D.O.O.;        0.50;L  ;        1.99;        3.98;'8606029962156';PIÆA;        0.00;        0.00
SOK JABUKA 3L VOÆKO                     ;651165    ;VOÆKO          ;        5.00;L  ;        6.49;        1.30;'3859893379437';PIÆA;        0.00;        0.00
CAPPY PULPY ORANGE 1L                   ;651583    ;CAPPY          ;        3.00;L  ;        2.49;        0.83;'5449000333421';PIÆA;        0.00;        0.00
CAPPY PULPY NARANÈA 0,33L               ;651586    ;CAPPY          ;        0.33;L  ;        1.58;        4.79;'54027596';PIÆA;        0.00;        0.00
CAPPY PULPY PEACH 1L                    ;652169    ;CAPPY          ;        1.00;L  ;        1.78;        1.78;'5449000333438';PIÆA;        0.00;        0.00
LOL CHERRY SURPRISE 0,25L               ;652854    ;LOL            ;        0.25;L  ;        1.29;        5.16;'5904730983846';PIÆA;        0.00;        0.00
BOOM ŠUMSKO VOÆE 180mL                  ;652899    ;BOOM           ;        0.18;L  ;        0.89;        4.94;'5904730983037';PIÆA;        0.00;        0.00
BOOM JABUKA 180mL                       ;652900    ;BOOM           ;        0.18;L  ;        0.89;        4.94;'5904730983044';PIÆA;        0.00;        0.00
JUICY FRUITS ZMAJEVO VOÆE 1,5L          ;653768    ;JUICY          ;        1.50;L  ;        1.70;        1.13;'3858890971194';PIÆA;        0.00;        0.00
JUICY FRUITS ZMAJEVO VOÆE 0,5L          ;653787    ;JUICY          ;        0.50;L  ;        1.10;        2.20;'3858890971170';PIÆA;        0.00;        0.00
FRUC LIMUNADA 1,5L                      ;654173    ;FRUCTAL        ;        1.50;L  ;        1.96;        1.31;'3838945043359';PIÆA;        0.00;        0.00
FRUC LIMUNADA 0,5L                      ;654175    ;FRUCTAL        ;        0.50;L  ;        1.19;        2.38;'3838945043366';PIÆA;        0.00;        0.00
FRUC MANGOLADA 1,5L                     ;654176    ;FRUCTAL        ;        1.50;L  ;        1.96;        1.31;'3838945043373';PIÆA;        0.00;        0.00
FRUC MANGOLADA 0,5L                     ;654177    ;FRUCTAL        ;        1.50;L  ;        1.19;        0.79;'3838945043380';PIÆA;        0.00;        0.00
CAPPY ZERO LM 1,25L                     ;655112    ;CAPPY          ;        1.25;L  ;        1.88;        1.50;'5449000059185';PIÆA;        0.00;        0.00
FRUCTAL SUPERIOR SOK NARANÈA 0,33L      ;656429    ;ALCA ZAGREB D.O.O.;        0.33;L  ;        1.80;        5.45;'3838945042666';PIÆA;        0.00;        0.00
FRUCTAL SUPERIOR JABUKA 0,33L           ;656430    ;ALCA ZAGREB D.O.O.;        0.33;L  ;        1.40;        4.24;'3838945042642';PIÆA;        0.00;        0.00
FRUCTAL SUPERIOR JABUKA BRESKVA 0,33L   ;656431    ;ALCA ZAGREB D.O.O.;        0.33;L  ;        1.40;        4.24;'3838945042659';PIÆA;        0.00;        0.00
ROCK GALAXY BERRY 0,5L                  ;656503    ;BIALU D.O.O.;        0.50;L  ;        1.99;        3.98;'8606029963665';PIÆA;        0.00;        0.00
ROCK LEDENI ÈAJ BRESKVA 0,5L            ;656504    ;BIALU D.O.O.;        0.50;L  ;        1.99;        3.98;'8606029963689';PIÆA;        0.00;        0.00
GANG MULTIVITAMIN 0,5L                  ;658852    ;ZODA D.O.O.;        0.50;L  ;        2.99;        5.98;'3858891800653';PIÆA;        0.00;        0.00
GANG JABUKA 0,5L                        ;658854    ;ZODA D.O.O.;        0.50;L  ;        2.99;        5.98;'3858891800660';PIÆA;        0.00;        0.00
FRUC JABUKA 1,5L                        ;664157    ;ALCA ZAGREB D.O.O.;        1.50;L  ;        1.74;        1.16;'3838945044417';PIÆA;        0.00;        0.00
LEDENI ÈAJ BRESKVA 1.5 JAMNICA          ;142964    ;JAMNICA PLUS D.O.O.;        1.50;L  ;        1.69;        1.13;'3858884601045';PIÆA;        0.00;        0.00
LEDENI ÈAJ BRESKVA 0,5 JAMNICA          ;142965    ;JAMNICA PLUS D.O.O.;        0.50;L  ;        1.19;        2.38;'3858884601052';PIÆA;        0.00;        0.00
VINDI LED.ÈAJ BRESKVA 1.5L              ;151619    ;VINDI          ;        1.50;L  ;        1.62;        1.08;'3850108071801';PIÆA;        0.00;        0.00
VINDI LEDENI ÈAJ BRESKVA 2L             ;200375    ;VINDI          ;        2.00;L  ;        2.19;        1.10;'3850108071337';PIÆA;        0.00;        0.00
LEDENI ÈAJ ŠUM.VOÆE-BRUS 0.5L           ;203274    ;JAMNICA PLUS D.O.O.;        0.50;L  ;        1.19;        2.38;'3858884601731';PIÆA;        0.00;        0.00
VINDI LED.ÈAJ BRESKVA 0.5L PET          ;225422    ;VINDI          ;        0.50;L  ;        1.09;        2.18;'3850108073355';PIÆA;        0.00;        0.00
LEDENI ÈAJ ŠUM.VOÆE 1.5L JAMNICA        ;250002    ;JAMNICA PLUS D.O.O.;        1.50;L  ;        1.69;        1.13;'3858884601717';PIÆA;        0.00;        0.00
FUZE ÈAJ Š.VOÆE BRUSNICA 0,5L           ;527643    ;FUZE           ;        0.50;L  ;        1.22;        2.44;'5449000239167';PIÆA;        0.00;        0.00
FUZE ÈAJ BRESKVA HIBISKUS 0,5L          ;527674    ;FUZE           ;        0.50;L  ;        1.22;        2.44;'5449000239204';PIÆA;        0.00;        0.00
FUZE ÈAJ Š.VOÆE BRUSNICA 1,5L           ;527772    ;FUZE           ;        1.50;L  ;        1.72;        1.15;'5449000239303';PIÆA;        0.00;        0.00
FUZE ÈAJ LIMUN-LIMUNSKA TRAVA 1,5L      ;527779    ;FUZE           ;        1.50;L  ;        1.72;        1.15;'5449000239266';PIÆA;        0.00;        0.00
VINDI LEDENI ÈAJ ŠUMSKO VOÆE 1,5L       ;537187    ;VINDI          ;        1.50;L  ;        1.62;        1.08;'3850108071856';PIÆA;        0.00;        0.00
FUZE ÈAJ LIMUN-LIMUNSKA TRAVA 0,5L      ;544160    ;FUZE           ;        0.50;L  ;        1.22;        2.44;'5449000239181';PIÆA;        0.00;        0.00
FUZE ÈAJ BRESKVA HIBISKUS 1,5L          ;544161    ;FUZE           ;        1.50;L  ;        1.72;        1.15;'5449000239280';PIÆA;        0.00;        0.00
XIXO LEDENI ÈAJ BRESKVA 0,25L           ;566019    ;HELL ENERGY ADRIA D.O.O.;        0.25;L  ;        0.69;        2.76;'5999885747085';PIÆA;        0.00;        0.00
FUZE ÈAJ PASSION FRUIT 0,5L             ;571673    ;FUZE           ;        0.50;L  ;        1.22;        2.44;'5449000269461';PIÆA;        0.00;        0.00
FUZETEA BRESKVA I RUŽA BŠ 0,5L          ;582440    ;FUZE           ;        0.50;L  ;        1.22;        2.44;'5449000270139';PIÆA;        0.00;        0.00
FUZETEA BRESKVA I RUŽA BŠ 1,5L          ;582441    ;FUZE           ;        1.50;L  ;        1.72;        1.15;'5449000270146';PIÆA;        0.00;        0.00
JANA LEDENI ÈAJ MALINA HIBISKUS 1,5L    ;604569    ;JANA           ;        1.50;L  ;        1.69;        1.13;'3858890876321';PIÆA;        0.00;        0.00
LEDENI ÈAJ BRESKVA JUICY 1,5L           ;606603    ;JUICY          ;        1.50;L  ;        1.79;        1.19;'3858890977905';PIÆA;        0.00;        0.00
LEDENI ÈAJ ŠUMSKO VOÆE JUICY 1,5L       ;606604    ;JUICY          ;        1.50;L  ;        1.79;        1.19;'3858890977967';PIÆA;        0.00;        0.00
LEDENI ÈAJ LIMUN JUICY 1,5L             ;606620    ;JUICY          ;        1.50;L  ;        1.79;        1.19;'3858890978308';PIÆA;        0.00;        0.00
LEDENI ÈAJ BRESKVA JUICY 0,5L           ;606621    ;JUICY          ;        0.50;L  ;        1.14;        2.28;'3858890977875';PIÆA;        0.00;        0.00
LEDENI ÈAJ ŠUMSKO VOÆE JUICY 0,5L       ;606622    ;JUICY          ;        0.50;L  ;        1.11;        2.22;'3858890977936';PIÆA;        0.00;        0.00
LEDENI ÈAJ LIMUN JUICY 0,5L             ;606623    ;JUICY          ;        0.50;L  ;        1.11;        2.22;'3858890978278';PIÆA;        0.00;        0.00
YIPPY ÈAJ BRESKVA  0,33L                ;606790    ;ATLANTIC TRADE d.o.o.;        0.33;L  ;        1.38;        4.18;'9008700200998';PIÆA;        0.00;        0.00
YIPPY ÈAJ ŠUMSKO VOÆE 0,33L             ;606791    ;ATLANTIC TRADE d.o.o.;        0.33;L  ;        1.38;        4.18;'9008700201032';PIÆA;        0.00;        0.00
STUDENA LEDENI ÈAJ BRESKVA 0,5L         ;616923    ;STUDENAC D.O.O.;        0.50;L  ;        1.06;        2.12;'3856022302045';PIÆA;        0.00;        0.00
STUDENA LEDENI ÈAJ BRUSNICA 0,5L        ;617082    ;STUDENAC D.O.O.;        0.50;L  ;        1.06;        2.12;'3856022302106';PIÆA;        0.00;        0.00
STUDENA LEDENI ÈAJ BRESKVA 1,5L         ;617219    ;STUDENAC D.O.O.;        1.50;L  ;        0.00;        0.93;'3856022302014';PIÆA;        1.29;        1.39
STUDENA LEDENI ÈAJ LIMUN 1,5L           ;617238    ;STUDENAC D.O.O.;        1.50;L  ;        0.00;        0.93;'3856022302137';PIÆA;        1.29;        1.39
LEDENI ÈAJ BRESKVA FROOTY 1,5L          ;618459    ;FROOTY         ;        0.00;   ;        1.29;        0.00;'3859892735272';PIÆA;        0.00;        0.00
LEDENI ÈAJ BRUSNICA FROOTY 1,5L         ;618460    ;FROOTY         ;        1.50;L  ;        1.29;        0.86;'3859892735289';PIÆA;        0.00;        0.00
STUDENA LEDENI ÈAJ BRUSNICA 1.5L        ;629502    ;STUDENAC D.O.O.;        1.50;L  ;        0.00;        0.93;'3856022302076';PIÆA;        1.29;        1.39
JANA LEDENI ÈAJ LIMUN 0,5L              ;643291    ;JANA           ;        0.50;L  ;        1.19;        2.38;'3856028500254';PIÆA;        0.00;        0.00
VIGO LEDENI ÈAJ 0,2L BRESKVA            ;645857    ;ZODA D.O.O.;        0.20;L  ;        0.40;        2.00;'8606108619223';PIÆA;        0.00;        0.00
JANA LEDENI ÈAJ LIMUN 1,5L              ;650185    ;JANA           ;        1.50;L  ;        1.69;        1.13;'3856028500223';PIÆA;        0.00;        0.00
JUICY LEDENI ÈAJ BRESKVA LIM 0,33L      ;650365    ;JUICY          ;        0.33;L  ;        1.15;        3.48;'3858890978520';PIÆA;        0.00;        0.00
JUICY LEDENI ÈAJ ŠUMSKO VOÆE LIM 0,33L  ;650366    ;JUICY          ;        0.33;L  ;        1.15;        3.48;'3858890978551';PIÆA;        0.00;        0.00
XIXO TEA RASPBERRY AND BLUEBERRY 0,25L  ;654313    ;HELL ENERGY ADRIA D.O.O.;        0.25;L  ;        0.69;        2.76;'5999860497547';PIÆA;        0.00;        0.00
JUICY LEDENI ÈAJ JAGODA VANILIJA 1,5L   ;655580    ;JUICY          ;        1.50;L  ;        1.79;        1.19;'3858890971354';PIÆA;        0.00;        0.00
LOL BUBBLE TEA PASSION FRUIT 0,275L     ;655966    ;SLI-MET D.O.O.;        0.27;L  ;        2.99;       11.07;'5060397352002';PIÆA;        0.00;        0.00
LOL BUBBLE TEA PEACH 0,275L             ;655967    ;SLI-MET D.O.O.;        0.28;L  ;        2.99;       10.87;'5060397351760';PIÆA;        0.00;        0.00
JANA LEDENI ÈAJ BRESKVA ZERO 1,5L       ;656078    ;JANA           ;        1.50;L  ;        1.69;        1.13;'3856028506324';PIÆA;        0.00;        0.00
XIXO CLASSIC LEMONADE 0,25L             ;656092    ;HELL ENERGY ADRIA D.O.O.;        0.25;L  ;        0.69;        2.76;'5999571055227';PIÆA;        0.00;        0.00
VINDI LEDENI ÈAJ BRESKVA 0,33L          ;656198    ;VINDIJA D.O.O.;        0.33;L  ;        0.79;        2.39;'3850108072297';PIÆA;        0.00;        0.00
VINDI LEDENI ÈAJ MANGO 0,33L            ;656199    ;VINDIJA D.O.O.;        0.33;L  ;        0.79;        2.39;'3850108072303';PIÆA;        0.00;        0.00
JUICY LEDENI ÈAJ JAGODA VANILIJA 0,5L   ;656709    ;AWTINTERNATIONAL D.O.O. ZAGREB;        0.50;L  ;        1.14;        2.28;'3858890971330';PIÆA;        0.00;        0.00
LOL BUBBLE TEA PAPAYA 0,275mL           ;657729    ;SLI-MET D.O.O.;        0.28;L  ;        2.99;       10.87;'5060397351999';PIÆA;        0.00;        0.00
PRAGERS KOMBUCHA ORIGINAL 0,33L         ;657896    ;PRAGERS        ;        0.33;L  ;        2.99;        9.06;'8595231216440';PIÆA;        0.00;        0.00
PRAGERS KOMBUCHA MATCHA 0,33L           ;657900    ;PRAGERS        ;        0.33;L  ;        2.99;        9.06;'8595231218543';PIÆA;        0.00;        0.00
BUBBLE TEA MANGO 240g                   ;664028    ;DUPIN d.o.o. ZAGREB;        0.24;kg ;        6.49;       27.04;'4711256281735';PIÆA;        0.00;        0.00
BUBBLE TEA JAGODA 240g                  ;664030    ;DUPIN d.o.o. ZAGREB;        0.24;kg ;        6.49;       27.04;'4711256281742';PIÆA;        0.00;        0.00
JANA 1.5L LIMUN-LIMETA                  ;04377     ;JANA           ;        1.50;L  ;        1.59;        1.06;'3858884600819';PIÆA;        0.00;        0.00
JANA 0.5L LIMUN-LIMETA                  ;124154    ;JANA           ;        0.50;L  ;        1.05;        2.10;'3858884600932';PIÆA;        0.00;        0.00
JANA 0.5L JAGODA-GUAVA                  ;124155    ;JANA           ;        0.50;L  ;        1.05;        2.10;'3858884600956';PIÆA;        0.00;        0.00
JANA 1.5L JAGODA GUAVA                  ;139147    ;JANA           ;        1.50;L  ;        1.59;        1.06;'3858884600871';PIÆA;        0.00;        0.00
JAMNICA SENSATION LIMETA-KIWANO 1,5L    ;260020    ;JAMNICA PLUS D.O.O.;        1.50;L  ;        1.69;        1.13;'3858884602349';PIÆA;        0.00;        0.00
ROMERQUELLE LIMUNSKA TRAVA 0,5L         ;533101    ;COCA COLA HBC HRVATSKA D.O.O.;        0.50;L  ;        1.13;        2.26;'9031100003807';PIÆA;        0.00;        0.00
JAMNICA SENSATION BAZGA LIMUN 1,5L      ;533126    ;JAMNICA PLUS D.O.O.;        1.50;L  ;        1.69;        1.13;'3858890873443';PIÆA;        0.00;        0.00
RADENSKA LIMUN 1,5L                     ;556337    ;RADENSKA       ;        1.50;L  ;        1.36;        0.91;'3830065020128';PIÆA;        0.00;        0.00
RADENSKA LIMUN 0,5L                     ;556341    ;RADENSKA       ;        0.50;L  ;        0.83;        1.66;'3830065020104';PIÆA;        0.00;        0.00
STUDENA LIMUN 1,5L                      ;560011    ;STUDENAC D.O.O.;        1.50;L  ;        1.16;        0.77;'3856022300003';PIÆA;        0.00;        0.00
SOK SURPRISE SPRING WATER 0,3L          ;566611    ;VALENTIÆ d.o.o;        0.30;L  ;        1.39;        4.63;'8594023925607';PIÆA;        0.00;        0.00
RADENSKA LIMUNSKA TRAVA 1,5L            ;574509    ;RADENSKA       ;        1.50;L  ;        1.36;        0.91;'3830065021033';PIÆA;        0.00;        0.00
RADENSKA LIMUNSKA TRAVA 0,5L            ;574512    ;RADENSKA       ;        0.50;L  ;        0.83;        1.66;'3830065021019';PIÆA;        0.00;        0.00
PIPI MANDARINA LUBENICA 0,33L           ;633320    ;PIPI           ;        0.33;L  ;        1.09;        3.30;'3859893637087';PIÆA;        0.00;        0.00
ZALA LIMUN ÐUMBIR 0,5L**                ;645621    ;AWTINTERNATIONAL D.O.O. ZAGREB;        0.50;L  ;        0.99;        1.98;'3830084190550';PIÆA;        0.00;        0.00
RADENSKA MANGO LIMETA 0,5L              ;650324    ;RADENSKA       ;        0.50;L  ;        0.83;        1.66;'3830065021576';PIÆA;        0.00;        0.00
RADENSKA MANGO LIMETA 1,5L              ;650325    ;RADENSKA       ;        1.50;L  ;        1.36;        0.91;'3830065021590';PIÆA;        0.00;        0.00
JAMNICA SENSATION LIMETA-KIWANO 0,5L PET;657468    ;JAMNICA PLUS D.O.O.;        0.50;L  ;        1.05;        2.10;'3875000184336';PIÆA;        0.00;        0.00
JAMNICA SENSATION BAZGA LIMUN 0,5L PET  ;657471    ;JAMNICA PLUS D.O.O.;        0.50;L  ;        1.05;        2.10;'3875000184398';PIÆA;        0.00;        0.00
STUDENA LIMUN O.5L                      ;83444     ;STUDENAC D.O.O.;        0.50;L  ;        0.96;        1.92;'3856022300034';PIÆA;        0.00;        0.00
STUDENA+ LED.ÈAJ LIM. I LIM TRAVA 0,25  ;626952    ;STUDENAC D.O.O.;        0.25;L  ;        0.60;        2.40;'3856022302281';PIÆA;        0.00;        0.00
STUDENA LÈ BRESKVA 0,25L                ;627103    ;STUDENAC D.O.O.;        0.25;L  ;        0.60;        2.40;'3856022302311';PIÆA;        0.00;        0.00
STUDENA LEDENI ÈAJ BRUSNICA 0,25L       ;627849    ;STUDENAC D.O.O.;        0.25;L  ;        0.60;        2.40;'3856022302373';PIÆA;        0.00;        0.00
JAMNICA SENSATION LIM-KIW 0,25 POV      ;264327    ;JAMNICA PLUS D.O.O.;        0.25;L  ;        0.74;        2.96;'3858884602387';PIÆA;        0.00;        0.00
ROMERQUELLE EMOT.LEMONGRASS 0,33 POV    ;399004    ;ROMERQUELLE    ;        0.33;L  ;        0.74;        2.24;'90399831';PIÆA;        0.00;        0.00
VITAMIN WELL ANTIOXIDANT 0,5L           ;372666    ;ATLANTIC TRADE d.o.o.;        0.50;L  ;        2.09;        4.18;'7350042716067';PIÆA;        0.00;        0.00
JANA VITAMIN IMMUNO LIMUN 0,5           ;511293    ;JANA           ;        0.50;L  ;        1.19;        2.38;'3858890871975';PIÆA;        0.00;        0.00
JANA VITAMIN IMMUNO LIMUN 1,5L          ;533122    ;JANA           ;        1.50;L  ;        0.00;        1.06;'3858890873085';PIÆA;        1.49;        1.59
JANA VITAMIN NARANÈA HAPPY 1,5L         ;556350    ;JANA           ;        1.50;L  ;        0.00;        1.06;'3858890874044';PIÆA;        1.49;        1.59
JANA VITAMIN NARANÈA HAPPY 0,5L         ;556351    ;JANA           ;        0.50;L  ;        1.19;        2.38;'3858890874013';PIÆA;        0.00;        0.00
JANA VITAMIN REFRESH MENTA 1,5L         ;575247    ;JANA           ;        1.50;L  ;        0.00;        1.06;'3858890874686';PIÆA;        1.49;        1.59
JANA VITAMIN REFRESH MENTA 0,5L/6       ;577099    ;JANA           ;        0.50;L  ;        1.19;        2.38;'3858890874570';PIÆA;        0.00;        0.00
CEDEVITA FRESH LIMUN 340mL              ;584224    ;CEDEVITA       ;        0.34;L  ;        1.19;        3.50;'3850322013380';PIÆA;        0.00;        0.00
CEDEVITA FRESH LIMETA 340mL             ;584225    ;CEDEVITA       ;        0.34;L  ;        1.19;        3.50;'3850322013403';PIÆA;        0.00;        0.00
CEDEVITA FRESH BAZGA LIMUN 340mL        ;584226    ;CEDEVITA       ;        0.34;L  ;        1.19;        3.50;'3850322013427';PIÆA;        0.00;        0.00
CEDEVITA FRESH NARANÈA 340mL            ;584227    ;CEDEVITA       ;        0.34;L  ;        1.19;        3.50;'3850322013366';PIÆA;        0.00;        0.00
FRUCTAL FIRST PIÆE KRUŠKA 0,5L          ;593081    ;FRUCTAL        ;        0.50;L  ;        1.09;        2.18;'3838945035293';PIÆA;        0.00;        0.00
FRUCTAL FIRST LIMETA MENTA 0,5L         ;593082    ;ALCA ZAGREB D.O.O.;        0.50;L  ;        1.09;        2.18;'3838945035309';PIÆA;        0.00;        0.00
FRUCTAL FIRST NARANÈA ÐUMBIR 0,5L       ;593083    ;ALCA ZAGREB D.O.O.;        0.50;L  ;        1.09;        2.18;'3838945035316';PIÆA;        0.00;        0.00
JANA VITAMIN ANTIOX CRNI RIBIZ 0,5L     ;595293    ;JANA           ;        0.50;L  ;        1.19;        2.38;'3858890875638';PIÆA;        0.00;        0.00
JANA VITAMIN ANTIOX CRNI RIBIZ 1,5L     ;595294    ;JANA           ;        1.50;L  ;        0.00;        1.06;'3858890875607';PIÆA;        1.49;        1.59
VITAMIN WELL CELEBRATE 500mL            ;612213    ;ATLANTIC TRADE d.o.o.;        0.00;   ;        2.09;        0.00;'7350042718290';PIÆA;        0.00;        0.00
JUICY VITAMIN WATER IMMUNO BOOST 0,5L   ;615909    ;AWTINTERNATIONAL D.O.O. ZAGREB;        0.50;L  ;        1.11;        2.22;'3858890972214';PIÆA;        0.00;        0.00
JUICY VITAMIN WATER REFRESH 0,5L        ;615910    ;AWTINTERNATIONAL D.O.O. ZAGREB;        0.50;L  ;        1.11;        2.22;'3858890972245';PIÆA;        0.00;        0.00
CEDEVITA VIT.VODA LIMUN-ANANAS 0,5L     ;627158    ;CEDEVITA       ;        0.50;L  ;        0.85;        1.70;'3850322016183';PIÆA;        0.00;        0.00
CEDEVITA VIT.VODA NARANÈA-PAPAYA 0,5L   ;627159    ;CEDEVITA       ;        0.50;L  ;        0.85;        1.70;'3850322016220';PIÆA;        0.00;        0.00
CEDEVITA VIT.VODA LIMUN-NAR 0,5L        ;627160    ;CEDEVITA       ;        0.50;L  ;        0.85;        1.70;'3850322016206';PIÆA;        0.00;        0.00
JUICY VITAMIN WATER OPTIMIST 0,5L       ;628387    ;AWTINTERNATIONAL D.O.O. ZAGREB;        0.50;L  ;        1.11;        2.22;'3858890974089';PIÆA;        0.00;        0.00
RADENSKA FUNCTIONALL IMMUNITY 0,5L      ;628466    ;RADENSKA       ;        0.50;L  ;        1.09;        2.18;'3830065023075';PIÆA;        0.00;        0.00
RADENSKA FUNCTIONALL ANTISTRESS 0,5L    ;628467    ;RADENSKA       ;        0.50;L  ;        1.09;        2.18;'3830065023051';PIÆA;        0.00;        0.00
JANA VITAMIN COLLAGEN MALINA&JABUKA 0,5L;633317    ;JANA           ;        0.50;L  ;        1.19;        2.38;'3858890879940';PIÆA;        0.00;        0.00
JUICY VITAMIN WATER IMMUNO BOOST 1,5L   ;634372    ;AWTINTERNATIONAL D.O.O. ZAGREB;        1.50;L  ;        1.69;        1.13;'3858890974706';PIÆA;        0.00;        0.00
JUICY VITAMIN WATER OPTIMIST 1,5L       ;634373    ;AWTINTERNATIONAL D.O.O. ZAGREB;        1.50;L  ;        1.69;        1.13;'3858890974119';PIÆA;        0.00;        0.00
CEDEVITA FRESH ANANAS MANGO 340mL       ;643353    ;CEDEVITA       ;        0.34;L  ;        1.19;        3.50;'3850322016565';PIÆA;        0.00;        0.00
CEDEVITA VIT.VODA LIMETA-LIM.TRAVA 0,5L ;643733    ;CEDEVITA       ;        0.50;L  ;        0.85;        1.70;'3850322016848';PIÆA;        0.00;        0.00
CEDEVITA VIT.VODA LIMUN-KUPINA 0,5L     ;643734    ;CEDEVITA       ;        0.50;L  ;        0.85;        1.70;'3850322016862';PIÆA;        0.00;        0.00
DONATURAL ALOE VERA 0,5L                ;653752    ;ATLANTIC TRADE d.o.o.;        0.50;L  ;        1.69;        3.38;'3838471056298';PIÆA;        0.00;        0.00
DONATURAL LIMUNSKA TRAVA 0,5L           ;653753    ;ATLANTIC TRADE d.o.o.;        0.50;L  ;        1.69;        3.38;'3838471056335';PIÆA;        0.00;        0.00
CEDEVITA VIT.VODA LIMUN-NAR 1,5L        ;654292    ;CEDEVITA       ;        1.50;L  ;        1.19;        0.79;'3850322017036';PIÆA;        0.00;        0.00
CEDEVITA VIT.VODA LIMUN-ANANAS 1,5L     ;654293    ;CEDEVITA       ;        1.50;L  ;        1.19;        0.79;'3850322017050';PIÆA;        0.00;        0.00
JANA 1.5L IZVORSKA VODA                 ;105959    ;JANA           ;        1.50;L  ;        0.95;        0.63;'3858884600055';PIÆA;        0.00;        0.00
JANA 0,5L IZVORSKA VODA                 ;106125    ;JANA           ;        0.50;L  ;        0.85;        1.70;'3858884600062';PIÆA;        0.00;        0.00
JANA 1L                                 ;150553    ;JANA           ;        1.00;L  ;        0.89;        0.89;'3858884600987';PIÆA;        0.00;        0.00
JANA 0,75 STAKLO                        ;198644    ;JANA           ;        0.75;L  ;        1.25;        1.67;'3858884601373';PIÆA;        0.00;        0.00
STUDENA 0,25 PET SPORT ÈEP              ;247179    ;STUDENAC D.O.O.;        0.25;L  ;        0.61;        2.44;'3856022300331';PIÆA;        0.00;        0.00
RADENSKA NATURELLE 1,5L                 ;252641    ;STUDENAC D.O.O.;        1.50;L  ;        0.99;        0.66;'3830000624565';PIÆA;        0.00;        0.00
CETINA 0,75                             ;444148    ;CETINA         ;        0.75;L  ;        0.70;        0.93;'3859890129370';PIÆA;        0.00;        0.00
ROMERQUELLE 0,5L                        ;533100    ;ROMERQUELLE    ;        0.50;L  ;        0.86;        1.72;'90311208';PIÆA;        0.00;        0.00
STUDENA 1,5L IZVORSKA VODA              ;537651    ;STUDENAC D.O.O.;        1.50;L  ;        0.89;        0.59;'3856022300157';PIÆA;        0.00;        0.00
STUDENA 0,5L                            ;539282    ;STUDENAC D.O.O.;        0.50;L  ;        0.71;        1.42;'3856022300188';PIÆA;        0.00;        0.00
STUDENA 0,5L SÈ                         ;541201    ;STUDENAC D.O.O.;        0.50;L  ;        0.73;        1.46;'3856022300300';PIÆA;        0.00;        0.00
ROMERQUELLE 1,5L                        ;548152    ;ROMERQUELLE    ;        1.50;L  ;        0.95;        0.63;'9031100004187';PIÆA;        0.00;        0.00
CETINA 1,5L NEGAZIRANA                  ;571280    ;CETINA         ;        1.50;L  ;        0.83;        0.55;'3859890129004';PIÆA;        0.00;        0.00
SARA 1,5L PVC                           ;587812    ;SARA           ;        1.50;L  ;        0.76;        0.51;'3875000181779';PIÆA;        0.00;        0.00
STUDENA 1,5L 4+2 GRATIS                 ;589063    ;STUDENAC D.O.O.;        9.00;L  ;        3.49;        0.39;'3856022301802';PIÆA;        0.00;        0.00
JANA 4X1,5L                             ;598271    ;JANA           ;        6.00;L  ;        3.29;        0.55;'3858890876062';PIÆA;        0.00;        0.00
JANA KIDS 0,33L                         ;611416    ;JANA           ;        0.33;L  ;        0.75;        2.27;'3858890876970';PIÆA;        0.00;        0.00
CETINA 1L                               ;612985    ;CETINA         ;        1.00;L  ;        0.76;        0.76;'3859890129875';PIÆA;        0.00;        0.00
JANA 0,75L SŠ                           ;632872    ;JANA           ;        0.75;L  ;        0.95;        1.27;'3858890879353';PIÆA;        0.00;        0.00
CETINA 7L                               ;643289    ;CETINA         ;        7.00;L  ;        1.69;        0.24;'3859890129974';PIÆA;        0.00;        0.00
SARA RIVA 6L                            ;643294    ;SARA           ;        6.00;L  ;        1.65;        0.28;'3856028501992';PIÆA;        0.00;        0.00
ZALA STILL WATER 1,5L                   ;645620    ;AWTINTERNATIONAL D.O.O. ZAGREB;        1.50;L  ;        0.79;        0.53;'3830084190673';PIÆA;        0.00;        0.00
ZALA STILL WATER 0,5L                   ;645622    ;AWTINTERNATIONAL D.O.O. ZAGREB;        0.50;L  ;        0.69;        1.38;'3830084190611';PIÆA;        0.00;        0.00
CETINA 15L                              ;650188    ;CETINA         ;       15.00;L  ;        4.99;        0.33;'3859890129981';PIÆA;        0.00;        0.00
STUDENA 0,75L RÈ                        ;656308    ;STUDENAC D.O.O.;        0.75;L  ;        0.83;        1.11;'3856022303134';PIÆA;        0.00;        0.00
ZALA 1,5L 4+2 GRATIS**                  ;657652    ;AWTINTERNATIONAL D.O.O. ZAGREB;        9.00;L  ;        3.16;        0.35;'3830084191571';PIÆA;        0.00;        0.00
ZALA STILL 1L                           ;663267    ;AWTINTERNATIONAL D.O.O. ZAGREB;        1.00;L  ;        0.75;        0.75;'3830084190642';PIÆA;        0.00;        0.00
DONAT PVC 1/2                           ;11732     ;ATLANTIC TRADE d.o.o.;        0.50;L  ;        1.39;        2.78;'3838600253345';PIÆA;        0.00;        0.00
DONAT PVC 1/1                           ;62817     ;ATLANTIC TRADE d.o.o.;        1.00;L  ;        2.19;        2.19;'3838600024945';PIÆA;        0.00;        0.00
MIVELA 0,5L BLAGO GAZIRANA              ;650373    ;MIVELA         ;        0.50;L  ;        1.29;        2.58;'8600599002847';PIÆA;        0.00;        0.00
DONATURAL MENTA 0,5L                    ;653745    ;ATLANTIC TRADE d.o.o.;        0.50;L  ;        1.69;        3.38;'3838471056250';PIÆA;        0.00;        0.00
MIVELA GAZIRANA 1L                      ;655496    ;MIVELA         ;        1.00;L  ;        1.69;        1.69;'8600599002878';PIÆA;        0.00;        0.00
MIVELA BLAGO GAZIRANA 1L                ;655497    ;MIVELA MILD    ;        1.00;L  ;        1.69;        1.69;'8600599002908';PIÆA;        0.00;        0.00
COCA COLA 0.25L                         ;01662     ;COCA COLA HBC HRVATSKA D.O.O.;        0.25;L  ;        1.01;        4.04;'54490086';PIÆA;        0.00;        0.00
SCHWEPPES BITTER LEMON 0,25             ;03310     ;COCA COLA HBC HRVATSKA D.O.O.;        0.25;L  ;        1.16;        4.64;'40822549';PIÆA;        0.00;        0.00
SCHWEPPES TANGERINE 0,25L               ;03311     ;COCA COLA HBC HRVATSKA D.O.O.;        0.25;L  ;        1.16;        4.64;'50112227';PIÆA;        0.00;        0.00
COCA-COLA ZERO 0,25L                    ;214164    ;COCA COLA HBC HRVATSKA D.O.O.;        0.25;L  ;        1.01;        4.04;'90357985';PIÆA;        0.00;        0.00
SCHWEPPES TONIC WATER 0.25              ;56998     ;COCA COLA HBC HRVATSKA D.O.O.;        0.25;L  ;        1.16;        4.64;'40822341';PIÆA;        0.00;        0.00
FANTA 0,25L                             ;641514    ;COCA COLA HBC HRVATSKA D.O.O.;        0.25;L  ;        1.04;        4.16;'54023840';PIÆA;        0.00;        0.00
SPRITE FENIX 0,25L                      ;650386    ;COCA COLA HBC HRVATSKA D.O.O.;        0.25;L  ;        1.01;        4.04;'54031807';PIÆA;        0.00;        0.00
KRUŠÈIÆ CRNI 400g KLARA                 ;435363    ;ZAGREBAÈKE PEKARNE KLARA D.D.;        0.40;kg ;        1.20;        3.00;'';HRANA;        0.00;        0.00
KRUH POLUBIJELI 700g MLINÈEK            ;529394    ;MLINÈEK J.D.O.O.;        0.70;kg ;        1.05;        1.50;'';HRANA;        0.00;        0.00
KRUH HELJDIN MIJEŠANI 400g KAJZERICA    ;562769    ;KAJZERICA D.O.O.;        0.40;kg ;        1.95;        4.88;'';HRANA;        0.00;        0.00
KRUH BIJELI PLUS 450g KAJZERICA         ;562773    ;KAJZERICA D.O.O.;        0.45;kg ;        1.31;        2.91;'';HRANA;        0.00;        0.00
KRUH KUKURUZNI IVANEÈKI 1kg KAJZERICA   ;562778    ;KAJZERICA D.O.O.;        1.00;kg ;        1.95;        1.95;'';HRANA;        0.00;        0.00
KRUH KUKURUZNI DOMAÆI 500g KAJZERICA    ;562779    ;KAJZERICA D.O.O.;        0.50;kg ;        1.95;        3.90;'';HRANA;        0.00;        0.00
KRUH IVANEÈKA POGAÈA 650g KAJZERICA     ;562826    ;KAJZERICA D.O.O.;        0.65;kg ;        1.69;        2.60;'';HRANA;        0.00;        0.00
KRUH BEZ KVASCA SEZAM 400g EKOS         ;581358    ;EKOS CAKES D.O.O.;        0.40;kg ;        1.62;        4.05;'3858889614354';HRANA;        0.00;        0.00
KRUH PLANINSKI BIJELI 400g ZLATO POLJE  ;610882    ;PODRAVKA d.d. KOPRIVNICA;        0.40;kg ;        1.39;        3.48;'3838700327472';HRANA;        0.00;        0.00
KRUH PLANINSKI KUKURUZNI 500g ZLATO POLJ;624725    ;PODRAVKA d.d. KOPRIVNICA;        0.50;kg ;        1.29;        2.58;'3838700359824';HRANA;        0.00;        0.00
ZLATNI KRUŠÈIÆ 500g KLARA               ;627104    ;ZAGREBAÈKE PEKARNE KLARA D.D.;        0.50;kg ;        1.95;        3.90;'3856016906747';HRANA;        0.00;        0.00
KRUH BESKVASNI 400g ŽITO                ;627188    ;PODRAVKA d.d. KOPRIVNICA;        0.40;kg ;        1.49;        3.73;'3838700359831';HRANA;        0.00;        0.00
KRUH PLANINSKI RUSTIK 500g ZLATO POLJE  ;641885    ;PODRAVKA d.d. KOPRIVNICA;        0.50;kg ;        1.49;        2.98;'3838700343793';HRANA;        0.00;        0.00
KRUH STOGODIŠNJI 500g ZLATO POLJE       ;656853    ;ZLATO POLJE    ;        0.50;kg ;        1.79;        3.58;'3838700404524';HRANA;        0.00;        0.00
BUREK SA SIROM 150g KLARA               ;390342    ;ZAGREBAÈKE PEKARNE KLARA D.D.;        0.15;kg ;        1.39;        9.27;'';HRANA;        0.00;        0.00
KAJZERICA 60g KLARA                     ;427143    ;ZAGREBAÈKE PEKARNE KLARA D.D.;        0.06;kg ;        0.13;        2.17;'';HRANA;        0.00;        0.00
CROISSANT MARELICA 75g KLARA            ;561743    ;ZAGREBAÈKE PEKARNE KLARA D.D.;        0.08;kg ;        0.93;       12.40;'3856016903135';HRANA;        0.00;        0.00
CROISSANT ÈOKO-LJEŠNJAK 80g KLARA       ;561747    ;ZAGREBAÈKE PEKARNE KLARA D.D.;        0.08;kg ;        0.99;       13.20;'';HRANA;        0.00;        0.00
DONUT SA ŠARENIM POSIPOM 56g KLARA      ;562673    ;ZAGREBAÈKE PEKARNE KLARA D.D.;        0.06;kg ;        0.74;       13.21;'';HRANA;        0.00;        0.00
DONUT S OKUSOM JAGODE 56g KLARA         ;562674    ;ZAGREBAÈKE PEKARNE KLARA D.D.;        0.06;kg ;        0.74;       13.21;'';HRANA;        0.00;        0.00
DONUT S OKUSOM ÈOKOLADE 56g KLARA       ;562675    ;ZAGREBAÈKE PEKARNE KLARA D.D.;        0.06;kg ;        0.74;       13.21;'';HRANA;        0.00;        0.00
PECIVO PLETENICA 150g KAJZERICA         ;562781    ;KAJZERICA D.O.O.;        0.15;kg ;        0.93;        6.20;'';HRANA;        0.00;        0.00
PECIVO RUŽA SEZAM 100g KAJZERICA        ;562783    ;KAJZERICA D.O.O.;        0.10;kg ;        0.80;        8.00;'';HRANA;        0.00;        0.00
PECIVO KLIPIÆ PUNIÈIN 70g KAJZERICA     ;562817    ;KAJZERICA D.O.O.;        0.07;kg ;        0.50;        7.14;'';HRANA;        0.00;        0.00
PECIVO LIZIKA 180g KAJZERICA            ;562824    ;KAJZERICA D.O.O.;        0.18;kg ;        0.90;        5.00;'';HRANA;        0.00;        0.00
KUKURUZNI MIJEŠANI KLIPIÆ 85g KLARA     ;576601    ;ZAGREBAÈKE PEKARNE KLARA D.D.;        0.09;kg ;        0.62;        7.29;'';HRANA;        0.00;        0.00
SLANI KLIPIÆ 70g KLARA                  ;576603    ;ZAGREBAÈKE PEKARNE KLARA D.D.;        0.07;kg ;        0.65;        9.29;'';HRANA;        0.00;        0.00
KRAFNA S MARMELADOM 68g KLARA           ;576894    ;ZAGREBAÈKE PEKARNE KLARA D.D.;        0.07;kg ;        0.65;        9.56;'3858881324824';HRANA;        0.00;        0.00
CROISSANT S MASLACEM 54g KLARA          ;579001    ;ZAGREBAÈKE PEKARNE KLARA D.D.;        0.05;kg ;        0.74;       13.70;'3856016905702';HRANA;        0.00;        0.00
SIRNICA DOMAÆA 170g KLARA               ;595066    ;ZAGREBAÈKE PEKARNE KLARA D.D.;        0.17;kg ;        0.00;        6.41;'3856016905986';HRANA;        1.49;        1.09
PLETENICA MAK 100g KLARA                ;641873    ;ZAGREBAÈKE PEKARNE KLARA D.D.;        0.10;kg ;        0.44;        4.40;'3856016906877';HRANA;        0.00;        0.00
PLETENICA SEZAM 100g KLARA              ;641874    ;ZAGREBAÈKE PEKARNE KLARA D.D.;        0.10;kg ;        0.44;        4.40;'3856016906884';HRANA;        0.00;        0.00
PECIVO GRAHAM 75g KLARA                 ;641875    ;ZAGREBAÈKE PEKARNE KLARA D.D.;        0.08;kg ;        0.24;        3.20;'3856016906921';HRANA;        0.00;        0.00
LEPINJA 100g KLARA                      ;643753    ;ZAGREBAÈKE PEKARNE KLARA D.D.;        0.10;kg ;        0.44;        4.40;'3856016906983';HRANA;        0.00;        0.00
CROISSANT ŠUNKA-SIR 80g KLARA           ;647518    ;ZAGREBAÈKE PEKARNE KLARA D.D.;        0.08;kg ;        1.05;       13.13;'5413056040862';HRANA;        0.00;        0.00
PECIVO SA SIROM 70g ZLATO POLJE         ;648325    ;PODRAVKA d.d. KOPRIVNICA;        0.07;kg ;        0.59;        8.43;'3838700392715';HRANA;        0.00;        0.00
PROTEINSKO PECIVO 80g ZLATO POLJE       ;655783    ;ZLATO POLJE    ;        0.08;kg ;        0.39;        4.88;'3838700401042';HRANA;        0.00;        0.00
PECIVO S PROKLIJALOM RAŽI 70g PAN PEK   ;655810    ;PAN-PEK D.O.O. ZAGREB;        0.07;kg ;        0.35;        5.00;'';HRANA;        0.00;        0.00
PECIVO RIBARSKO 75g PAN PEK             ;655811    ;PAN-PEK D.O.O. ZAGREB;        0.08;kg ;        0.37;        4.93;'';HRANA;        0.00;        0.00
PIZZA CALZONE 150g KLARA                ;656556    ;ZAGREBAÈKE PEKARNE KLARA D.D.;        0.15;kg ;        0.99;        6.60;'3856016906808';HRANA;        0.00;        0.00
KUKURUZNI JASTUÈIÆ SA SIROM 75g KLARA   ;656557    ;ZAGREBAÈKE PEKARNE KLARA D.D.;        0.08;kg ;        0.63;        8.40;'3856016907508';HRANA;        0.00;        0.00
DONUT LINO LADA 76g ZLATO POLJE         ;662118    ;ZLATO POLJE    ;        0.08;kg ;        0.99;       13.03;'3838700405637';HRANA;        0.00;        0.00
KRPICE 400g RAGUSA                      ;02826     ;RAGUSA         ;        0.40;kg ;        1.56;        3.90;'3859889154079';HRANA;        0.00;        0.00
PUŽIÆI 62 400g RAGUSA                   ;02831     ;RAGUSA         ;        0.40;kg ;        1.56;        3.90;'3859889154031';HRANA;        0.00;        0.00
PUŽIÆI 65 400g RAGUSA                   ;02837     ;RAGUSA         ;        0.40;kg ;        0.00;        2.23;'3859889154055';HRANA;        1.56;        0.89
SPIRALE 400g RAGUSA                     ;02838     ;RAGUSA         ;        0.40;kg ;        0.00;        2.23;'3859889154062';HRANA;        1.56;        0.89
PUŽIÆI 63 400g RAGUSA                   ;03180     ;RAGUSA         ;        0.40;kg ;        1.56;        3.90;'3859889154048';HRANA;        0.00;        0.00
MAKARONI 400g RAGUSA                    ;04214     ;RAGUSA         ;        0.40;kg ;        1.56;        3.90;'3859889154093';HRANA;        0.00;        0.00
ŠKOLJKE 400g RAGUSA                     ;04215     ;RAGUSA         ;        0.40;kg ;        1.56;        3.90;'3859889154109';HRANA;        0.00;        0.00
ŠPAGETI 400g RAGUSA                     ;04216     ;RAGUSA         ;        0.40;kg ;        1.56;        3.90;'3859889154017';HRANA;        0.00;        0.00
TARANA 400g RAGUSA                      ;106982    ;RAGUSA         ;        0.40;kg ;        1.64;        4.10;'3859889154291';HRANA;        0.00;        0.00
ZVJEZDICE 400g RAGUSA                   ;107214    ;RAGUSA         ;        0.40;kg ;        1.64;        4.10;'3859889154284';HRANA;        0.00;        0.00
FIDELINI JUŠNI KRATKI 400g              ;107446    ;RAGUSA         ;        0.40;kg ;        1.64;        4.10;'3859889154598';HRANA;        0.00;        0.00
SLOVA I BROJKE 400g RAGUSA              ;107561    ;RAGUSA         ;        0.40;kg ;        1.64;        4.10;'3859889154581';HRANA;        0.00;        0.00
DOMAÆI ŠIROKI REZANCI 400g RAGUSA       ;12986     ;RAGUSA         ;        0.40;kg ;        2.06;        5.15;'3859889154550';HRANA;        0.00;        0.00
DOMAÆI FIDELINI 400g RAGUSA SITNI       ;12987     ;RAGUSA         ;        0.40;kg ;        2.06;        5.15;'3859889154512';HRANA;        0.00;        0.00
BARILLA TAGLIATELE SA ŠPINATOM 500g     ;148779    ;BARILLA        ;        0.50;kg ;        3.49;        6.98;'8076809523721';HRANA;        0.00;        0.00
DOMAÆI USKI REZANCI EXTRA 400g RAGUSA   ;15848     ;RAGUSA         ;        0.40;kg ;        2.23;        5.58;'3859889154611';HRANA;        0.00;        0.00
DOMAÆI FIDELINI 400g EXTRA              ;15849     ;RAGUSA         ;        0.40;kg ;        2.23;        5.58;'3859889154604';HRANA;        0.00;        0.00
ŠPAGETI 1000g RAGUSA                    ;159835    ;RAGUSA         ;        1.00;kg ;        1.72;        1.72;'3859890765127';HRANA;        0.00;        0.00
ŠIROKI REZANCI 400g VALJANI RAGUSA      ;16398     ;RAGUSA         ;        0.40;kg ;        1.70;        4.25;'3859889154246';HRANA;        0.00;        0.00
BARILLA MINI PIPE RIGATE 500g           ;165917    ;BARILLA        ;        0.50;kg ;        2.65;        5.30;'8076809523523';HRANA;        0.00;        0.00
USKI REZANCI 400g VALJANI RAGUSA        ;16635     ;RAGUSA         ;        0.40;kg ;        1.70;        4.25;'3859889154222';HRANA;        0.00;        0.00
FIDELINI VALJANI 400g RAGUSA            ;18436     ;RAGUSA         ;        0.40;kg ;        1.70;        4.25;'3859889154215';HRANA;        0.00;        0.00
DOMAÆI USKI REZANCI 400g RAGUSA         ;18437     ;RAGUSA         ;        0.40;kg ;        2.06;        5.15;'3859889154543';HRANA;        0.00;        0.00
DOMAÆI ŠIROKI REZANCI EXTRA 400g RAGUSA ;18438     ;RAGUSA         ;        0.40;kg ;        2.23;        5.58;'3859889154628';HRANA;        0.00;        0.00
BUCATINI 400g RAGUSA                    ;185014    ;RAGUSA         ;        0.40;kg ;        1.56;        3.90;'3859890765097';HRANA;        0.00;        0.00
BARILLA PENE RIGATE 73 500g PENETI      ;20360     ;BARILLA        ;        0.50;kg ;        1.99;        3.98;'8076802085738';HRANA;        0.00;        0.00
BARILLA FUSILLI 98 500g SVEDRI          ;20361     ;BARILLA        ;        0.50;kg ;        1.99;        3.98;'8076802085981';HRANA;        0.00;        0.00
BARILLA LAZANJE 198 500g                ;20365     ;BARILLA        ;        0.50;kg ;        4.65;        9.30;'8076800376999';HRANA;        0.00;        0.00
CHIFFERINI RIGATI 400g MARODI           ;254460    ;MARODI         ;        0.40;kg ;        1.91;        4.78;'3859888666054';HRANA;        0.00;        0.00
PIPE RIGATE 400g MARODI                 ;254461    ;MARODI         ;        0.40;kg ;        1.91;        4.78;'3859888666078';HRANA;        0.00;        0.00
REZANCI USKI PREMIUM JAJA I MRKVA 400g  ;254550    ;MARODI         ;        0.40;kg ;        2.69;        6.73;'3859888666214';HRANA;        0.00;        0.00
REZANCI USKI PREMIUM S JAJIMA 400g MAROD;254551    ;MARODI         ;        0.40;kg ;        2.59;        6.48;'3859888666009';HRANA;        0.00;        0.00
REZANCI VALOVITI S JAJIMA 400g MARODI   ;254552    ;MARODI         ;        0.40;kg ;        2.59;        6.48;'3859888666221';HRANA;        0.00;        0.00
REZANCI USKI DOM.S JAJIMA 400g MARODI   ;254553    ;MARODI         ;        0.40;kg ;        0.00;        4.48;'3859888666016';HRANA;        2.39;        1.79
REZANCI ŠIROKI DOM.S JAJIMA 400g MARODI ;254554    ;MARODI         ;        0.40;kg ;        2.59;        6.48;'3859888666023';HRANA;        0.00;        0.00
KAŠICA RIBANA DOM.S JAJIMA 400g MARODI  ;254555    ;MARODI         ;        0.40;kg ;        2.59;        6.48;'3859888666092';HRANA;        0.00;        0.00
KRPICE MALE DOM.S JAJIMA 400g MARODI    ;254556    ;MARODI         ;        0.40;kg ;        2.59;        6.48;'3859888666030';HRANA;        0.00;        0.00
KRPICE VELIKE S JAJIMA 400g MARODI      ;254557    ;MARODI         ;        0.40;kg ;        2.59;        6.48;'3859888666283';HRANA;        0.00;        0.00
CHIFFERI RIGATI 400g MARODI             ;254558    ;MARODI         ;        0.40;kg ;        1.91;        4.78;'3859888666061';HRANA;        0.00;        0.00
FUSILLI 400g MARODI                     ;254559    ;MARODI         ;        0.40;kg ;        1.91;        4.78;'3859888666085';HRANA;        0.00;        0.00
BARILLA PIPE RIGATE 91 500g             ;27159     ;BARILLA        ;        0.50;kg ;        1.99;        3.98;'8076802085912';HRANA;        0.00;        0.00
RIBANA KAŠICA SA JAJIMA I MRKVOM 400g MA;300002    ;MARODI         ;        0.40;kg ;        2.69;        6.73;'3859888666238';HRANA;        0.00;        0.00
MAKARONI/PENNE VITA 400g                ;308870    ;VITA           ;        0.40;kg ;        0.80;        2.00;'3858889321900';HRANA;        0.00;        0.00
PUŽIÆI 400g VITA                        ;318535    ;VITA           ;        0.40;kg ;        0.80;        2.00;'3858889321894';HRANA;        0.00;        0.00
VIJAK/FUSILLI 400g VITA                 ;319372    ;VITA           ;        0.40;kg ;        0.80;        2.00;'3858889321887';HRANA;        0.00;        0.00
ŠPAGETE 400g VITA                       ;333188    ;VITA           ;        0.40;kg ;        0.80;        2.00;'3859891394456';HRANA;        0.00;        0.00
MAFALDINE CORTE 400g MARODI             ;360427    ;MARODI         ;        0.40;kg ;        1.91;        4.78;'3859888666047';HRANA;        0.00;        0.00
REZANAC KRUPNI 400g TJESTENINKA         ;387237    ;TJESTENINKA    ;        0.40;kg ;        1.43;        3.58;'3859888344143';HRANA;        0.00;        0.00
REZANAC SITNI 400g TJESTENINKA          ;387238    ;TJESTENINKA    ;        0.40;kg ;        1.43;        3.58;'3859888344136';HRANA;        0.00;        0.00
REZANAC ÈIPKASTI 400g TJESTENINKA       ;387239    ;TJESTENINKA    ;        0.40;kg ;        1.43;        3.58;'3859888344242';HRANA;        0.00;        0.00
BARILLA SPAGHETTI 500g N5               ;41232     ;BARILLA        ;        0.50;kg ;        1.09;        2.18;'8076800195057';HRANA;        0.00;        0.00
FUŽI VALJ.JAJ.TJESTENINA 400g MARODI    ;421955    ;MARODI         ;        0.40;kg ;        0.00;        4.98;'3859888666405';HRANA;        2.99;        1.99
PENNE RIGATE 400g MARODI                ;421956    ;MARODI         ;        0.40;kg ;        1.91;        4.78;'3859888666382';HRANA;        0.00;        0.00
SPAGHETTI 400g MARODI                   ;421957    ;MARODI         ;        0.40;kg ;        1.91;        4.78;'3859888666399';HRANA;        0.00;        0.00
LAZANJE 400g RAGUSA                     ;42660     ;RAGUSA         ;        0.40;kg ;        1.96;        4.90;'3859889154727';HRANA;        0.00;        0.00
JUŠNE OKRUGLICE 200g LEIMER B.          ;430453    ;LEIMER         ;        0.20;kg ;        1.95;        9.75;'4000186032778';HRANA;        0.00;        0.00
PUŽIÆI VELIKI 400g RAGUSA               ;536725    ;RAGUSA         ;        0.40;kg ;        1.56;        3.90;'3858889323195';HRANA;        0.00;        0.00
ŠUBIOTI VELIKI 400g RAGUSA              ;536726    ;RAGUSA         ;        0.40;kg ;        1.56;        3.90;'3858889323201';HRANA;        0.00;        0.00
RIBANA KAŠICA JAJÈANA 500g ZLATOPOLJE   ;553401    ;ZLATO POLJE    ;        0.50;kg ;        2.69;        5.38;'3838700016567';HRANA;        0.00;        0.00
FIDELINI 250g ZLATOPOLJE                ;553926    ;ZLATO POLJE    ;        0.25;kg ;        1.99;        7.96;'3838700011432';HRANA;        0.00;        0.00
MAKARON TJESTENINKA 1kg                 ;572653    ;TJESTENINKA    ;        1.00;kg ;        1.69;        1.69;'3859888344983';HRANA;        0.00;        0.00
VIJAK TJESTENINKA 1kg                   ;572654    ;TJESTENINKA    ;        1.00;kg ;        1.69;        1.69;'3859888344990';HRANA;        0.00;        0.00
TJEST.REZANCI VALJANI JAJ.400g ZLATOPOLJ;578322    ;ZLATO POLJE    ;        0.40;kg ;        2.42;        6.05;'3838700011470';HRANA;        0.00;        0.00
ZELENI REZANCI 400g                     ;579491    ;MARODI         ;        0.40;kg ;        2.69;        6.73;'3859888666726';HRANA;        0.00;        0.00
BARILLA SPAGHETTINI N3 500g             ;59431     ;BARILLA        ;        0.50;kg ;        1.09;        2.18;'8076800195033';HRANA;        0.00;        0.00
BARILLA SPAGHETTI 5 1000g               ;59432     ;BARILLA        ;        1.00;kg ;        3.69;        3.69;'8076800105056';HRANA;        0.00;        0.00
REZANCI VALJ.SA ŠPINATOM 400g ZLATOPOLJE;595688    ;ZLATO POLJE    ;        0.40;kg ;        2.49;        6.23;'3838700013900';HRANA;        0.00;        0.00
ŠKOLJKICE JAJA/MRKVA 400g MARODI        ;612594    ;MARODI         ;        0.40;kg ;        2.69;        6.73;'3859888666740';HRANA;        0.00;        0.00
ALFABETO JAJA I MRKVA 400g MARODI       ;613253    ;MARODI         ;        0.40;kg ;        2.69;        6.73;'3859888666757';HRANA;        0.00;        0.00
STELLINE JAJA/MRKVA 400g MARODI         ;613787    ;MARODI         ;        0.40;kg ;        2.69;        6.73;'3859888666771';HRANA;        0.00;        0.00
REZANCI JUŠNI S JAJIMA 400g KOLEDA      ;616209    ;KOLEDA         ;        0.40;kg ;        2.25;        5.63;'3859888433083';HRANA;        0.00;        0.00
REZANCI ŠIROKI S JAJIMA 400g KOLEDA     ;616210    ;KOLEDA         ;        0.40;kg ;        2.25;        5.63;'3859888433090';HRANA;        0.00;        0.00
RIBANA KAŠICA JAJA/MRKVA 400g KOLEDA    ;616211    ;KOLEDA         ;        0.40;kg ;        2.25;        5.63;'3859888433151';HRANA;        0.00;        0.00
SVRDLA S JAJIMA 400g KOLEDA             ;616212    ;KOLEDA         ;        0.40;kg ;        0.00;        3.23;'3859888433274';HRANA;        1.19;        1.29
SPAGHETTINI N3 400g MARODI              ;616340    ;MARODI         ;        0.40;kg ;        1.91;        4.78;'3859893944185';HRANA;        0.00;        0.00
REZANCI JUŠNI DOMAÆI JAJ.250g ZLATOPOLJE;616382    ;ZLATO POLJE    ;        0.25;kg ;        1.99;        7.96;'3838700011463';HRANA;        0.00;        0.00
PUŽIÆ 66 400g RAGUSA                    ;61798     ;RAGUSA         ;        0.40;kg ;        1.56;        3.90;'3859889154161';HRANA;        0.00;        0.00
MAKARONI 1kg MLINOTEST                  ;628872    ;MLINOTEST      ;        1.00;kg ;        1.69;        1.69;'3831001823667';HRANA;        0.00;        0.00
SVRDLA 1kg MLINOTEST                    ;628873    ;MLINOTEST      ;        1.00;kg ;        1.69;        1.69;'3831001823674';HRANA;        0.00;        0.00
PUŽIÆI 1kg MLINOTEST                    ;628874    ;MLINOTEST      ;        1.00;kg ;        1.69;        1.69;'3831001823681';HRANA;        0.00;        0.00
TARANA 400g MARODI                      ;632319    ;MARODI         ;        0.40;kg ;        1.91;        4.78;'3859893944260';HRANA;        0.00;        0.00
ŠPAGETTI 5 JAJÈANI 400g ŽITO            ;636239    ;ZLATO POLJE    ;        0.40;kg ;        1.79;        4.48;'3838700368703';HRANA;        0.00;        0.00
BARILLA PENE RIGATE 73 500g             ;637403    ;BARILLA        ;        0.50;kg ;        1.99;        3.98;'8690579140614';HRANA;        0.00;        0.00
FETTUCCINE VALJANA JAJ.TJEST.400g MARODI;638690    ;MARODI         ;        0.40;kg ;        0.00;        4.98;'3859893944369';HRANA;        2.99;        1.99
TAGLIATELLE VALJANA JAJ.TJES.400g MARODI;638691    ;MARODI         ;        0.40;kg ;        0.00;        4.98;'3859893944352';HRANA;        2.99;        1.99
TAGLIATELE VERDI VALJ.TJES.JAJ.400g MARO;638696    ;MARODI         ;        0.40;kg ;        0.00;        4.98;'3859893944376';HRANA;        2.99;        1.99
FUSILLI DURUM 500g ZLATOPOLJE           ;642275    ;ZLATO POLJE    ;        0.50;kg ;        1.99;        3.98;'3838700010411';HRANA;        0.00;        0.00
PUŽIÆI DURUM 500g ZLATOPOLJE            ;642276    ;ZLATO POLJE    ;        0.50;kg ;        1.99;        3.98;'3838700010718';HRANA;        0.00;        0.00
PUŽIÆI 400g KOLEDA                      ;642398    ;KOLEDA         ;        0.40;kg ;        0.00;        3.23;'3859888433557';HRANA;        1.19;        1.29
ŠIROKI REZANCI RAVNI S JAJ.400g KOLEDA  ;642399    ;KOLEDA         ;        0.40;kg ;        2.25;        5.63;'3859888433533';HRANA;        0.00;        0.00
KRPICE S JAJIMA 400g KOLEDA             ;642402    ;KOLEDA         ;        0.40;kg ;        0.00;        3.23;'3859888433502';HRANA;        1.19;        1.29
REZANCI JUŠ.JAJA I MRKVA 400g KOLEDA    ;642407    ;KOLEDA         ;        0.40;kg ;        2.25;        5.63;'3859888433076';HRANA;        0.00;        0.00
FUSILLI 77 DURUM 500g MLINOTEST         ;648682    ;MLINOTEST      ;        0.50;kg ;        0.69;        1.38;'3831001823605';HRANA;        0.00;        0.00
CHIFERROTI RIGATI 600g MLINOTEST        ;648684    ;MLINOTEST      ;        0.60;kg ;        0.00;        1.32;'3831001823599';HRANA;        1.19;        0.79
BARILLA FARFALLE 65 500g MAŠNICE        ;648838    ;BARILLA        ;        0.50;kg ;        2.85;        5.70;'8076809580144';HRANA;        0.00;        0.00
TJESTENINA SPAGHETTI 500g FJK           ;652577    ;FRANZ JOSEF    ;        0.50;kg ;        0.99;        1.98;'8595241528021';HRANA;        0.00;        0.00
MAKARON 1kg MLINOTEST**                 ;653404    ;MLINOTEST      ;        1.00;kg ;        1.69;        1.69;'3831001819875';HRANA;        0.00;        0.00
CROUTONS KLASIÈNI 100g LEIMER           ;654927    ;LEIMER         ;        0.10;kg ;        2.12;       21.20;'4000186040407';HRANA;        0.00;        0.00
REZANCI SA ŠPINATOM XXL 600g ZP**       ;656810    ;ZLATO POLJE    ;        0.60;kg ;        2.49;        4.15;'3856020282189';HRANA;        0.00;        0.00
REZANCI DOM.ŠIROKI S JAJIMA 400g MARODI ;662746    ;MARODI         ;        0.40;kg ;        0.00;        4.48;'3859894191304';HRANA;        2.39;        1.79
TJESTEN.VIJAK MOZAIK 400g RAGUSA        ;79030     ;RAGUSA         ;        0.40;kg ;        1.66;        4.15;'3859889154758';HRANA;        0.00;        0.00
BRAŠNO ZA TANKA TIJ.1kg ÈAK.MLINOVI     ;146983    ;ÈAKOVEÈKI MLINOVI D.D.;        1.00;kg ;        1.46;        1.46;'3858884172576';HRANA;        0.00;        0.00
BRAŠNO RAŽENO 1kg T-950 ÈK.MLINOVI      ;154118    ;ÈAKOVEÈKI MLINOVI D.D.;        1.00;kg ;        1.39;        1.39;'3858884170138';HRANA;        0.00;        0.00
BRAŠNO T850 5kg ÈAKOV.MLIN              ;174428    ;ÈAKOVEÈKI MLINOVI D.D.;        5.00;kg ;        4.64;        0.93;'3858884170091';HRANA;        0.00;        0.00
BRAŠNO INTEGRALNO 1/1 MLINOPROM         ;176785    ;MLINOPROM D.O.O.;        1.00;kg ;        1.26;        1.26;'3859888693746';HRANA;        0.00;        0.00
BRAŠNO PŠEN.CRNO T-1100 1/1 MLINOPROM   ;176786    ;MLINOPROM D.O.O.;        1.00;kg ;        1.17;        1.17;'3859888693647';HRANA;        0.00;        0.00
BRAŠNO GLATKO 5kg ÈAK MLIN              ;188501    ;ÈAKOVEÈKI MLINOVI D.D.;        5.00;kg ;        3.55;        0.71;'3858884172521';HRANA;        0.00;        0.00
BRAŠNO GLATKO 1kg ÈAK MLIN              ;188502    ;ÈAKOVEÈKI MLINOVI D.D.;        1.00;kg ;        0.80;        0.80;'3858884172569';HRANA;        0.00;        0.00
BRAŠNO OŠTRO 5kg T-400 ÈAK MLIN         ;188503    ;ÈAKOVEÈKI MLINOVI D.D.;        5.00;kg ;        4.15;        0.83;'3858884172538';HRANA;        0.00;        0.00
BRAŠNO ZA KOLAÈE (OŠTRO) 1kg T400 ÈK.ML.;188504    ;ÈAKOVEÈKI MLINOVI D.D.;        1.00;kg ;        0.75;        0.75;'3858884172637';HRANA;        0.00;        0.00
BRAŠNO ZA DIZ TIJE 1kg T-400 ÈAK.MLI    ;188507    ;ÈAKOVEÈKI MLINOVI D.D.;        1.00;kg ;        1.46;        1.46;'3858884172583';HRANA;        0.00;        0.00
BRAŠNO PŠENIÈNO T-400 2/1 OŠTRO PODRAVKA;190344    ;PODRAVKA d.d. KOPRIVNICA;        2.00;kg ;        1.56;        0.78;'3850104223648';HRANA;        0.00;        0.00
BRAŠNO PŠENIÈNO T-550 1/1 GLATKO PODRAVK;190347    ;PODRAVKA d.d. KOPRIVNICA;        1.00;kg ;        0.79;        0.79;'3850104223624';HRANA;        0.00;        0.00
BRAŠNO PŠENIÈNO T-550 2/1 GLATKO PODRAVK;190348    ;PODRAVKA d.d. KOPRIVNICA;        2.00;kg ;        1.49;        0.75;'3850104223617';HRANA;        0.00;        0.00
PŠENIÈNO BRAŠNO TIP 1100 1kg PODRAVKA   ;34875     ;PODRAVKA d.d. KOPRIVNICA;        1.00;kg ;        1.29;        1.29;'3850104063183';HRANA;        0.00;        0.00
BRAŠNO OŠTRO 5kg T-400 BRAŠNO           ;428768    ;MLINOPROM D.O.O.;        5.00;kg ;        3.79;        0.76;'3859888693166';HRANA;        0.00;        0.00
BRAŠNO OŠTRO 1kg T-400 BRAŠNO           ;428769    ;MLINOPROM D.O.O.;        1.00;kg ;        0.74;        0.74;'3859888693180';HRANA;        0.00;        0.00
BRAŠNO GLATKO 5kg T-550 BRAŠNO          ;428770    ;MLINOPROM D.O.O.;        5.00;kg ;        3.49;        0.70;'3859888693364';HRANA;        0.00;        0.00
BRAŠNO GLATKO 1kg T-550 BRAŠNO          ;504022    ;MLINOPROM D.O.O.;        1.00;kg ;        0.73;        0.73;'3859888693326';HRANA;        0.00;        0.00
BRAŠNO OŠTRO 1/1 MLINOPROM T-400        ;57268     ;MLINOPROM D.O.O.;        1.00;kg ;        0.80;        0.80;'3859888693142';HRANA;        0.00;        0.00
BRAŠNO GLATKO 1/1 MLINOPROM T-550       ;57269     ;MLINOPROM D.O.O.;        1.00;kg ;        0.59;        0.59;'3859888693340';HRANA;        0.00;        0.00
BRAŠNO OŠTRO 5/1 MLINOPROM T-400        ;57270     ;MLINOPROM D.O.O.;        5.00;kg ;        3.89;        0.78;'3859888693135';HRANA;        0.00;        0.00
BRAŠNO GLATKO 5/1 MLINOPROM T-550       ;57271     ;MLINOPROM D.O.O.;        5.00;kg ;        3.15;        0.63;'3859888693333';HRANA;        0.00;        0.00
BRAŠNO KUKURUZNO 1kg MLINOPROM          ;574591    ;MLINOPROM D.O.O.;        1.00;kg ;        1.33;        1.33;'3859888693012';HRANA;        0.00;        0.00
BRAŠNO HELJDINO 1kg PODRAVKA            ;585654    ;PODRAVKA d.d. KOPRIVNICA;        1.00;kg ;        3.99;        3.99;'3838700295276';HRANA;        0.00;        0.00
BRAŠNO KUKURUZNO 1/1 PODRAVKA           ;60543     ;PODRAVKA d.d. KOPRIVNICA;        1.00;kg ;        1.49;        1.49;'3850104052552';HRANA;        0.00;        0.00
MJEŠAVINA ZA FRITULE I KRAFNE 1kg PODRAV;614161    ;PODRAVKA d.d. KOPRIVNICA;        1.00;kg ;        2.29;        2.29;'3856020252649';HRANA;        0.00;        0.00
BRAŠNO ZA PIZZU 1kg ÈAKOVEÈKI MLINOVI   ;645660    ;ÈAKOVEÈKI MLINOVI D.D.;        1.00;kg ;        1.49;        1.49;'3858884175751';HRANA;        0.00;        0.00
MLINCI S JAJIMA 250g KLARA              ;15410     ;ZAGREBAÈKE PEKARNE KLARA D.D.;        0.25;kg ;        1.99;        7.96;'3858881323025';HRANA;        0.00;        0.00
MLINCI TENA 250g PAN PEK                ;16472     ;PAN-PEK D.O.O. ZAGREB;        0.25;kg ;        1.26;        5.04;'3859892466039';HRANA;        0.00;        0.00
MLINCI ZAGORSKI 400g ZEBRANO            ;369425    ;ZEBRANO D.O.O.;        0.40;kg ;        2.79;        6.98;'3859892428075';HRANA;        0.00;        0.00
MLINCI ZAGORSKI 500g KOGUTEX            ;436883    ;KOGUTEX        ;        0.50;kg ;        3.19;        6.38;'3859891148028';HRANA;        0.00;        0.00
MLINCI DOMAÆI S JAJIMA 400g ÈOKOLAND    ;580516    ;ÈOKOLAND D.O.O.;        0.40;kg ;        3.39;        8.48;'3857500076205';HRANA;        0.00;        0.00
RIŽA PARBOILED 950g ŠAFRAM              ;126201    ;ŠAFRAM D.O.O. ZAGREB;        0.95;kg ;        2.89;        3.04;'3859890104131';HRANA;        0.00;        0.00
RIŽA ZLATO POLJE 800g OZ                ;250248    ;ZLATO POLJE    ;        0.80;kg ;        2.59;        3.24;'3838700540314';HRANA;        0.00;        0.00
RIŽA U VREÆICI 4X125g KRESTO            ;29538     ;ANPEK D.O.O.;        0.50;kg ;        1.99;        3.98;'3858882290432';HRANA;        0.00;        0.00
RIŽA ZA DOMAÆA JELA 1/1kg OKR.ZRNO      ;514624    ;NATUREL        ;        1.00;kg ;        2.15;        2.15;'3858889360978';HRANA;        0.00;        0.00
NATUREL RIŽA ZA DOMAÆA JELA 1kg KK      ;520822    ;NATUREL        ;        1.00;kg ;        2.55;        2.55;'3858889360954';HRANA;        0.00;        0.00
RIŽA ZLATOPOLJE 1kg ZA DOMAÆA JELA      ;525729    ;ZLATO POLJE    ;        1.00;kg ;        3.45;        3.45;'3838700540291';HRANA;        0.00;        0.00
RIŽA 950g ŠAFRAM                        ;53358     ;ŠAFRAM D.O.O. ZAGREB;        0.95;kg ;        2.45;        2.58;'3859888163676';HRANA;        0.00;        0.00
ZP RIŽA BLAZINICA 800g                  ;535340    ;ZLATO POLJE    ;        0.80;kg ;        2.59;        3.24;'3838700540369';HRANA;        0.00;        0.00
RIŽA DUGO ZRNO 1kg RIO PAK              ;570654    ;RIO-PAK DOO;        1.00;kg ;        1.60;        1.60;'3859888279445';HRANA;        0.00;        0.00
RIŽA DUGO ZRNO GARIBOLDI 1kg            ;571447    ;POHIT d.o.o.;        1.00;kg ;        2.29;        2.29;'8001200044889';HRANA;        0.00;        0.00
RIŽA OKR. ZRNO SCOTTI ORGINARIO 1kg     ;574910    ;SCOTTI         ;        1.00;kg ;        3.39;        3.39;'8001860100017';HRANA;        0.00;        0.00
RIŽA SMEÐA  1kg RIO PAK                 ;582689    ;RIO-PAK DOO;        1.00;kg ;        1.79;        1.79;'3859888279407';HRANA;        0.00;        0.00
RIŽA DUGO ZRNO ARBORIO SCOTTI 1kg KK    ;601763    ;SCOTTI         ;        1.00;kg ;        3.99;        3.99;'8001860201011';HRANA;        0.00;        0.00
RIŽA PARBOILED VAK 800g ZP              ;607270    ;ZLATO POLJE    ;        0.80;kg ;        4.69;        5.86;'3838700640960';HRANA;        0.00;        0.00
RIŽA DUGO ZRNO KRESTO 1kg               ;610955    ;ANPEK D.O.O.;        1.00;kg ;        2.29;        2.29;'3858882291668';HRANA;        0.00;        0.00
RIŽA OKRUGLO ZRNO EURICO 1kg            ;613194    ;POHIT d.o.o.;        1.00;kg ;        2.64;        2.64;'8009551200213';HRANA;        0.00;        0.00
RIŽA BENS DZ PARBOILED 500g             ;614283    ;BENS           ;        0.50;kg ;        0.00;        5.90;'5410673007490';HRANA;        3.69;        2.95
RIŽA BENS INTEGRALNA PARBOILED 500g     ;616476    ;BENS           ;        0.50;kg ;        0.00;        6.38;'5410673007667';HRANA;        3.99;        3.19
RIŽA DUGO ZRNO 1kg LARA                 ;617849    ;LARA           ;        1.00;kg ;        1.79;        1.79;'3859890236498';HRANA;        0.00;        0.00
RIŽA OKRUGLO ZRNO 1kg RIO PAK           ;636637    ;RIO-PAK DOO;        1.00;kg ;        2.15;        2.15;'3859888279964';HRANA;        0.00;        0.00
RIŽA PARBOILED DZ 800g ZP PODRAVKA      ;642274    ;ZLATO POLJE    ;        0.80;kg ;        3.49;        4.36;'3838700540383';HRANA;        0.00;        0.00
RIŽA SCOTTI  ZA DOMAÆA JELA 800g        ;644818    ;SCOTTI         ;        0.80;kg ;        2.59;        3.24;'8001860184253';HRANA;        0.00;        0.00
RIŽA SCOTTI ORO PARBOILED 1kg           ;652011    ;SCOTTI         ;        1.00;kg ;        3.39;        3.39;'8001860190520';HRANA;        0.00;        0.00
RIŽA DZ PREDKUHANA EURICO 1kg           ;658135    ;POHIT d.o.o.;        1.00;kg ;        2.70;        2.70;'8009551200169';HRANA;        0.00;        0.00
ZP RIŽA ZA DOMAÆA JELA 1,2kg            ;662787    ;ZLATO POLJE    ;        1.20;kg ;        3.45;        2.88;'3838700407631';HRANA;        0.00;        0.00
RIŽA PARBOILED U VREÆICI 4*125g KRESTO  ;80948     ;ANPEK D.O.O.;        0.50;kg ;        2.12;        4.24;'3858882290463';HRANA;        0.00;        0.00
NESTLE NESQUIK ŽIT.LOPTICE DUO 325g     ;262450    ;ALCA ZAGREB D.O.O.;        0.33;kg ;        4.49;       13.82;'7613032028251';HRANA;        0.00;        0.00
NESTLE COOKIE CRISP 375g                ;279782    ;ALCA ZAGREB D.O.O.;        0.38;kg ;        4.49;       11.97;'5900020011886';HRANA;        0.00;        0.00
LINO CRUNCH 225g                        ;303645    ;PODRAVKA d.d. KOPRIVNICA;        0.23;kg ;        3.20;       14.22;'3850104250972';HRANA;        0.00;        0.00
LINO PILLOWS TAMNI S TAMN.PUNJENJEM 250G;317345    ;PODRAVKA d.d. KOPRIVNICA;        0.25;kg ;        3.49;       13.96;'3850104258978';HRANA;        0.00;        0.00
NESQUIK ŽITNE LOPTICE S OKUS.ÈOK.375g   ;319709    ;ALCA ZAGREB D.O.O.;        0.38;kg ;        4.49;       11.97;'5900020013668';HRANA;        0.00;        0.00
NESTLE CHOCAPIC 375g                    ;319710    ;ALCA ZAGREB D.O.O.;        0.38;kg ;        4.49;       11.97;'5900020013927';HRANA;        0.00;        0.00
LINO CRUNCH 225g+20%GRATIS              ;324153    ;PODRAVKA d.d. KOPRIVNICA;        0.27;kg ;        3.20;       11.85;'3850104253768';HRANA;        0.00;        0.00
LINO PILLOWS TAMNI S BIJ.PUNJ.250g      ;385172    ;PODRAVKA d.d. KOPRIVNICA;        0.25;kg ;        3.49;       13.96;'3850104259616';HRANA;        0.00;        0.00
SPORTINA ŽITARICE 375g ENCIAN           ;393446    ;ENCIAN D.O.O.;        0.38;kg ;        3.35;        8.93;'5907731602068';HRANA;        0.00;        0.00
LINO CRUNCH 500g                        ;395435    ;PODRAVKA d.d. KOPRIVNICA;        0.50;kg ;        4.79;        9.58;'3850104263521';HRANA;        0.00;        0.00
LINO CRUNCH DUO 225g                    ;395436    ;PODRAVKA d.d. KOPRIVNICA;        0.23;kg ;        3.20;       14.22;'3850104263149';HRANA;        0.00;        0.00
LINO CRUNCH DUO 500g                    ;395437    ;PODRAVKA d.d. KOPRIVNICA;        0.50;kg ;        4.79;        9.58;'3850104263514';HRANA;        0.00;        0.00
NESTLE LION 400g                        ;399068    ;ALCA ZAGREB D.O.O.;        0.40;kg ;        4.49;       11.23;'5900020019530';HRANA;        0.00;        0.00
CORNFLAKES 500g ENCIAN                  ;404029    ;ENCIAN D.O.O.;        0.50;kg ;        2.19;        4.38;'5907731602310';HRANA;        0.00;        0.00
NESTLE NESQUIK ŽIT.LOPTICE ÈOKO 625g    ;404123    ;ALCA ZAGREB D.O.O.;        0.63;kg ;        6.39;       10.22;'5900020021311';HRANA;        0.00;        0.00
CORNFLAKES 1000g ENCIAN                 ;405028    ;ENCIAN D.O.O.;        1.00;kg ;        5.98;        5.98;'5907731602303';HRANA;        0.00;        0.00
LINO PILL.TAMNI S TAM.PUNJENJEM 500g    ;406235    ;PODRAVKA d.d. KOPRIVNICA;        0.50;kg ;        4.25;        8.50;'3850104263538';HRANA;        0.00;        0.00
NESTLE CHEERIOS 375g                    ;446344    ;ALCA ZAGREB D.O.O.;        0.38;kg ;        4.49;       11.97;'5900020022745';HRANA;        0.00;        0.00
LINO PILLOWS TAMNI S BIJ.PUNJENJEM 500g ;500666    ;PODRAVKA d.d. KOPRIVNICA;        0.50;kg ;        4.25;        8.50;'3850104263613';HRANA;        0.00;        0.00
NESTLE FITNES 625g                      ;501417    ;ALCA ZAGREB D.O.O.;        0.63;kg ;        6.39;       10.22;'7613035265769';HRANA;        0.00;        0.00
NATUREL CHOCO BALLS 300g                ;586202    ;AWTINTERNATIONAL D.O.O. ZAGREB;        0.30;kg ;        2.08;        6.93;'3858889364976';HRANA;        0.00;        0.00
LINO LADA PILLOWS NOUGAT 80g PODRAVKA   ;606522    ;PODRAVKA d.d. KOPRIVNICA;        0.08;kg ;        1.69;       21.13;'3856020248390';HRANA;        0.00;        0.00
LINO LADA PILLOWS MILK 80g PODRAVKA     ;606524    ;PODRAVKA d.d. KOPRIVNICA;        0.08;kg ;        1.69;       21.13;'3856020248420';HRANA;        0.00;        0.00
CORNFLAKES 1000g MISTRAŽ                ;610968    ;MISTRAŽ D.O.O.;        1.00;kg ;        3.83;        3.83;'3858882921459';HRANA;        0.00;        0.00
ÈOKOLADNE LOPTICE 1000g MISTRAŽ         ;610969    ;MISTRAŽ D.O.O.;        1.00;kg ;        4.76;        4.76;'3858882921497';HRANA;        0.00;        0.00
CORNFLAKES ÈOKOLADNI 1kg                ;613243    ;MISTRAŽ D.O.O.;        1.00;kg ;        4.96;        4.96;'3858882921466';HRANA;        0.00;        0.00
CHOCO BALLS 250g ENCIAN                 ;613561    ;ENCIAN D.O.O.;        0.25;kg ;        2.69;       10.76;'3858890104516';HRANA;        0.00;        0.00
BRUNDO KAKAO 300g                       ;615113    ;BRUNDO         ;        0.30;kg ;        2.29;        7.63;'3850102523146';HRANA;        0.00;        0.00
NATUREL DUO BALLS 300g                  ;615402    ;AWTINTERNATIONAL D.O.O. ZAGREB;        0.00;kg ;        2.08;        0.00;'3858889364990';HRANA;        0.00;        0.00
CHOCO MEDVJEDIÆI 250g ENCIAN            ;616436    ;ENCIAN D.O.O.;        0.25;kg ;        2.69;       10.76;'3858890104554';HRANA;        0.00;        0.00
ŽITNE PAHULJICE CEREO 210g              ;626916    ;MIRNA-VERIS D.O.O.;        0.21;kg ;        1.49;        7.10;'4771395192323';HRANA;        0.00;        0.00
NESTLE KIT KAT 330g                     ;635230    ;ALCA ZAGREB D.O.O.;        0.33;kg ;        4.49;       13.61;'5900020043191';HRANA;        0.00;        0.00
LINO PILLOWS TAMNI 700g MILK            ;645682    ;PODRAVKA d.d. KOPRIVNICA;        0.70;kg ;        6.29;        8.99;'3856020262730';HRANA;        0.00;        0.00
CORNFLAKES 500g BRUGGEN                 ;655779    ;BRUGGEN        ;        0.50;kg ;        2.19;        4.38;'4008713713619';HRANA;        0.00;        0.00
CORNFLAKES 1000g BRUGGEN                ;658090    ;DUPIN d.o.o. ZAGREB;        1.00;kg ;        5.99;        5.99;'4008713713626';HRANA;        0.00;        0.00
NESTLE TRIX 300g                        ;692177    ;ALCA ZAGREB D.O.O.;        0.30;kg ;        4.49;       14.97;'5900020045133';HRANA;        0.00;        0.00
NESTLE FITNESS PROTEIN 310g COCOA       ;692178    ;ALCA ZAGREB D.O.O.;        0.31;kg ;        4.99;       16.10;'5900020043481';HRANA;        0.00;        0.00
NESTLE FITNESS FIBER HONEY 310g         ;692179    ;ALCA ZAGREB D.O.O.;        0.31;kg ;        4.99;       16.10;'5900020043504';HRANA;        0.00;        0.00
NESTLE NESQ.LOPTICE MINIS 300g          ;692181    ;ALCA ZAGREB D.O.O.;        0.30;kg ;        4.49;       14.97;'5900020044877';HRANA;        0.00;        0.00
LINO PILLOWS 250g WHITE                 ;692188    ;PODRAVKA d.d. KOPRIVNICA;        0.25;kg ;        3.49;       13.96;'3856020278656';HRANA;        0.00;        0.00
LINO PILLOWS 250g DUO                   ;692189    ;PODRAVKA d.d. KOPRIVNICA;        0.25;kg ;        3.49;       13.96;'3856020278687';HRANA;        0.00;        0.00
NESTLE NESQUIK 225gX2                   ;692217    ;ALCA ZAGREB D.O.O.;        0.45;kg ;        4.59;       10.20;'3858894301706';HRANA;        0.00;        0.00
MUSLI 5 VRSTA VOÆA 1000g VIOLA          ;13058     ;ENCIAN D.O.O.;        1.00;kg ;        6.94;        6.94;'4000446017019';HRANA;        0.00;        0.00
MUSLI 6 VRSTA ŽITARICA 1000g VIOLA      ;13059     ;ENCIAN D.O.O.;        1.00;kg ;        6.94;        6.94;'4000446017101';HRANA;        0.00;        0.00
MUSLI SA ÈOKOLADOM 1kg VIOLA            ;13060     ;ENCIAN D.O.O.;        1.00;kg ;        7.59;        7.59;'4000446017026';HRANA;        0.00;        0.00
NATUREL CRUNCHY MUESLI CLASSIC 350g     ;254773    ;AWTINTERNATIONAL D.O.O. ZAGREB;        0.35;kg ;        0.00;        7.11;'3858887240739';HRANA;        3.39;        2.49
NATUREL CRUNCHY MUESLI FRUIT 350g       ;254774    ;AWTINTERNATIONAL D.O.O. ZAGREB;        0.35;kg ;        0.00;        7.11;'3858887240708';HRANA;        3.39;        2.49
NATUREL CRUNCHY MUESLI CHOCOLATE 350g   ;447045    ;AWTINTERNATIONAL D.O.O. ZAGREB;        0.35;kg ;        0.00;        7.11;'3859889139304';HRANA;        3.39;        2.49
NATUREL CRUN.MUESLI W.CHOCO&COOKIES 350G;581646    ;AWTINTERNATIONAL D.O.O. ZAGREB;        0.35;kg ;        0.00;        7.11;'3858889364822';HRANA;        3.39;        2.49
MUESLI ŠUM.VOÆE 2kg                     ;601267    ;BIO PLOD D.O.O.;        2.00;kg ;        9.29;        4.65;'8595054906436';HRANA;        0.00;        0.00
MUESLI ÈOKOLADA 2kg                     ;601269    ;BIO PLOD D.O.O.;        2.00;kg ;        9.29;        4.65;'8595054906429';HRANA;        0.00;        0.00
MUESLI LJEŠNJAK 2kg                     ;601270    ;BIO PLOD D.O.O.;        2.00;kg ;        9.29;        4.65;'8595054906443';HRANA;        0.00;        0.00
ZOB.GRANOLA KOK-BAD-B.È.VAN 60g BOOMBOX ;617098    ;BOOM BOX       ;        0.06;kg ;        1.09;       18.17;'3858890478334';HRANA;        0.00;        0.00
ZOB.GRANOLA DOUBLE ÈOKO 300g BOOMBOX    ;619889    ;BOOM BOX       ;        0.30;kg ;        3.99;       13.30;'3858890478372';HRANA;        0.00;        0.00
ZOB.GRANOLA DOUBLE ÈOKO 60g BOOMBOX     ;619890    ;BOOM BOX       ;        0.06;kg ;        1.09;       18.17;'3858890478396';HRANA;        0.00;        0.00
DOBRI CRUNCHY MUESLI 300g CHOCOLATE     ;635389    ;BIO PLOD D.O.O.;        0.30;kg ;        3.99;       13.30;'8595054907785';HRANA;        0.00;        0.00
DOBRI CRUNCHY MUESLI 300g FOREST FRUIT  ;635390    ;BIO PLOD D.O.O.;        0.30;kg ;        3.99;       13.30;'8595054907969';HRANA;        0.00;        0.00
NATUREL WHOLEGRAIN CRUNCHY MIX.NUTS 350G;644207    ;AWTINTERNATIONAL D.O.O. ZAGREB;        0.35;kg ;        2.49;        7.11;'3858889366642';HRANA;        0.00;        0.00
DOBRI CRUNCHY MUESLI XL FOREST FRUIT 1kg;656558    ;BIO PLOD D.O.O.;        1.00;kg ;        6.99;        6.99;'8595054909246';HRANA;        0.00;        0.00
DOBRI CRUNCHY MUESLI XL CHO.PILLOWS 1kg ;656559    ;BIO PLOD D.O.O.;        1.00;kg ;        6.99;        6.99;'8595054909208';HRANA;        0.00;        0.00
DOBRI CRUNCHY MUESLI XL NUTS&FLAKES 1kg ;656562    ;BIO PLOD D.O.O.;        1.00;kg ;        6.99;        6.99;'8595054909222';HRANA;        0.00;        0.00
O"PLANT MUESLI DATE&COCOA 350g PODRAVKA ;692091    ;PODRAVKA d.d. KOPRIVNICA;        0.35;kg ;        3.99;       11.40;'3856020274290';HRANA;        0.00;        0.00
O"PLANT MUESLI FRUIT 350g PODRAVKA      ;692092    ;PODRAVKA d.d. KOPRIVNICA;        0.35;kg ;        3.99;       11.40;'3856020274320';HRANA;        0.00;        0.00
OBLATNE TENA 200g                       ;02221     ;TENA           ;        0.20;kg ;        1.19;        5.95;'3859892466022';HRANA;        0.00;        0.00
OBLATNE LUCIJA 250g                     ;430252    ;LAETITIA-TRGOVINA DOO;        0.25;kg ;        1.19;        4.76;'3859890313168';HRANA;        0.00;        0.00
OBLATNE LETICIJA 200g                   ;502336    ;LAETITIA-TRGOVINA DOO;        0.20;kg ;        0.93;        4.65;'3859890313090';HRANA;        0.00;        0.00
KORNETI BR 6 10/1 LAETITIA              ;511998    ;LAETITIA-TRGOVINA DOO;        0.04;kg ;        0.93;       23.25;'3859890313014';HRANA;        0.00;        0.00
KRUŠNE MRVICE 250g KLARA                ;15902     ;ZAGREBAÈKE PEKARNE KLARA D.D.;        0.25;kg ;        1.25;        5.00;'3858881322059';HRANA;        0.00;        0.00
KRUŠNE MRVICE 500g KLARA                ;15903     ;ZAGREBAÈKE PEKARNE KLARA D.D.;        0.50;kg ;        1.59;        3.18;'3858881322011';HRANA;        0.00;        0.00
KRUŠNE MRVICE 1kg KLARA                 ;365936    ;ZAGREBAÈKE PEKARNE KLARA D.D.;        1.00;kg ;        3.49;        3.49;'3858881322233';HRANA;        0.00;        0.00
KRUŠNE MRVICE 500g PAN PEK              ;516503    ;PAN-PEK D.O.O. ZAGREB;        0.50;kg ;        1.26;        2.52;'3859888751101';HRANA;        0.00;        0.00
KRUŠNE MRVICE 500g KAJZERICA            ;585877    ;KAJZERICA D.O.O.;        0.50;kg ;        1.49;        2.98;'3859893531002';HRANA;        0.00;        0.00
NJOKI OD KRUMPIRA 500g PAIP-SALVIA      ;243384    ;PAIP           ;        0.50;kg ;        1.79;        3.58;'8000506014008';HRANA;        0.00;        0.00
NJOKI OD KRUMPIRA 1000g PAIP-SALVIA     ;243385    ;PAIP           ;        1.00;kg ;        3.32;        3.32;'8000506014107';HRANA;        0.00;        0.00
BAGUETTE BIJELI LUK 160g                ;610091    ;MEGGLE         ;        0.16;kg ;        1.99;       12.44;'4034900032416';HRANA;        0.00;        0.00
NJOKI 900g ŽITOPROIZVOD                 ;618791    ;ŽITOPROIZVOD   ;        0.90;kg ;        3.32;        3.69;'3858881509351';HRANA;        0.00;        0.00
TORTELINI 3 VRSTE SIRA 450g ŽITOPROIZVOD;626474    ;ŽITOPROIZVOD DD;        0.45;kg ;        3.32;        7.38;'3858881509290';HRANA;        0.00;        0.00
PLJUKANCI 350g KARLA                    ;627859    ;KARLA          ;        0.35;kg ;        1.92;        5.49;'3858881509276';HRANA;        0.00;        0.00
NJOKI DI PATATE 500g                    ;646844    ;L'ANTICA MOLA  ;        0.50;kg ;        1.29;        2.58;'8032958460003';HRANA;        0.00;        0.00
GNOCCI L ANTICA MOLA 1kg                ;654162    ;L'ANTICA MOLA  ;        1.00;kg ;        2.59;        2.59;'8032958460102';HRANA;        0.00;        0.00
LISNATO TIJESTO 275g WEWALKA            ;655761    ;WEWALKA        ;        0.28;kg ;        1.52;        5.53;'9001536024202';HRANA;        0.00;        0.00
TIJESTO ZA PIZZU WEWALKA 400g           ;661293    ;WEWALKA        ;        0.40;kg ;        1.92;        4.80;'9001536024219';HRANA;        0.00;        0.00
KRUH BIJELI 700g PAK MLINÈEK            ;432597    ;MLINÈEK J.D.O.O.;        0.70;kg ;        1.28;        1.83;'3859892986018';HRANA;        0.00;        0.00
KAJZERICE 250g 5KOM PAK MLINÈEK         ;435449    ;MLINÈEK J.D.O.O.;        0.25;kg ;        0.87;        3.48;'3859892986100';HRANA;        0.00;        0.00
KRUH POLUBIJELI REZANI 700g MLINÈEK PAK ;560570    ;MLINÈEK J.D.O.O.;        0.70;kg ;        1.33;        1.90;'3859892986209';HRANA;        0.00;        0.00
KRUH SELJAÈKI MIJEŠANI 700g MLINÈEK PAK ;572051    ;MLINÈEK J.D.O.O.;        0.70;kg ;        1.69;        2.41;'3859892986254';HRANA;        0.00;        0.00
LIZIKA 150g PAK DON DON                 ;579387    ;DON DON D.O.O.;        0.15;kg ;        0.75;        5.00;'3858885563267';HRANA;        0.00;        0.00
LIZIKA SA SJEMENKAMA 120g PAK DON DON   ;579388    ;DON DON D.O.O.;        0.12;kg ;        0.80;        6.67;'3858885563991';HRANA;        0.00;        0.00
HAMBI SA SEZAMOM 2/1 170g DON DON       ;605729    ;DON DON D.O.O.;        0.17;kg ;        0.99;        5.82;'3858885565636';HRANA;        0.00;        0.00
BAGUETTE 2/1 250g JACQUET               ;618177    ;DUPIN d.o.o. ZAGREB;        0.25;kg ;        1.29;        5.16;'3029330031055';HRANA;        0.00;        0.00
KRUH ZLATNO ZRNO 450g PAK ZLATNO ZRNO   ;618541    ;ZLATNO ZRNO d.o.o.TRNOVEC;        0.45;kg ;        1.75;        3.89;'3859889360210';HRANA;        0.00;        0.00
PERECI SLANI 230g ZL.ZRNO               ;619375    ;ZLATNO ZRNO d.o.o.TRNOVEC;        0.23;kg ;        2.49;       10.83;'3859889360203';HRANA;        0.00;        0.00
KRUH KUK.MIJEŠANI REZANI 600g KLARA     ;634963    ;ZAGREBAÈKE PEKARNE KLARA D.D.;        0.60;kg ;        1.89;        3.15;'3856016906617';HRANA;        0.00;        0.00
KRUH SA SJEMENKAMA REZANI 500g KLARA    ;634964    ;ZAGREBAÈKE PEKARNE KLARA D.D.;        0.50;kg ;        2.09;        4.18;'3856016906624';HRANA;        0.00;        0.00
KRUH CHIA REZANI 500g KLARA             ;656565    ;ZAGREBAÈKE PEKARNE KLARA D.D.;        0.50;kg ;        1.99;        3.98;'3856016907560';HRANA;        0.00;        0.00
PECIVO HAMBY SA SEZ.6KOM/300g QUICKBURY ;109457    ;QUICKBURY      ;        0.30;kg ;        1.86;        6.20;'4028491401072';HRANA;        0.00;        0.00
PECIVO HAMBY 6/1 300g QUICKBURY         ;109460    ;QUICKBURY      ;        0.30;kg ;        1.79;        5.97;'4028491401089';HRANA;        0.00;        0.00
PECIVO HOT DOG 4KOM/250g QUICKBURY      ;109462    ;QUICKBURY      ;        0.25;kg ;        1.86;        7.44;'4028491401058';HRANA;        0.00;        0.00
PECIVO MEGA BURGER 4KOM/300g QUICKBURY  ;109463    ;QUICKBURY      ;        0.30;kg ;        1.90;        6.33;'4028491401065';HRANA;        0.00;        0.00
TOAST 500g KLARA                        ;15408     ;ZAGREBAÈKE PEKARNE KLARA D.D.;        0.50;kg ;        1.85;        3.70;'3858881320017';HRANA;        0.00;        0.00
DVOPEK FETTE DORATE 315g BARILLA        ;20368     ;BARILLA        ;        0.32;kg ;        2.49;        7.90;'8076809512060';HRANA;        0.00;        0.00
DVOPEK CLASSIC 225g KLARA               ;210009    ;ZAGREBAÈKE PEKARNE KLARA D.D.;        0.23;kg ;        1.28;        5.69;'3858881327528';HRANA;        0.00;        0.00
DVOPEK IZ CIJELOG ZRNA 225g KLARA       ;285932    ;ZAGREBAÈKE PEKARNE KLARA D.D.;        0.23;kg ;        2.49;       11.07;'3858881324855';HRANA;        0.00;        0.00
TOAST INTEGRALNI 500g KLARA             ;423714    ;ZAGREBAÈKE PEKARNE KLARA D.D.;        0.50;kg ;        2.09;        4.18;'3856016900578';HRANA;        0.00;        0.00
KRUH TRAJNI INTEGRALNI 400g ROBERTO     ;443383    ;ROBERTO        ;        0.40;kg ;        0.00;        2.98;'8003490037909';HRANA;        1.65;        1.19
PAN BAULETO BIJELI 400g MULINO BIANCO   ;516540    ;MULINO BIANCO  ;        0.40;kg ;        1.65;        4.13;'8076809504720';HRANA;        0.00;        0.00
DVOPEK MINI CLASSIC 120g NATUREL        ;520765    ;NATUREL        ;        0.12;kg ;        1.53;       12.75;'3858889361593';HRANA;        0.00;        0.00
DVOPEK MINI INTEGRALNI 120g NATUREL     ;520775    ;NATUREL        ;        0.12;kg ;        1.53;       12.75;'3858889361586';HRANA;        0.00;        0.00
KRUH TRAJNI BIJELI 400g ROBERTO         ;563834    ;ROBERTO        ;        0.40;kg ;        0.00;        2.98;'8003490037800';HRANA;        1.59;        1.19
DVOPEK KLASIK 330g ŽITO                 ;633648    ;ZLATO POLJE    ;        0.33;kg ;        1.88;        5.70;'3838700368468';HRANA;        0.00;        0.00
PECIVO BURGER 6KOM 315g JACQUET         ;644822    ;JACQUET        ;        0.32;kg ;        1.55;        4.92;'3029330032144';HRANA;        0.00;        0.00
MLIJEÈNO PECIVO 400g MORATO             ;647526    ;MORATO         ;        0.40;kg ;        2.99;        7.48;'8006837001083';HRANA;        0.00;        0.00
TOAST PAN CARE 285g MULINO BIANCO       ;651321    ;MULINO BIANCO  ;        0.29;kg ;        1.35;        4.74;'8076809582452';HRANA;        0.00;        0.00
PAN BAULETTO INTEG. 400g MULINO BIANCO  ;651323    ;MULINO BIANCO  ;        0.40;kg ;        1.69;        4.23;'8076809582483';HRANA;        0.00;        0.00
TOAST SA SJEMENKAMA 500g DON DON        ;655955    ;DON DON D.O.O.;        0.50;kg ;        1.45;        2.90;'8606018730582';HRANA;        0.00;        0.00
DVOPEK INTEGRALNI 315g BARILLA          ;86847     ;BARILLA        ;        0.32;kg ;        2.49;        7.90;'8076809512077';HRANA;        0.00;        0.00
PROSENA KAŠA MGP 1kg                    ;570758    ;MGP DOO ÈAKOVEC;        1.00;kg ;        2.99;        2.99;'3859889377027';HRANA;        0.00;        0.00
JEÈMENA KAŠA MGP                        ;570775    ;MGP DOO ÈAKOVEC;        1.00;kg ;        1.30;        1.30;'3859889377034';HRANA;        0.00;        0.00
HAJDINA KAŠA 1kg                        ;608467    ;MGP DOO ÈAKOVEC;        1.00;kg ;        3.92;        3.92;'3859889377300';HRANA;        0.00;        0.00
PALENTA INSTANT 450g FRANCK             ;01352     ;FRANCK d.d.;        0.45;kg ;        1.35;        3.00;'3858881080744';HRANA;        0.00;        0.00
PŠENIÈNA KRUPICA 1/1 PODRAVKA           ;05854     ;PODRAVKA d.d. KOPRIVNICA;        1.00;kg ;        2.09;        2.09;'3850104064029';HRANA;        0.00;        0.00
KUKURUZNA KRUPICA 450g ÈK.MLINOVI       ;273778    ;ÈAKOVEÈKI MLINOVI D.D.;        0.45;kg ;        0.99;        2.20;'3858884176048';HRANA;        0.00;        0.00
KUKURUZNA KRUPICA 1000g FAMI            ;283485    ;FAMI           ;        1.00;kg ;        1.59;        1.59;'3858883732276';HRANA;        0.00;        0.00
GRIS INSTANT 200g FRANCK                ;375906    ;FRANCK d.d.;        0.20;kg ;        0.89;        4.45;'3858881086401';HRANA;        0.00;        0.00
GRIS PŠENIÈNI 400g FRANCK               ;42864     ;FRANCK d.d.;        0.40;kg ;        1.69;        4.23;'3858881081598';HRANA;        0.00;        0.00
KUKURUZNA KRUPICA 1kg LARA              ;435235    ;LARA           ;        1.00;kg ;        1.59;        1.59;'3859892259426';HRANA;        0.00;        0.00
PŠENIÈNA KRUP.1/1 MLINOPROM             ;57261     ;MLINOPROM D.O.O.;        1.00;kg ;        1.10;        1.10;'3859888693302';HRANA;        0.00;        0.00
KUKURUZNA KRUPICA 1kg PODRAVKA          ;60544     ;PODRAVKA d.d. KOPRIVNICA;        1.00;kg ;        1.79;        1.79;'3850104053429';HRANA;        0.00;        0.00
PALENTA INSTANT XXL 1kg ŠAFRAM          ;647960    ;ŠAFRAM D.O.O. ZAGREB;        1.00;kg ;        1.35;        1.35;'3858893691365';HRANA;        0.00;        0.00
PŠENIÈNA KRUPICA XXL 1kg ŠAFRAM         ;655236    ;ŠAFRAM D.O.O. ZAGREB;        1.00;kg ;        1.10;        1.10;'3858893691426';HRANA;        0.00;        0.00
PALENTA INSTANT 450g ŠAFRAM             ;83551     ;ŠAFRAM D.O.O. ZAGREB;        0.45;kg ;        0.85;        1.89;'3859890104001';HRANA;        0.00;        0.00
MLIJEKO U PRAHU PUNOMASNO 1kg DUKAT     ;03570     ;DUKAT D.D. ZAGREB;        1.00;kg ;        9.99;        9.99;'3850355001248';HRANA;        0.00;        0.00
SVJEŽE MLIJEKO 3,2% 1/1 DUKAT           ;04042     ;DUKAT D.D. ZAGREB;        1.00;L  ;        1.19;        1.19;'3850354000501';HRANA;        0.00;        0.00
SVJEŽE MLIJEKO 3,2% 1,75L VINDIJA       ;607777    ;Z BREGOV       ;        1.75;L  ;        2.07;        1.18;'3850108011760';HRANA;        0.00;        0.00
SVJEŽE MLIJEKO 3,2% 1L PET VINDIJA      ;607778    ;Z BREGOV       ;        1.00;L  ;        1.48;        1.48;'3850108011814';HRANA;        0.00;        0.00
SVJEŽE MLIJEKO "21"3,2% 1L PET VINDIJA  ;607779    ;Z BREGOV       ;        1.00;L  ;        1.40;        1.40;'3850108011845';HRANA;        0.00;        0.00
SVJEŽE MLIJEKO 3,2% 1,5L PET DUKAT      ;607838    ;DUKAT D.D. ZAGREB;        1.50;L  ;        2.08;        1.39;'3850354016090';HRANA;        0.00;        0.00
SVJEŽE MLIJEKO 2,8% 1L SOLE             ;692021    ;BONAFARM ADRIATIC D.O.O.;        1.00;L  ;        0.99;        0.99;'5998200484971';HRANA;        0.00;        0.00
MLIJEKO UHT 2,8% 0,5L VINDIJA           ;02589     ;Z BREGOV       ;        0.50;L  ;        1.09;        2.18;'3850108020557';HRANA;        0.00;        0.00
MLIJEKO UHT 2,8% 2L VINDIJA ÈEP         ;217359    ;Z BREGOV       ;        2.00;L  ;        1.85;        0.93;'3850108020656';HRANA;        0.00;        0.00
MLIJEKO UHT 2,8% 6X1L                   ;305431    ;Z BREGOV       ;        6.00;L  ;        6.12;        1.02;'3850108020588';HRANA;        0.00;        0.00
KOZJE MLIJEKO 1L VINDIJA                ;317430    ;Z BREGOV       ;        1.00;L  ;        2.49;        2.49;'3850108026108';HRANA;        0.00;        0.00
MLIJEKO UHT 0,9% 2L VINDIJA ÈEP         ;318996    ;Z BREGOV       ;        2.00;L  ;        2.79;        1.40;'3850108021264';HRANA;        0.00;        0.00
MLIJEKO UHT 3,8% 1L DUKAT BOCA          ;321597    ;DUKAT D.D. ZAGREB;        1.00;L  ;        1.69;        1.69;'3850354006091';HRANA;        0.00;        0.00
MLIJEKO UHT 2,8% 1L DUKAT BOCA          ;321599    ;DUKAT D.D. ZAGREB;        1.00;L  ;        0.94;        0.94;'3850354006053';HRANA;        0.00;        0.00
MLIJEKO UHT 3,8% 1L CAFFE DUKAT         ;322643    ;DUKAT D.D. ZAGREB;        1.00;L  ;        1.06;        1.06;'3850354005872';HRANA;        0.00;        0.00
MLIJEKO UHT 2,8% 8X1L BOCA DUKAT        ;356242    ;DUKAT D.D. ZAGREB;        8.00;L  ;        7.12;        0.89;'3850354006077';HRANA;        0.00;        0.00
MLIJEKO UHT 3,8% 0,5L BOCA DUKAT        ;359109    ;DUKAT D.D. ZAGREB;        0.50;L  ;        1.09;        2.18;'3850354006831';HRANA;        0.00;        0.00
MLIJEKO UHT BEZ LAKTOZE 1L SÈ VINDIJA   ;432739    ;Z BREGOV       ;        1.00;L  ;        1.99;        1.99;'3850108023572';HRANA;        0.00;        0.00
MLIJEKO UHT 2,8% 4X1L VINDIJA           ;448749    ;Z BREGOV       ;        4.00;L  ;        4.08;        1.02;'3850108020540';HRANA;        0.00;        0.00
MLIJEKO UHT 2,8% 1L KŽ MLJEKARA         ;562929    ;MLJEKAR LOGISTIKA D.O.O.;        1.00;L  ;        0.00;        0.63;'3859893374081';HRANA;        0.66;        0.63
ALPSKO MLIJEKO 3,5% M.M. 1L DUKAT       ;566944    ;DUKAT D.D. ZAGREB;        1.00;L  ;        1.49;        1.49;'3838800040578';HRANA;        0.00;        0.00
MLIJEKO UHT 2,8% 1L TE VINDIJA          ;577544    ;Z BREGOV       ;        1.00;L  ;        1.02;        1.02;'3850108020908';HRANA;        0.00;        0.00
MLIJEKO 1,0% TE 1L VINDIJA              ;577546    ;Z BREGOV       ;        1.00;L  ;        1.49;        1.49;'3850108020892';HRANA;        0.00;        0.00
MLIJEKO 0,9% TE 1L VINDIJA              ;577548    ;Z BREGOV       ;        1.00;L  ;        1.49;        1.49;'3850108021592';HRANA;        0.00;        0.00
MLIJEKO 2,8% TE 6X1L VINDIJA            ;586312    ;Z BREGOV       ;        6.00;L  ;        6.12;        1.02;'3850108020922';HRANA;        0.00;        0.00
MLIJEKO UHT 2,8% 1L+ D VITAMIN VINDIJA  ;603090    ;Z BREGOV       ;        1.00;L  ;        1.02;        1.02;'3850108021295';HRANA;        0.00;        0.00
MLIJEKO UHT 1L LAGANO JUTRO DUKAT       ;615961    ;DUKAT D.D. ZAGREB;        1.00;L  ;        1.99;        1.99;'3850354017042';HRANA;        0.00;        0.00
MLIJEKO UHT 2,8% 1L FARMER              ;640340    ;BONAFARM ADRIATIC D.O.O.;        1.00;L  ;        0.68;        0.68;'5998200400179';HRANA;        0.00;        0.00
MLIJEKO UHT 2,8% 1L DUKAT               ;690165    ;DUKAT D.D. ZAGREB;        1.00;L  ;        0.94;        0.94;'3850354016830';HRANA;        0.00;        0.00
MLIJEKO 2,8% SLIM 6X1L DUKAT            ;690170    ;DUKAT D.D. ZAGREB;        6.00;L  ;        5.19;        0.87;'3850354016809';HRANA;        0.00;        0.00
MLIJEKO LAGANO JUTRO 1,5% DUKAT         ;690556    ;DUKAT D.D. ZAGREB;        1.00;L  ;        1.99;        1.99;'3850354017103';HRANA;        0.00;        0.00
MLIJEKO LAGANO JUTRO 0% 1L DUKAT        ;690557    ;DUKAT D.D. ZAGREB;        1.00;L  ;        1.99;        1.99;'3850354017080';HRANA;        0.00;        0.00
MLIJEKO UHT BEZ LAKTOZE 1,5%mm          ;692226    ;VINDIJA D.O.O.;        1.00;L  ;        1.99;        1.99;'3850108023596';HRANA;        0.00;        0.00
MLIJEKO UHT 2,8% 0,2L VINDIJA           ;692274    ;VINDIJA D.O.O.;        0.20;L  ;        0.62;        3.10;'3850108020052';HRANA;        0.00;        0.00
KONDENZIRANO MLIJEKO 397g ZASLAÐENO     ;692379    ;DUPIN d.o.o. ZAGREB;        0.40;kg ;        2.99;        7.53;'8050519877046';HRANA;        0.00;        0.00
MLIJEKO UHT 2,8% 1L SOLE                ;695000    ;BONAFARM ADRIATIC D.O.O.;        1.00;L  ;        0.71;        0.71;'5998200484919';HRANA;        0.00;        0.00
MLIJEKO UHT 2,8% 1L BÈ                  ;79207     ;Z BREGOV       ;        1.00;L  ;        1.02;        1.02;'3850108020007';HRANA;        0.00;        0.00
ÈOKOLADNO MLIJEKO 1/2 VINDIJA           ;02931     ;Z BREGOV       ;        0.50;L  ;        1.59;        3.18;'3850108023350';HRANA;        0.00;        0.00
ÈOKOLADNO MLIJEKO 1/1                   ;02970     ;VINDIJA D.O.O.;        1.00;L  ;        2.39;        2.39;'3850108023305';HRANA;        0.00;        0.00
ÈOKOLADNO MLIJEKO 0,2L DUKAT            ;153289    ;DUKAT D.D. ZAGREB;        0.20;L  ;        0.99;        4.95;'3850354002239';HRANA;        0.00;        0.00
MONTE DRINK 200mL                       ;183791    ;STANIÆ D.O.O.;        0.20;L  ;        0.93;        4.65;'4014500026510';HRANA;        0.00;        0.00
ÈOKOLADNO MLIJEKO 1L BOCA DUKAT         ;364226    ;DUKAT D.D. ZAGREB;        1.00;L  ;        0.00;        1.99;'3850354007661';HRANA;        2.29;        1.99
ÈOKOLADNO MLIJEKO 0,5L BOCA DUKAT       ;367416    ;DUKAT D.D. ZAGREB;        0.50;L  ;        1.69;        3.38;'3850354006879';HRANA;        0.00;        0.00
ÈOKOLADNO MLIJEKO OKUS KEKS 0,5L DUKAT  ;512274    ;DUKAT D.D. ZAGREB;        0.50;L  ;        1.69;        3.38;'3850354006893';HRANA;        0.00;        0.00
SHAKE ÈOKOLADA 200mL VINDIJA            ;572483    ;Z BREGOV       ;        0.20;L  ;        1.15;        5.75;'3850108035407';HRANA;        0.00;        0.00
ÈOKOLADNO MLIJEKO CRNA ÈOK 0,5L DUKAT   ;573723    ;DUKAT D.D. ZAGREB;        0.50;L  ;        1.69;        3.38;'3850354014638';HRANA;        0.00;        0.00
ÈOKOLADNO MLIJEKO BIJELA ÈOK 0,5L DUKAT ;573724    ;DUKAT D.D. ZAGREB;        0.50;L  ;        1.69;        3.38;'3850354014652';HRANA;        0.00;        0.00
PROTEINSKI NAPITAK ÈOKOLADA 0,5L VINDIJA;581963    ;VINDIJA D.O.O.;        0.50;L  ;        2.49;        4.98;'3850108023664';HRANA;        0.00;        0.00
PROTEINSKI NAPITAK ÈOK-KIKIR.0,5L VINDIJ;581965    ;VINDIJA D.O.O.;        0.50;L  ;        2.49;        4.98;'3850108023688';HRANA;        0.00;        0.00
ÈOKOLADNO MLIJEKO BEZ LAKTOZE 1L        ;607221    ;Z BREGOV       ;        1.00;L  ;        2.39;        2.39;'3850108023268';HRANA;        0.00;        0.00
PROTEINSKI NAPITAK VANIL 0,5L VINDIJA   ;607782    ;VINDIJA D.O.O.;        0.50;L  ;        2.52;        5.04;'3850108023701';HRANA;        0.00;        0.00
PROTEINSKI NAPITAK ÈOK-BAN 0,5L VINDIJA ;607783    ;VINDIJA D.O.O.;        0.50;L  ;        2.52;        5.04;'3850108023718';HRANA;        0.00;        0.00
PROTEINSKI NAPITAK JAGODA 0,5L VINDIJA  ;607784    ;VINDIJA D.O.O.;        0.50;L  ;        2.52;        5.04;'3850108023725';HRANA;        0.00;        0.00
PROTEINSKI NAPITAK PISTACIJA 0,5L VINDIJ;607785    ;VINDIJA D.O.O.;        0.50;L  ;        2.52;        5.04;'3850108023794';HRANA;        0.00;        0.00
ÈOKOLADNO MLIJEKO 500mL TE DUKAT        ;624783    ;DUKAT D.D. ZAGREB;        0.50;L  ;        1.69;        3.38;'3850354017608';HRANA;        0.00;        0.00
STAY STRONG FIT KOLAGEN JAGODA 0,5L     ;655970    ;DUKAT D.D. ZAGREB;        0.50;L  ;        2.49;        4.98;'3850354019275';HRANA;        0.00;        0.00
STAY STRONG FIT KOLAGEN KAKAO 0,5L      ;655971    ;DUKAT D.D. ZAGREB;        0.50;L  ;        2.49;        4.98;'3850354019251';HRANA;        0.00;        0.00
ÈOK.MLIJEKO BEZ LAKTOZE DISNEY 0,2L     ;656615    ;Z BREGOV       ;        0.20;L  ;        0.99;        4.95;'3850108023039';HRANA;        0.00;        0.00
PROTEINSKI NAPITAK NOUGAT 0,5L          ;691084    ;VINDIJA D.O.O.;        0.50;L  ;        2.49;        4.98;'3850108023633';HRANA;        0.00;        0.00
POLLEO PROTEIN VANIL.0,5L VINDIJA       ;692057    ;VINDIJA D.O.O.;        0.50;L  ;        2.89;        5.78;'3850108023770';HRANA;        0.00;        0.00
POLLEO PROTEIN ÈOK.0,5L VINDIJA         ;692058    ;VINDIJA D.O.O.;        0.50;L  ;        2.89;        5.78;'3850108023787';HRANA;        0.00;        0.00
MILKA NAPITAK CLASSIC 250mL             ;692072    ;STANIÆ D.O.O.;        0.25;L  ;        1.79;        7.16;'5711953190070';HRANA;        0.00;        0.00
MILKA NAPITAK NOISETTE 250mL            ;692073    ;STANIÆ D.O.O.;        0.25;L  ;        1.79;        7.16;'5711953190117';HRANA;        0.00;        0.00
ÈOKOLADNO MLIJEKO KOKOS 0,5L DUKAT      ;692230    ;DUKAT D.D. ZAGREB;        0.50;L  ;        1.69;        3.38;'3850354019299';HRANA;        0.00;        0.00
ÈOKOLADNO MLIJEKO 200mL VINDIJA         ;692262    ;Z BREGOV       ;        0.20;L  ;        0.99;        4.95;'3850108023053';HRANA;        0.00;        0.00
ÈOKOLADNO MLIJEKO 4X0,5L+LIP BALM       ;692333    ;DUKAT D.D. ZAGREB;        2.00;L  ;        6.76;        3.38;'3850354019534';HRANA;        0.00;        0.00
PROTEIN NAPITAK KOKOS 0,3L VINDIJA      ;692384    ;VINDIJA        ;        0.30;L  ;        1.79;        5.97;'3850108023749';HRANA;        0.00;        0.00
PROTEIN NAPITAK NOUGAT 0,3L VINDIJA     ;692385    ;VINDIJA        ;        0.30;L  ;        1.79;        5.97;'3850108023756';HRANA;        0.00;        0.00
PROTEIN NAPITAK ÈOKOLADA 0,3L VINDIJA   ;692386    ;VINDIJA        ;        0.30;L  ;        1.79;        5.97;'3850108023763';HRANA;        0.00;        0.00
PROTEIN NAPIT.VANIL.ICE CREAM 0,3L VINDI;692387    ;VINDIJA        ;        0.30;L  ;        1.79;        5.97;'3850108023978';HRANA;        0.00;        0.00
PROTEIN NAPITAK PISTACIJA 0,3L VINDIJA  ;692388    ;VINDIJA        ;        0.30;L  ;        1.79;        5.97;'3850108023985';HRANA;        0.00;        0.00
SHAKE ÈOKOLADA 0,235L VINDIJA           ;692390    ;VINDIJA        ;        0.24;L  ;        1.39;        5.91;'3850108035438';HRANA;        0.00;        0.00
SHAKE VANILIJA 0,235L VINDIJA           ;692391    ;VINDIJA        ;        0.24;L  ;        1.39;        5.91;'3850108035445';HRANA;        0.00;        0.00
SIR PODRAVEC 45% CCA 2kg DUKAT          ;00182     ;DUKAT D.D. ZAGREB;        1.00;kg ;       12.99;       12.99;'';HRANA;        0.00;        0.00
SIR DIMSI BLOK 3kg DUKAT PRESIDENT      ;00193     ;DUKAT D.D. ZAGREB;        1.00;kg ;       12.49;       12.49;'';HRANA;        0.00;        0.00
SIR TILZIT VINDIJA                      ;00490     ;VINDIJA D.O.O.;        1.00;kg ;       12.99;       12.99;'';HRANA;        0.00;        0.00
SIR GOUDA VINDIJA                       ;00698     ;VINDIJA D.O.O.;        1.00;kg ;        6.49;        6.49;'';HRANA;        0.00;        0.00
SIR VARAŽDINEC 1600-1800g               ;02606     ;VINDIJA D.O.O.;        1.00;kg ;       12.99;       12.99;'3850108055207';HRANA;        0.00;        0.00
SIR GAUDA 45%mm CCA 2,5kg ZELENE DOLINE ;175918    ;DIGIT ADRIA DOO;        1.00;kg ;        6.39;        6.39;'';HRANA;        0.00;        0.00
SIR GOUDA RFS DUKAT ŽUTA FOLIJA         ;310518    ;DUKAT D.D. ZAGREB;        1.00;kg ;        4.99;        4.99;'';HRANA;        0.00;        0.00
SIR TRAPIST 45%mm CCA2,5kg ZELENE DOLINE;375680    ;DIGIT ADRIA DOO;        1.00;kg ;        7.49;        7.49;'';HRANA;        0.00;        0.00
SIR EDAMEC 45%mm CCA2,5kg ZELENE DOLINE ;386114    ;DIGIT ADRIA DOO;        1.00;kg ;        7.99;        7.99;'';HRANA;        0.00;        0.00
SIR GOUDA RFS BUCO                      ;420291    ;STANIÆ D.O.O.;        1.00;kg ;        6.49;        6.49;'';HRANA;        0.00;        0.00
SIR DOLINAR 45%mm CCA2,5kg ZELENE DOLINE;506447    ;DIGIT ADRIA DOO;        1.00;kg ;        8.99;        8.99;'';HRANA;        0.00;        0.00
SIR DIMAR DIMLJENI RFS ZEL.DOLINE       ;509092    ;DIGIT ADRIA DOO;        1.00;kg ;        9.99;        9.99;'';HRANA;        0.00;        0.00
NADOMJESTAK ZA SIR PIZZA/TOAST CCA 2,5kg;538566    ;STANIÆ D.O.O.;        1.00;kg ;        5.31;        5.31;'3800500044057';HRANA;        0.00;        0.00
SIR TILZIT RFS CCA 3kg VALIO            ;574735    ;SELECT FOOD D.O.O.;        1.00;kg ;        9.99;        9.99;'';HRANA;        0.00;        0.00
SIR MOZZARELA CCA2KG                    ;582301    ;ZDENKA-MLIJEÈNI PROIZVODI DOO;        1.00;kg ;       11.99;       11.99;'2131077023161';HRANA;        0.00;        0.00
SIR GOUDA CCA 3kg PRESIDENT             ;59428     ;DUKAT D.D. ZAGREB;        1.00;kg ;        6.49;        6.49;'';HRANA;        0.00;        0.00
SIR GOUDA AMMERLAND 48%mm CCA 3kg       ;645080    ;C.A.K.DOO;        1.00;kg ;        6.49;        6.49;'';HRANA;        0.00;        0.00
SIR EMMENTALER CCA 3kg SPOMLEK          ;692298    ;C.A.K.DOO;        1.00;kg ;        9.99;        9.99;'';HRANA;        0.00;        0.00
SIR GOUDA BON CCA 3kg                   ;692299    ;C.A.K.DOO;        1.00;kg ;        5.99;        5.99;'';HRANA;        0.00;        0.00
JOGURT TEKUÆI 2,8% 180g DUKAT           ;142787    ;DUKAT D.D. ZAGREB;        0.18;kg ;        0.44;        2.44;'3850354000921';HRANA;        0.00;        0.00
JOGURT 180g 3.2 % DUKAT                 ;146891    ;DUKAT D.D. ZAGREB;        0.18;kg ;        0.44;        2.44;'3850354001133';HRANA;        0.00;        0.00
JOGOBELLA 150g                          ;15519     ;STANIÆ D.O.O.;        0.15;kg ;        0.79;        5.27;'4014500503646';HRANA;        0.00;        0.00
JOGURT VOÆNI JOGO 150g DUKAT            ;237673    ;DUKAT D.D. ZAGREB;        0.15;kg ;        0.59;        3.93;'3850354003526';HRANA;        0.00;        0.00
SENSIA FIBERS SNACK VAN.190g DUKAT      ;318861    ;DUKAT D.D. ZAGREB;        0.19;kg ;        1.69;        8.89;'3850354006152';HRANA;        0.00;        0.00
JOGURT ÈVRSTI 3,2% 900g KANTICA VINDIJA ;326773    ;Z BREGOV       ;        0.90;kg ;        2.39;        2.66;'3850108030174';HRANA;        0.00;        0.00
JOGURT ÈVRSTI 3,2% 180g EURO-MILK       ;334752    ;EURO-MILK D.O.O.;        0.18;kg ;        0.49;        2.72;'3859889770088';HRANA;        0.00;        0.00
JOGURT TEKUÆI 3,2% 180g EURO-MILK       ;334754    ;EURO-MILK D.O.O.;        0.18;kg ;        0.49;        2.72;'3859889770071';HRANA;        0.00;        0.00
JOGURT 2,8% 1000g TREX VINDIJA          ;357710    ;Z BREGOV       ;        1.00;kg ;        2.09;        2.09;'3850108030297';HRANA;        0.00;        0.00
DUKATINO GRIC 122g DUKAT                ;365655    ;DUKAT D.D. ZAGREB;        0.12;kg ;        1.39;       11.39;'3850354003694';HRANA;        0.00;        0.00
JOGURT TEKUÆI 2,8% 230g MAXI DUKAT      ;367794    ;DUKAT D.D. ZAGREB;        0.23;kg ;        0.79;        3.43;'3850354009177';HRANA;        0.00;        0.00
JOGURT DUKATOS NATUR 150g               ;374995    ;DUKAT D.D. ZAGREB;        0.15;kg ;        0.99;        6.60;'3850354009726';HRANA;        0.00;        0.00
JOGURT DUKATOS BADEM PISTACIJA 150g     ;390463    ;DUKAT D.D. ZAGREB;        0.15;kg ;        0.99;        6.60;'3850354009764';HRANA;        0.00;        0.00
JOGURT DUKATOS JAGODA 150g              ;390464    ;DUKAT D.D. ZAGREB;        0.15;kg ;        0.99;        6.60;'3850354009788';HRANA;        0.00;        0.00
JOGURT ÈVRSTI 800g DUKAT                ;397081    ;DUKAT D.D. ZAGREB;        0.80;kg ;        2.19;        2.74;'3850354009924';HRANA;        0.00;        0.00
JOGURT NATUR VILIKIS 150g               ;416483    ;Z BREGOV       ;        0.15;kg ;        0.99;        6.60;'3850108030242';HRANA;        0.00;        0.00
JOGURT DUKATOS NATUR 450g KANTICA       ;417450    ;DUKAT D.D. ZAGREB;        0.45;kg ;        2.69;        5.98;'3850354010784';HRANA;        0.00;        0.00
JOGURT VOÆNI JAGODA 1kg BOCA            ;418084    ;DIGIT ADRIA DOO;        1.00;kg ;        1.85;        1.85;'3831051013759';HRANA;        0.00;        0.00
JOGURT DUKATOS C.RIBIZL CIMET 150g      ;418199    ;DUKAT D.D. ZAGREB;        0.15;kg ;        0.99;        6.60;'3850354010920';HRANA;        0.00;        0.00
JOGURT DUKATOS NAR-CIM 150g             ;418591    ;DUKAT D.D. ZAGREB;        0.15;kg ;        0.99;        6.60;'3850354010883';HRANA;        0.00;        0.00
JOGURT TEKUÆI 3.2% 150g ZEL.DOLINE      ;429008    ;DIGIT ADRIA DOO;        0.15;kg ;        0.36;        2.40;'3831051010321';HRANA;        0.00;        0.00
JOGURT DUKATOS LIM KOLAÈ MED 150g       ;439384    ;DUKAT D.D. ZAGREB;        0.15;kg ;        0.99;        6.60;'3850354010944';HRANA;        0.00;        0.00
VILIKIS GRÈKI TIP JOGURTA MIX 150g      ;439477    ;Z BREGOV       ;        0.15;kg ;        0.99;        6.60;'3850108030594';HRANA;        0.00;        0.00
LCA PROB.JAGODA 1,2% 180g               ;518213    ;DIGIT ADRIA DOO;        0.18;kg ;        0.49;        2.72;'3831051008649';HRANA;        0.00;        0.00
LCA PROB.ŠLJIVA-SMOK.1,2% 180g          ;518230    ;DIGIT ADRIA DOO;        0.18;kg ;        0.49;        2.72;'3831051008724';HRANA;        0.00;        0.00
JOGURT TEKUÆI 3,2% 1kg BOCA ZELENE DOLIN;521392    ;DIGIT ADRIA DOO;        1.00;kg ;        1.59;        1.59;'3831051012752';HRANA;        0.00;        0.00
JOGURT TEKUÆI 1,3% 1kg BOCA ZELENE DOLIN;521395    ;DIGIT ADRIA DOO;        1.00;kg ;        1.59;        1.59;'3831051012714';HRANA;        0.00;        0.00
JOGURT TEKUÆI 1kg LCA PROB.1,3% ZELENE  ;521404    ;DIGIT ADRIA DOO;        1.00;kg ;        1.59;        1.59;'3831051012790';HRANA;        0.00;        0.00
JOGURT DESERTNI VANILIJA/JAGODA 150g    ;524196    ;DIGIT ADRIA DOO;        0.15;kg ;        0.59;        3.93;'3831051009134';HRANA;        0.00;        0.00
JOGURT DESRETNI VANILIJA/VIŠNJA 150g    ;524198    ;DIGIT ADRIA DOO;        0.15;kg ;        0.62;        4.13;'3831051009158';HRANA;        0.00;        0.00
JOGURT DESERTNI JAGODA 150g ZELENE DOLIN;528492    ;DIGIT ADRIA DOO;        0.15;kg ;        0.79;        5.27;'3831051008991';HRANA;        0.00;        0.00
JOGURT DESERTNI VIŠNJA 150g ZELENE DOLIN;528493    ;DIGIT ADRIA DOO;        0.15;kg ;        0.79;        5.27;'3831051009035';HRANA;        0.00;        0.00
JOGURT DESERTNI STRACCIATELLA 150g ZELEN;528494    ;DIGIT ADRIA DOO;        0.15;kg ;        0.79;        5.27;'3831051008953';HRANA;        0.00;        0.00
JOGURT LCA PROB.1,1% JAGODA BOCA 500g   ;536232    ;DIGIT ADRIA DOO;        0.50;kg ;        1.25;        2.50;'3831051012974';HRANA;        0.00;        0.00
JOGURT VOÆNI 1,1% MALINA/JAGODA 500g BOC;536235    ;DIGIT ADRIA DOO;        0.50;kg ;        1.25;        2.50;'3831051012899';HRANA;        0.00;        0.00
JOGURT 2,8% 200g VINDIJA                ;55476     ;Z BREGOV       ;        0.20;kg ;        0.49;        2.45;'3850108030020';HRANA;        0.00;        0.00
JOGURT LCA 1,1%M.M. JABUKA/BAN 500g BOCA;555871    ;DIGIT ADRIA DOO;        0.50;kg ;        1.25;        2.50;'3831051012912';HRANA;        0.00;        0.00
JOGURT LCA 1,1%M.M. ANANAS 500g BOCA    ;555872    ;DIGIT ADRIA DOO;        0.50;kg ;        1.25;        2.50;'3831051012936';HRANA;        0.00;        0.00
JOGURT VOÆNI 1,1%M.M. ŠUM.VOÆE 500g BOCA;555896    ;DIGIT ADRIA DOO;        0.50;kg ;        1.25;        2.50;'3831051012813';HRANA;        0.00;        0.00
JOGURT VOÆNI 1,1% BOROVNICA 500g        ;555897    ;DIGIT ADRIA DOO;        0.50;kg ;        1.25;        2.50;'3831051016118';HRANA;        0.00;        0.00
JOGURT LCA 1,1% JABUKA/RAŽ.MEKINJE 500g ;555898    ;DIGIT ADRIA DOO;        0.50;kg ;        1.25;        2.50;'3831051012950';HRANA;        0.00;        0.00
KAJMAK PIKANT 150g ZELENE DOLINE        ;555900    ;DIGIT ADRIA DOO;        0.15;kg ;        1.89;       12.60;'3831051013964';HRANA;        0.00;        0.00
JOGURT DESERTNI VANILIJA 150g ZELENE    ;555902    ;DIGIT ADRIA DOO;        0.15;kg ;        0.69;        4.60;'3831051009097';HRANA;        0.00;        0.00
PROTEIN SKYR JAB-ZOB-GRO 200g           ;572822    ;VINDIJA D.O.O.;        0.20;kg ;        1.29;        6.45;'3850108032345';HRANA;        0.00;        0.00
JOGURT TEKUÆI 2,8% M.M. 200g TTOP VINDI ;574699    ;Z BREGOV       ;        0.20;kg ;        0.49;        2.45;'3850108032505';HRANA;        0.00;        0.00
JOGURT TEKUÆI 2,8% 1kg TTOP VINDIJA     ;574717    ;Z BREGOV       ;        1.00;kg ;        2.09;        2.09;'3850108032529';HRANA;        0.00;        0.00
FORTIA JAG-GRO-C.RIB 1kg TTOP           ;581767    ;Z BREGOV       ;        1.00;kg ;        2.69;        2.69;'3850108032178';HRANA;        0.00;        0.00
JOGURT LIGHT 0,9% 200g VINDIJA          ;58831     ;Z BREGOV       ;        0.20;kg ;        0.49;        2.45;'3850108030303';HRANA;        0.00;        0.00
FORTIA ŽITARICE 330g TTOP VINDIJA       ;600030    ;Z BREGOV       ;        0.33;kg ;        1.25;        3.79;'3850108035964';HRANA;        0.00;        0.00
FORTIA ŽITARICE 1kg TTOP VINDIJA        ;600031    ;Z BREGOV       ;        1.00;kg ;        2.69;        2.69;'3850108035940';HRANA;        0.00;        0.00
JOGURT VOÆNI JAGODA 160g ZELENE DOLINE  ;604881    ;DIGIT ADRIA DOO;        0.16;kg ;        0.29;        1.81;'3831051016255';HRANA;        0.00;        0.00
JOGURT VOÆNI ŠUM.VOÆE 160g              ;606111    ;DIGIT ADRIA DOO;        0.16;kg ;        0.29;        1.81;'3831051016293';HRANA;        0.00;        0.00
JOGURT LCA GROŽÐE ARONIJA 500g PET      ;606378    ;DIGIT ADRIA DOO;        0.50;kg ;        1.25;        2.50;'3831051015791';HRANA;        0.00;        0.00
JOGURT GRÈKI TIP MYTHOS 9,5%mm 150g     ;606379    ;DIGIT ADRIA DOO;        0.15;kg ;        0.72;        4.80;'3831051013179';HRANA;        0.00;        0.00
JOGURT GRÈKI TIP MYTHOS JAG. 8,2% 150g  ;606383    ;DIGIT ADRIA DOO;        0.15;kg ;        0.72;        4.80;'3831051013193';HRANA;        0.00;        0.00
JOGURT VOÆNI BOROVNICA 160g ZELENE DOLIN;607407    ;DIGIT ADRIA DOO;        0.16;kg ;        0.29;        1.81;'3831051016279';HRANA;        0.00;        0.00
JOGURT 2,8% 1kg PET VINDIJA             ;607787    ;Z BREGOV       ;        1.00;kg ;        2.49;        2.49;'3850108037388';HRANA;        0.00;        0.00
JOGURT 2,8% 1,75kg PET VINDIJA          ;607790    ;Z BREGOV       ;        1.75;kg ;        4.02;        2.30;'3850108037265';HRANA;        0.00;        0.00
VINDINO VOÆ.JOGURT JAGODA 200mL VINDIJA ;607818    ;VINDINO        ;        0.20;L  ;        0.92;        4.60;'3850108037463';HRANA;        0.00;        0.00
JOGURT TEKUÆI 2,8% 1kg EURO-MILK        ;607819    ;EURO-MILK D.O.O.;        1.00;kg ;        1.85;        1.85;'3858891730288';HRANA;        0.00;        0.00
JOGURT TEKUÆI 2,8% 1kg PET DUKAT        ;607839    ;DUKAT D.D. ZAGREB;        1.00;kg ;        2.49;        2.49;'3850354016021';HRANA;        0.00;        0.00
JOGURT TEKUÆI 2,8% 1,5kg PET DUKAT      ;607840    ;DUKAT D.D. ZAGREB;        1.50;kg ;        3.29;        2.19;'3850354016038';HRANA;        0.00;        0.00
JOGURT VOÆNI 1kg ŠUMSKO VOÆE DUKAT      ;607845    ;DUKAT D.D. ZAGREB;        1.00;kg ;        2.69;        2.69;'3850354016052';HRANA;        0.00;        0.00
JOGURT VOÆNI 1kg JAGODA DUKAT           ;607846    ;DUKAT D.D. ZAGREB;        1.00;kg ;        2.69;        2.69;'3850354016045';HRANA;        0.00;        0.00
B.AKTIV LGG DRINK 330g DUKAT            ;607862    ;DUKAT D.D. ZAGREB;        0.33;kg ;        1.59;        4.82;'3850354015833';HRANA;        0.00;        0.00
B.AKTIV LGG JOGURT NATUR 1kg DUKAT      ;607863    ;DUKAT D.D. ZAGREB;        1.00;kg ;        2.39;        2.39;'3850354015819';HRANA;        0.00;        0.00
B.AKTIV LGG DRINK TREŠNJA 330g DUKAT    ;607866    ;DUKAT D.D. ZAGREB;        0.33;kg ;        1.69;        5.12;'3850354015871';HRANA;        0.00;        0.00
B.AKTIV LGG JAGODA 1kg DUKAT            ;607867    ;DUKAT D.D. ZAGREB;        1.00;kg ;        2.39;        2.39;'3850354015826';HRANA;        0.00;        0.00
B.AKTIV LGG JAGODA 330g DUKAT           ;607868    ;DUKAT D.D. ZAGREB;        0.33;kg ;        1.69;        5.12;'3850354015864';HRANA;        0.00;        0.00
B.AKTIV LGG JOGURT ACAI-ŠUM.MIX 330g    ;607869    ;DUKAT D.D. ZAGREB;        0.33;kg ;        1.69;        5.12;'3850354015840';HRANA;        0.00;        0.00
B.AKTIV LGG SMOOTHIE JAG-ANANAS 330g    ;607871    ;DUKAT D.D. ZAGREB;        0.33;kg ;        0.00;        4.52;'3850354015901';HRANA;        1.99;        1.49
B.AKTIV LGG SMOOTHIE BOROV-BAN.330g     ;607873    ;DUKAT D.D. ZAGREB;        0.33;kg ;        0.00;        4.52;'3850354015888';HRANA;        1.99;        1.49
B.AKTIV LGG SMOOTHIE ZOB-JEÈAM 330g     ;607874    ;DUKAT D.D. ZAGREB;        0.33;kg ;        0.00;        4.52;'3850354015918';HRANA;        1.99;        1.49
B.AKTIV LGG SMOOTHIE ZOB-BUNDEVA 330g   ;607875    ;DUKAT D.D. ZAGREB;        0.33;kg ;        0.00;        4.52;'3850354015925';HRANA;        1.99;        1.49
B.AKTIV LGG SUPER SMOOTHIE MATCHA 330g  ;607876    ;DUKAT D.D. ZAGREB;        0.33;kg ;        0.00;        4.52;'3850354015949';HRANA;        1.99;        1.49
B.AKTIV LGG SUPER SMOOTHIE SPIRULINA    ;607877    ;DUKAT D.D. ZAGREB;        0.33;kg ;        0.00;        4.52;'3850354016472';HRANA;        1.99;        1.49
B.AKTIV LGG SUPER SMOOTHIE KURKUMA 330g ;607878    ;DUKAT D.D. ZAGREB;        0.33;kg ;        0.00;        4.52;'3850354015932';HRANA;        1.99;        1.49
TEKUÆI JOGURT 1kg KŽ MLJEKARA           ;609210    ;MLJEKAR LOGISTIKA D.O.O.;        1.00;kg ;        1.59;        1.59;'3859893374012';HRANA;        0.00;        0.00
Z BREGOV DRINK VOÆ.JOG.MIX 150g         ;633432    ;Z BREGOV       ;        0.15;kg ;        0.55;        3.67;'3850108037494';HRANA;        0.00;        0.00
Z BREGOV VOÆ.JOG.MIX 150g VINDIJA       ;633625    ;Z BREGOV       ;        0.15;kg ;        0.59;        3.93;'3850108037760';HRANA;        0.00;        0.00
Z BREGOV VOÆ.JOG.JAGODA 150g VINDIJA    ;633654    ;Z BREGOV       ;        0.15;kg ;        0.59;        3.93;'3850108037838';HRANA;        0.00;        0.00
Z BREGOV EUFORIJA STRACC.150g           ;633657    ;Z BREGOV       ;        0.15;kg ;        0.99;        6.60;'3850108037630';HRANA;        0.00;        0.00
Z BREGOV EUFORIJA VANIL.JOG.MIX 150g    ;633659    ;Z BREGOV       ;        0.15;kg ;        0.99;        6.60;'3850108037609';HRANA;        0.00;        0.00
Z BREGOV VOÆ.JOG.MIX 400g VINDIJA       ;633660    ;Z BREGOV       ;        0.50;kg ;        1.59;        3.18;'3850108037975';HRANA;        0.00;        0.00
LCA PROB.BOROVNICA 1,2% 180g            ;635960    ;DIGIT ADRIA DOO;        0.18;kg ;        0.49;        2.72;'3831051008687';HRANA;        0.00;        0.00
B.AKTIV LGG NATUR 150g DUKAT            ;653681    ;DUKAT D.D. ZAGREB;        0.15;kg ;        0.79;        5.27;'3850354019121';HRANA;        0.00;        0.00
DUKAT YOSHAKE STRAWBERRY VANILLA 300g   ;655300    ;DUKAT D.D. ZAGREB;        0.30;kg ;        1.69;        5.63;'3850354019312';HRANA;        0.00;        0.00
Z BREGOV EUFORIJA  CHOCO MIX 150g       ;656938    ;Z BREGOV       ;        0.15;kg ;        0.99;        6.60;'3850108037722';HRANA;        0.00;        0.00
JOGURT ÈVRSTI 3X180g DUKAT              ;690179    ;DUKAT D.D. ZAGREB;        0.54;kg ;        1.30;        2.41;'3850354008781';HRANA;        0.00;        0.00
B.AKTIV LGG NATUR 3X150g DUKAT          ;690180    ;DUKAT D.D. ZAGREB;        0.45;kg ;        1.99;        4.42;'3850354008828';HRANA;        0.00;        0.00
DUKATOS SELECTION KOKOS 150g            ;690885    ;DUKAT D.D. ZAGREB;        0.15;kg ;        1.09;        7.27;'3850354016946';HRANA;        0.00;        0.00
VILIKIS GRÈKI TIP JOG.900g              ;691909    ;Z BREGOV       ;        0.90;kg ;        3.99;        4.43;'3850108039184';HRANA;        0.00;        0.00
MYTHOS GRÈKI TIP JOG.400g 10%mm         ;692055    ;DIGIT ADRIA DOO;        0.40;kg ;        1.19;        2.98;'3831051015326';HRANA;        0.00;        0.00
LCA PROB.BRESKVA 1,2% 180g ZELENE DOLINE;692062    ;DIGIT ADRIA DOO;        0.18;kg ;        0.49;        2.72;'3831051008700';HRANA;        0.00;        0.00
DUKAT YOSHAKE LEMON CHEESECAKE 300g     ;692252    ;DUKAT D.D. ZAGREB;        0.30;kg ;        1.69;        5.63;'3850354019084';HRANA;        0.00;        0.00
ZOBENA KAŠA 150g NATUR DUKAT            ;692407    ;DUKAT D.D. ZAGREB;        0.15;kg ;        0.99;        6.60;'3850354018964';HRANA;        0.00;        0.00
ZOBENA KAŠA 150g JAB.CIMET DUKAT        ;692408    ;DUKAT D.D. ZAGREB;        0.15;kg ;        0.99;        6.60;'3850354018988';HRANA;        0.00;        0.00
JOGOBELLA EXOTIC 150g ZOTT              ;76982     ;STANIÆ D.O.O.;        0.15;kg ;        0.79;        5.27;'4014500503684';HRANA;        0.00;        0.00
PUDING ÈOKOLADA 125g VINDI              ;02634     ;VINDIJA D.O.O.;        0.13;kg ;        0.65;        5.20;'38500039';HRANA;        0.00;        0.00
PUDING VANILIJA 125g VINDIJA            ;03289     ;VINDIJA D.O.O.;        0.13;kg ;        0.65;        5.20;'38500022';HRANA;        0.00;        0.00
KINDER MAXI KING 35g DUKAT              ;134990    ;KINDER         ;        0.04;kg ;        0.00;       21.43;'4008400553023';HRANA;        0.85;        0.75
MONTE 4X55g(220g) ZOTT                  ;23824     ;STANIÆ D.O.O.;        0.22;kg ;        1.99;        9.05;'40145631';HRANA;        0.00;        0.00
KINDER MILCH SCHNITTE 28g               ;24334     ;KINDER         ;        0.03;kg ;        0.75;       26.79;'40084794';HRANA;        0.00;        0.00
KINDER PINGUI 30g                       ;24335     ;KINDER         ;        0.03;kg ;        0.79;       26.33;'4008400290126';HRANA;        0.00;        0.00
MONTE MAXI 4X100g                       ;251406    ;STANIÆ D.O.O.;        0.40;kg ;        2.99;        7.48;'40145389';HRANA;        0.00;        0.00
MONTE 150g ZOTT                         ;334607    ;STANIÆ D.O.O.;        0.15;kg ;        1.19;        7.93;'4014500516646';HRANA;        0.00;        0.00
KINDER MILCHSCHNITTE T5 140g            ;367270    ;KINDER         ;        0.14;kg ;        3.39;       24.21;'8000500062654';HRANA;        0.00;        0.00
PUDING VANILIJA ŠLAG 4X125g VINDIJA     ;368546    ;VINDIJA D.O.O.;        0.50;kg ;        1.99;        3.98;'3850108040081';HRANA;        0.00;        0.00
PUDING ÈOKOLADA ŠLAG 4X125g VINDIJA     ;368548    ;VINDIJA D.O.O.;        0.50;kg ;        1.99;        3.98;'3850108040180';HRANA;        0.00;        0.00
KINDER CHOCO FRESCH T5                  ;390466    ;KINDER         ;        0.11;kg ;        2.99;       28.48;'8000500309469';HRANA;        0.00;        0.00
PUDING CHOCO LOCO 4X125g VINDIJA        ;394544    ;VINDIJA D.O.O.;        0.50;kg ;        1.99;        3.98;'3850108040500';HRANA;        0.00;        0.00
MONTE SNACK 29g                         ;420339    ;STANIÆ D.O.O.;        0.03;kg ;        0.53;       18.28;'40338545';HRANA;        0.00;        0.00
KINDER MAXI KING 3X35g                  ;428061    ;KINDER         ;        0.11;kg ;        2.39;       22.76;'4008400551920';HRANA;        0.00;        0.00
MONTE SNACK 4X29g ZOTT                  ;542846    ;STANIÆ D.O.O.;        0.12;kg ;        1.99;       17.16;'4014500513485';HRANA;        0.00;        0.00
MEGA MONTE XXL 400g                     ;579160    ;STANIÆ D.O.O.;        0.40;kg ;        2.39;        5.98;'4014500516288';HRANA;        0.00;        0.00
PUDING PROTEIN VANILIJA 180g VINDIJA    ;580801    ;VINDIJA D.O.O.;        0.18;kg ;        1.29;        7.17;'3850108040906';HRANA;        0.00;        0.00
PUDING PROTEIN ÈOKOLADA 180g VINDIJA    ;580802    ;VINDIJA D.O.O.;        0.18;kg ;        1.29;        7.17;'3850108040913';HRANA;        0.00;        0.00
TRES CHIC DUPLA ÈOKOLADA 200g VINDIJA   ;588481    ;VINDIJA D.O.O.;        0.20;kg ;        1.25;        6.25;'3850108023916';HRANA;        0.00;        0.00
TRES CHIC PRALINE&TAMNA ÈOKOLADA 200g   ;588482    ;VINDIJA D.O.O.;        0.20;kg ;        1.25;        6.25;'3850108023923';HRANA;        0.00;        0.00
KINDER PINGUI T4 120g                   ;604780    ;KINDER         ;        0.12;kg ;        2.69;       22.42;'8000500119716';HRANA;        0.00;        0.00
JOGURT DESERTNI NARANÈA KUG.150g        ;639765    ;DIGIT ADRIA DOO;        0.15;kg ;        0.79;        5.27;'3831051016620';HRANA;        0.00;        0.00
LAGANO JUTRO PUDING VANILIJA 4X125g DUKA;642164    ;DUKAT D.D. ZAGREB;        0.50;kg ;        2.49;        4.98;'3850354018162';HRANA;        0.00;        0.00
GRIS NATUR 200g VINDIJA                 ;655913    ;VINDIJA D.O.O.;        0.20;kg ;        0.99;        4.95;'3850108048001';HRANA;        0.00;        0.00
MLIJEÈNI DESERT LJEŠ-ÈOK 4X125g VINDINO ;656614    ;VINDINO        ;        0.50;kg ;        2.29;        4.58;'3850108040425';HRANA;        0.00;        0.00
PROTEIN PUDING ÈOK.200g ZOTT            ;690295    ;STANIÆ D.O.O.;        0.20;kg ;        1.19;        5.95;'4014500519142';HRANA;        0.00;        0.00
BELRISO GRIZ ÈOK/CIME 130g ZOTT         ;690297    ;STANIÆ D.O.O.;        0.13;kg ;        0.86;        6.62;'4014500519456';HRANA;        0.00;        0.00
BELRISO GRIZ JAG/ŠUM.VOÆE 130g ZOTT     ;690298    ;STANIÆ D.O.O.;        0.13;kg ;        0.86;        6.62;'4014500519463';HRANA;        0.00;        0.00
PUDING PROTEIN KARAMELA 180g            ;691085    ;VINDIJA D.O.O.;        0.18;kg ;        1.29;        7.17;'3850108040890';HRANA;        0.00;        0.00
PROTEIN SNACK 40g VINDIJA               ;691790    ;VINDIJA D.O.O.;        0.04;kg ;        1.49;       37.25;'3850108049909';HRANA;        0.00;        0.00
STAY STRONG PUDING KAKAO 200g           ;691911    ;DUKAT D.D. ZAGREB;        0.20;kg ;        0.99;        4.95;'3850354018490';HRANA;        0.00;        0.00
PUDING ÈOKOLADA 4X125g LUX              ;691933    ;DUKAT D.D. ZAGREB;        0.13;kg ;        2.49;       19.92;'3850354018292';HRANA;        0.00;        0.00
PUDING VANILIJA 4X125g LUX              ;691934    ;DUKAT D.D. ZAGREB;        0.13;kg ;        2.49;       19.92;'3850354018315';HRANA;        0.00;        0.00
GRIS ÈOKOLADA 200g VINDIJA              ;692255    ;VINDIJA D.O.O.;        0.20;kg ;        0.99;        4.95;'3850108048100';HRANA;        0.00;        0.00
MASLAC 250g DUKAT                       ;03251     ;DUKAT D.D. ZAGREB;        0.25;kg ;        2.99;       11.96;'3850355000999';HRANA;        0.00;        0.00
MASLAC 250g ZDENKA                      ;30074     ;ZDENKA-MLIJEÈNI PROIZVODI DOO;        0.25;kg ;        2.99;       11.96;'3858888590345';HRANA;        0.00;        0.00
MASLAC 250g MARKENBUTTER                ;358479    ;SELECT FOOD D.O.O.;        0.25;kg ;        3.29;       13.16;'4033854001431';HRANA;        0.00;        0.00
MASLAC 250g VINDIJA                     ;38261     ;VINDIJA D.O.O.;        0.25;kg ;        2.99;       11.96;'3850108060102';HRANA;        0.00;        0.00
MASLAC 15g VINDIJA                      ;38486     ;VINDIJA D.O.O.;        0.02;kg ;        0.49;       32.67;'3850108060188';HRANA;        0.00;        0.00
MASLAC I.KLASE 125g DUKAT               ;426845    ;DUKAT D.D. ZAGREB;        0.13;kg ;        2.49;       19.92;'3850355003969';HRANA;        0.00;        0.00
MASLAC 20g I KLASE DUKAT                ;534770    ;DUKAT D.D. ZAGREB;        0.02;kg ;        0.65;       32.50;'3850355001521';HRANA;        0.00;        0.00
MASLAC 200g LURPAK**                    ;692321    ;STANIÆ D.O.O.;        0.20;kg ;        1.99;        9.95;'5740900400016';HRANA;        0.00;        0.00
MASLAC 250g JAGER                       ;692367    ;C.A.K.DOO;        0.25;kg ;        2.99;       11.96;'4006496012028';HRANA;        0.00;        0.00
SLADOLED MACHO ÈOKOLADA ŠTAPIÆ 75mL     ;04697     ;MACHO          ;        0.08;L  ;        1.99;       24.88;'3850116612621';HRANA;        0.00;        0.00
SLADOLED ŠTAPIÆ SNJEGULJICA 65mL        ;05533     ;LEDO PLUS D.O.O.;        0.07;L  ;        0.99;       14.14;'3850116500171';HRANA;        0.00;        0.00
KING KORNET ÈOKOL.-VANIL.160mL          ;221233    ;KING           ;        0.16;L  ;        2.69;       16.81;'3850116815107';HRANA;        0.00;        0.00
SLADOLED KONTIKI 70mL                   ;246141    ;LEDO PLUS D.O.O.;        0.07;L  ;        1.06;       15.14;'3850116842974';HRANA;        0.00;        0.00
SLADOLED ŠTAPIÆ MACHO VANILIJA 75mL     ;56899     ;MACHO          ;        0.08;L  ;        1.99;       24.88;'3850116641942';HRANA;        0.00;        0.00
SLADOLED LINO LADA 90mL LEDO            ;571230    ;LEDO           ;        0.09;L  ;        1.99;       22.11;'3850116007328';HRANA;        0.00;        0.00
SLADOLED KIT KAT KOR110ML               ;586314    ;STANIÆ D.O.O.;        0.11;L  ;        2.29;       20.82;'5900130031460';HRANA;        0.00;        0.00
SLADOLED KING DOUBLE 100mL              ;602829    ;KING           ;        0.10;L  ;        2.79;       27.90;'3850116037165';HRANA;        0.00;        0.00
SLADOLED KING OBSESSION 100mL           ;603603    ;KING           ;        0.10;L  ;        2.79;       27.90;'3850116037073';HRANA;        0.00;        0.00
KING CLASSIC 30% MANJE ŠEÆERA 100mL     ;604205    ;KING           ;        0.10;L  ;        2.79;       27.90;'3850116037134';HRANA;        0.00;        0.00
KORNET STRACCIATELLA ŠUMSKO VOÆE 120mL  ;605651    ;LEDO PLUS D.O.O.;        0.12;L  ;        1.86;       15.50;'3850116037851';HRANA;        0.00;        0.00
SLADOLED KORNET VANILIJA 120mL          ;606110    ;LEDO PLUS D.O.O.;        0.12;L  ;        1.86;       15.50;'3850116037820';HRANA;        0.00;        0.00
SLADOLED KORNET ÈOKOLADA LEDO 120mL     ;607561    ;LEDO PLUS D.O.O.;        0.12;L  ;        1.86;       15.50;'3850116037790';HRANA;        0.00;        0.00
SLADOLED KESTEN ŠTAPIÆ 60mL LEDO        ;648235    ;LEDO PLUS D.O.O.;        0.06;L  ;        1.09;       18.17;'3850116064413';HRANA;        0.00;        0.00
SLADOLED KING DESIRE 100mL              ;653123    ;KING           ;        0.10;L  ;        2.79;       27.90;'3850116066219';HRANA;        0.00;        0.00
SLADOLED MACHO BANANA CRUNCH 75mL       ;653124    ;MACHO          ;        0.08;L  ;        1.99;       24.88;'3850116065977';HRANA;        0.00;        0.00
SLADOLED KORNET TIRAMISU 110mL          ;653605    ;LEDO PLUS D.O.O.;        0.11;L  ;        1.79;       16.27;'3850116065946';HRANA;        0.00;        0.00
SLADOLED SILK MILK SENDVIÈ 129mL        ;653606    ;LEDO PLUS D.O.O.;        0.13;L  ;        1.99;       15.43;'3850116065915';HRANA;        0.00;        0.00
SLADOLED KONTIKI MANGO 75mL             ;654153    ;LEDO PLUS D.O.O.;        0.08;L  ;        1.29;       16.13;'3850116066424';HRANA;        0.00;        0.00
KORNET KING JOGURT-ŠUMSKO VOÆE 167mL    ;654154    ;KING           ;        0.17;L  ;        2.79;       16.41;'3850116066332';HRANA;        0.00;        0.00
KORNET VAN-ÈOK JAMAICA 8X110mL          ;654402    ;STANIÆ D.O.O.;        0.88;L  ;        3.79;        4.31;'3830053879721';HRANA;        0.00;        0.00
SLADOLED KING MAJESTIC 100mL            ;690375    ;KING           ;        0.10;L  ;        2.79;       27.90;'3850116039527';HRANA;        0.00;        0.00
SLADOLED SNICKERS 6X45,6g               ;690560    ;MARS           ;        0.27;kg ;        5.49;       20.11;'5000159541336';HRANA;        0.00;        0.00
SLADOLED KING HARMONY 90mL              ;691069    ;KING           ;        0.09;L  ;        2.79;       31.00;'3850116056951';HRANA;        0.00;        0.00
SLADOLED MILKA KORNET 100mL/69g         ;691099    ;STANIÆ D.O.O.;        0.07;kg ;        2.29;       33.19;'8606018616220';HRANA;        0.00;        0.00
SLADOLED MILKA CLASSIC ŠT 90mL/64g      ;691101    ;STANIÆ D.O.O.;        0.06;kg ;        2.29;       35.78;'5900130038391';HRANA;        0.00;        0.00
SLADOLED MACHO PEANUT BUTTER 129mL**    ;691113    ;MACHO          ;        0.13;L  ;        1.99;       15.43;'3850116056685';HRANA;        0.00;        0.00
SLADOLED KING SUPREME 100mL LEDO        ;691860    ;KING           ;        0.08;kg ;        2.79;       34.88;'3850116064116';HRANA;        0.00;        0.00
SLADOLED PLAZMA CHEESECAKE ŠT90ML       ;691874    ;LEDO PLUS D.O.O.;        0.08;kg ;        1.99;       26.53;'3850116064260';HRANA;        0.00;        0.00
SLADOLED KING SEDUCTION 100mL LEDO      ;691877    ;KING           ;        0.08;kg ;        2.79;       33.21;'3850116064086';HRANA;        0.00;        0.00
SLADOLED ŠT JAG.CHHEESECAKE 67g         ;691902    ;STANIÆ D.O.O.;        0.07;kg ;        2.29;       34.18;'5900130040288';HRANA;        0.00;        0.00
SLADOLED MILKA PRAL.ŠT 90mL/67g         ;691941    ;STANIÆ D.O.O.;        0.09;L  ;        2.29;       25.44;'5900130040400';HRANA;        0.00;        0.00
SLADOLED TOBLE.ŠT 90mL/65g              ;691942    ;STANIÆ D.O.O.;        0.09;L  ;        2.29;       25.44;'8436575297279';HRANA;        0.00;        0.00
SLADOLED CDO VANILIJA 1L                ;147788    ;UNILEVER       ;        1.00;L  ;        6.99;        6.99;'8722700127796';HRANA;        0.00;        0.00
TWICE JAGODA-VANILIJA-ÈOKOLADA 1.7      ;166484    ;LEDO PLUS D.O.O.;        1.70;L  ;        4.49;        2.64;'3850116768441';HRANA;        0.00;        0.00
TWICE 1.7L ŠUMSKO VOÆE-VANIL.-PUNÈ      ;277318    ;LEDO PLUS D.O.O.;        1.70;L  ;        4.49;        2.64;'3850116867519';HRANA;        0.00;        0.00
SLADOLED VANILIJA BURBON 2L             ;586282    ;LEDO PLUS D.O.O.;        2.00;L  ;        5.79;        2.90;'3850116035543';HRANA;        0.00;        0.00
SLADOLED YETI ÈOK/VANIL 1L              ;586328    ;YETI           ;        1.00;L  ;        1.89;        1.89;'3858883225396';HRANA;        0.00;        0.00
SLADOLED YETI JAG/VANIL 1L              ;586329    ;YETI           ;        1.00;L  ;        1.89;        1.89;'3858883225426';HRANA;        0.00;        0.00
SLADOLED QUATTRO HAPPINESS 1650mL       ;591328    ;QUATTRO        ;        1.65;L  ;        7.49;        4.54;'3850116036083';HRANA;        0.00;        0.00
SLADOLED QUATTRO FANTASY 1650mL         ;591330    ;QUATTRO        ;        1.65;L  ;        7.49;        4.54;'3850116036144';HRANA;        0.00;        0.00
SLADOLED QUATTRO CLASSIC 900mL          ;591334    ;QUATTRO        ;        0.90;L  ;        4.79;        5.32;'3850116036359';HRANA;        0.00;        0.00
SLADOLED QUATTRO CHOCOMANIA 900mL       ;591338    ;QUATTRO        ;        0.90;L  ;        4.79;        5.32;'3850116036298';HRANA;        0.00;        0.00
SLADOLED YETI QUATRRO SCHWARZWALD 1,65L ;606353    ;YETI           ;        1.65;L  ;        3.99;        2.42;'3858883225440';HRANA;        0.00;        0.00
SLADOLED YETI QUATRRO CHOCO 1,65L       ;606354    ;YETI           ;        1.65;L  ;        3.99;        2.42;'3858883225433';HRANA;        0.00;        0.00
SLADOLED KING OBSESSION 3X100mL         ;608302    ;KING           ;        0.30;L  ;        6.99;       23.30;'3850116037677';HRANA;        0.00;        0.00
SLADOLED RAFFAELLO 4X70mL 188g          ;608351    ;FERRERO        ;        0.19;kg ;        7.39;       39.31;'8000500363492';HRANA;        0.00;        0.00
SLADOLED B&J HALF BAKED 465mL           ;624718    ;UNILEVER       ;        0.47;L  ;        8.79;       18.90;'8711327371002';HRANA;        0.00;        0.00
SLADOLED B&J JAG CHEESECAKE 465mL       ;633901    ;UNILEVER       ;        0.47;L  ;        8.79;       18.90;'8711327374126';HRANA;        0.00;        0.00
SLADOLED PLAZMA MIXBOX M6               ;634712    ;LEDO PLUS D.O.O.;        0.68;L  ;        7.49;       11.05;'3850116059204';HRANA;        0.00;        0.00
SLADOLED CDO BLACKFOREST 825mL          ;644127    ;UNILEVER       ;        0.83;L  ;        6.49;        7.87;'8711327617575';HRANA;        0.00;        0.00
SLADOLED CDO TRIPLE CHOCO 825mL         ;644128    ;UNILEVER       ;        0.83;L  ;        6.49;        7.87;'8711327618060';HRANA;        0.00;        0.00
SLADOLED KING SEDUCTION M3 3X100mL      ;649075    ;KING           ;        0.25;kg ;        6.99;       27.74;'3850116064536';HRANA;        0.00;        0.00
SLADOLED KING DESIRE M3 3X100mL         ;653122    ;KING           ;        0.30;L  ;        6.99;       23.30;'3850116066240';HRANA;        0.00;        0.00
SLADOLED LINO LADA 3X90mL               ;653340    ;LEDO PLUS D.O.O.;        0.27;L  ;        5.99;       22.19;'3850116067261';HRANA;        0.00;        0.00
SLADOLED NJOFRA PUNÈ 6X65mL             ;653341    ;LEDO PLUS D.O.O.;        0.39;L  ;        5.99;       15.36;'3850116067148';HRANA;        0.00;        0.00
SLADOLED QUATTRO SUNSHINE 1500mL        ;654151    ;QUATTRO        ;        1.50;L  ;        7.49;        4.99;'3850116067087';HRANA;        0.00;        0.00
LEDO VELVET VANILIJA 900mL              ;654387    ;LEDO PLUS D.O.O.;        0.90;L  ;        4.99;        5.54;'3850116067179';HRANA;        0.00;        0.00
LEDO LUSH ÈOKOLADA 900mL                ;654388    ;LEDO PLUS D.O.O.;        0.90;L  ;        4.99;        5.54;'3850116067209';HRANA;        0.00;        0.00
LEDO SATIN JAGODA 900mL                 ;654389    ;LEDO PLUS D.O.O.;        0.90;L  ;        4.99;        5.54;'3850116067230';HRANA;        0.00;        0.00
SLADOLED QUATTRO DORINA 1500mL          ;654449    ;QUATTRO        ;        1.50;L  ;        7.49;        4.99;'3850116067117';HRANA;        0.00;        0.00
SLADOLED MACHO SANDWICH M3 3X129mL      ;654537    ;LEDO PLUS D.O.O.;        0.39;L  ;        5.99;       15.48;'3850116068084';HRANA;        0.00;        0.00
SLADOLED KINDER BUENO WHITE 4X62g KORNET;654750    ;FERRERO        ;        0.25;kg ;        7.39;       29.80;'8000500384718';HRANA;        0.00;        0.00
SLADOLED KINDER BUENO 4X62g KORNET      ;654751    ;FERRERO        ;        0.25;kg ;        7.39;       29.80;'8000500384664';HRANA;        0.00;        0.00
SLADOLED NUTELLA CUP 230g               ;654755    ;FERRERO        ;        0.23;kg ;        7.99;       34.74;'8000500425183';HRANA;        0.00;        0.00
SLADOLED CDO JAG&VAN&ÈOKOLADA 1,3L      ;654757    ;UNILEVER       ;        1.30;L  ;        7.39;        5.68;'8711327674912';HRANA;        0.00;        0.00
SLADOLED KING DESIRE 450mL              ;655217    ;KING           ;        0.45;L  ;        7.49;       16.64;'3850116066271';HRANA;        0.00;        0.00
SLADOLED KING MAJESTIC M3 300mL         ;690442    ;KING           ;        0.30;L  ;        6.99;       23.30;'3850116039640';HRANA;        0.00;        0.00
SLADOLED MACHO MIXBOX M6                ;690703    ;LEDO PLUS D.O.O.;        0.45;L  ;        8.99;       19.98;'3850116042350';HRANA;        0.00;        0.00
SLADOLED B&JBROWNIE 465mL               ;690795    ;UNILEVER       ;        0.47;L  ;        8.79;       18.90;'8711327370708';HRANA;        0.00;        0.00
KING HARMONY M3 (3X90mL) LEDO**         ;691070    ;KING           ;        0.27;L  ;        6.99;       25.89;'3850116056982';HRANA;        0.00;        0.00
SLADOLED QUATTRO NOSTALGIJA 1650mL LEDO ;691071    ;QUATTRO        ;        1.65;L  ;        7.49;        4.54;'3850116058719';HRANA;        0.00;        0.00
SLADOLED MONTE ŠT 4X85mL ZOTT           ;691103    ;STANIÆ D.O.O.;        0.34;L  ;        6.79;       19.97;'4014500519814';HRANA;        0.00;        0.00
SLADOLED MONTE KOR 4X120mL ZOTT         ;691104    ;STANIÆ D.O.O.;        0.48;L  ;        7.99;       16.65;'4014500519821';HRANA;        0.00;        0.00
SLADOLED NJOFRA M6 6X65mL               ;691107    ;LEDO PLUS D.O.O.;        0.39;L  ;        5.79;       14.85;'3850116056869';HRANA;        0.00;        0.00
SLADOLED BANANKO M3(3X85mL)LEDO         ;691815    ;LEDO PLUS D.O.O.;        0.26;L  ;        3.99;       15.65;'3850116064147';HRANA;        0.00;        0.00
QUATTRO COLORI FRUIT 1500mL             ;691875    ;QUATTRO        ;        0.75;kg ;        6.49;        8.65;'3850116064321';HRANA;        0.00;        0.00
QUATTRO COLORI CHOCO 1500mL             ;691876    ;QUATTRO        ;        0.75;kg ;        6.49;        8.65;'3850116064352';HRANA;        0.00;        0.00
MACHO SL.BIJELA ÈOK.ÈAŠA 370mL          ;691882    ;LEDO PLUS D.O.O.;        0.26;kg ;        4.29;       16.50;'3850116063966';HRANA;        0.00;        0.00
MACHO SL.ÈOKOLADA 370mL                 ;691884    ;LEDO PLUS D.O.O.;        0.26;kg ;        4.29;       16.82;'3850116063997';HRANA;        0.00;        0.00
QUATTRO LINO LADA 1500mL LEDO           ;691901    ;QUATTRO        ;        1.50;L  ;        7.49;        4.99;'3850116064239';HRANA;        0.00;        0.00
SLADOLED KING OBSESSION 450mL           ;691946    ;KING           ;        0.45;L  ;        7.49;       16.64;'3850116064475';HRANA;        0.00;        0.00
SLADOLED KING MAJESTIC 450mL            ;691947    ;KING           ;        0.45;L  ;        7.49;       16.64;'3850116064505';HRANA;        0.00;        0.00
SLADOLED KING SUPREME 450mL             ;691948    ;KING           ;        0.45;L  ;        7.49;       16.64;'3850116064444';HRANA;        0.00;        0.00
MINI QUATTRO PLAZMA 800mL               ;691979    ;QUATTRO        ;        0.44;kg ;        4.99;       11.47;'3850116064383';HRANA;        0.00;        0.00
TWICE VANILIJA-ÈOKOLADA 1000mL LEDO     ;99229     ;LEDO PLUS D.O.O.;        1.00;L  ;        2.89;        2.89;'3850116712970';HRANA;        0.00;        0.00
TWICE VANILIJA-JAGODA 1000mL LEDO       ;99230     ;LEDO PLUS D.O.O.;        1.00;L  ;        2.89;        2.89;'3850116713045';HRANA;        0.00;        0.00
ŠLAG LEDO K-220                         ;02940     ;LEDO PLUS D.O.O.;        0.22;L  ;        1.99;        9.05;'3850116506623';HRANA;        0.00;        0.00
KESTEN BLOK 250g LEDO                   ;304297    ;LEDO PLUS D.O.O.;        0.25;kg ;        3.99;       15.96;'3850116888132';HRANA;        0.00;        0.00
TORTA ROÐENDANSKA 1000g LEDO            ;312145    ;LEDO PLUS D.O.O.;        1.00;kg ;       15.99;       15.99;'3850116875873';HRANA;        0.00;        0.00
KESTEN PIRE PREMIUM 140g                ;326290    ;LEDO PLUS D.O.O.;        0.14;kg ;        2.99;       21.36;'3850116887937';HRANA;        0.00;        0.00
TORTA SA SIROM CHEESECAKE 650g          ;555808    ;LATICA         ;        0.65;kg ;        7.39;       11.37;'3850261359716';HRANA;        0.00;        0.00
TORTA ÈOKOLADNA 350g LATICA             ;606115    ;LATICA         ;        0.35;kg ;        7.39;       21.11;'3850261355411';HRANA;        0.00;        0.00
TORTA SLADOLEDNA OD ÈOKOLADE 1000g LEDO ;68902     ;LEDO PLUS D.O.O.;        1.00;kg ;       15.99;       15.99;'3850116875699';HRANA;        0.00;        0.00
KESTEN ŠTAPIÆI KAKAO 80g SANA           ;691407    ;SANA           ;        0.08;kg ;        0.00;       21.13;'3858892322369';HRANA;        1.99;        1.69
KESTEN ROLADA 250g                      ;692067    ;SANA           ;        0.25;kg ;        0.00;       17.96;'3858892322796';HRANA;        5.99;        4.49
SIR MASCARPONE 500g VINDIJA             ;158569    ;VINDIJA D.O.O.;        0.50;kg ;        6.69;       13.38;'3850108058369';HRANA;        0.00;        0.00
SIR SVJEŽI ZRNATI 200g PRESIDENT        ;201098    ;DUKAT D.D. ZAGREB;        0.20;kg ;        2.49;       12.45;'3850355000814';HRANA;        0.00;        0.00
SIR SVJEŽI 800g U MARAMI                ;211318    ;VINDIJA D.O.O.;        0.80;kg ;        4.99;        6.24;'3850108058420';HRANA;        0.00;        0.00
SIR SVJ.ZAGREBAÈKI 375g DUKAT PRESIDENT ;304549    ;DUKAT D.D. ZAGREB;        0.38;kg ;        2.99;        7.97;'3850355002498';HRANA;        0.00;        0.00
SIR SVJEŽI POSNI 10% 200g DUKAT         ;337112    ;DUKAT D.D. ZAGREB;        0.20;kg ;        1.49;        7.45;'3850355002993';HRANA;        0.00;        0.00
SIR SVJ.ZAGREBAÈKI 750g DUKAT           ;390462    ;DUKAT D.D. ZAGREB;        0.75;kg ;        5.29;        7.05;'3850355003679';HRANA;        0.00;        0.00
SIR SVJEŽI POSNI LIGHT 500g PRESIDENT   ;39297     ;DUKAT D.D. ZAGREB;        0.50;kg ;        2.49;        4.98;'3850355001026';HRANA;        0.00;        0.00
SIR SVJEŽI POLUMASNI 500g VINDIJA       ;41200     ;VINDIJA D.O.O.;        0.50;kg ;        2.49;        4.98;'3850108058352';HRANA;        0.00;        0.00
SIR SVJEŽI POSNI 500g EUROMILK          ;423869    ;EURO-MILK D.O.O.;        0.50;kg ;        2.11;        4.22;'3859889770286';HRANA;        0.00;        0.00
SIR ZRNATI BEZ LAKTOZE PRESIDENT 200g   ;504173    ;DUKAT D.D. ZAGREB;        0.20;kg ;        2.49;       12.45;'3850355005673';HRANA;        0.00;        0.00
BIJELI SIR 15,5%mm 250g ZELENE DOLINE   ;526674    ;DIGIT ADRIA DOO;        0.25;kg ;        2.49;        9.96;'3831051011823';HRANA;        0.00;        0.00
SIR MASKARPONE 250g ZELENE DOLINE       ;542847    ;DIGIT ADRIA DOO;        0.25;kg ;        2.09;        8.36;'3831051014329';HRANA;        0.00;        0.00
MASLINE PUNJENE SIROM 210g MEGGLE       ;564204    ;MARKOS FOOD D.O.O.;        0.21;kg ;        3.29;       15.67;'8606108738849';HRANA;        0.00;        0.00
DUKATINO SVJ.SIR S VOÆEM 6X50g DUKAT    ;581684    ;DUKAT D.D. ZAGREB;        0.30;kg ;        2.79;        9.30;'3850354015116';HRANA;        0.00;        0.00
KREMA CHEESECAKE 500g VINDIJA           ;581966    ;VINDIJA D.O.O.;        0.50;kg ;        3.89;        7.78;'3850108058864';HRANA;        0.00;        0.00
SVJEŽI POSNI SIR 900g MLJEKAR           ;600034    ;MLJEKAR LOGISTIKA D.O.O.;        0.00;   ;        3.79;        0.00;'3859893374111';HRANA;        0.00;        0.00
DANISH WHITE 1500g                      ;655974    ;SELECT FOOD D.O.O.;        0.80;kg ;        5.99;        7.49;'4002566040403';HRANA;        0.00;        0.00
FETA 200g**                             ;656173    ;ZDENKA         ;        0.20;kg ;        3.29;       16.45;'3858888598099';HRANA;        0.00;        0.00
SVJEŽI SIR POSNI 10%mm 400g             ;657143    ;MLJEKAR LOGISTIKA D.O.O.;        0.00;   ;        2.39;        0.00;'3859893374401';HRANA;        0.00;        0.00
SVJEŽI SIR POLUMASNI 500g MLIKA         ;690810    ;SIRANA MILKA J.D.O.O.;        0.50;kg ;        2.39;        4.78;'3859893929038';HRANA;        0.00;        0.00
DOMAÆI KUHANI SIR 500g MEÐIMURSKI       ;690891    ;TRADICIJSKI SIREVI D.O.O.;        0.50;kg ;        5.69;       11.38;'3859893220500';HRANA;        0.00;        0.00
SIR SVJEŽI 500g MEÐIMURSKI              ;690892    ;TRADICIJSKI SIREVI D.O.O.;        0.50;kg ;        2.49;        4.98;'3859893220579';HRANA;        0.00;        0.00
SVJEŽI SIR 1kg MEÐIMURSKI               ;690895    ;TRADICIJSKI SIREVI D.O.O.;        1.00;kg ;        4.49;        4.49;'3859893220548';HRANA;        0.00;        0.00
BIJELI SIR KOCKICE 410g/200g            ;692173    ;STANIÆ D.O.O.;        0.20;kg ;        3.39;       16.95;'5711953182648';HRANA;        0.00;        0.00
BIJELI SIR KOCKICE ÈEŠ.410/200g         ;692174    ;STANIÆ D.O.O.;        0.20;kg ;        3.39;       16.95;'5711953182617';HRANA;        0.00;        0.00
SIR LISTIÆI TOAST ÈARDAŠ                ;281395    ;ZDENKA-MLIJEÈNI PROIZVODI DOO;        0.15;kg ;        1.55;       10.33;'3858888591878';HRANA;        0.00;        0.00
SIR ÈARDAŠ 140g ZDENKA                  ;287761    ;ZDENKA-MLIJEÈNI PROIZVODI DOO;        0.14;kg ;        1.69;       12.07;'3858888590109';HRANA;        0.00;        0.00
SIR ZDENKA CLASSIC 140g                 ;287763    ;ZDENKA-MLIJEÈNI PROIZVODI DOO;        0.14;kg ;        1.69;       12.07;'3858888590093';HRANA;        0.00;        0.00
SIR ZDENKA ŠUNKA 35%mm 140g             ;291678    ;ZDENKA-MLIJEÈNI PROIZVODI DOO;        0.14;kg ;        1.69;       12.07;'3858888590116';HRANA;        0.00;        0.00
SIR ZDENKA SPECIJAL 45%mm 140g          ;291684    ;ZDENKA-MLIJEÈNI PROIZVODI DOO;        0.14;kg ;        1.69;       12.07;'3858888590147';HRANA;        0.00;        0.00
SIR SANDWICH 140g ZDENKA                ;293152    ;ZDENKA-MLIJEÈNI PROIZVODI DOO;        0.14;kg ;        1.69;       12.07;'3858888590185';HRANA;        0.00;        0.00
SIR ZDENKA LIGHT 140g                   ;295999    ;ZDENKA-MLIJEÈNI PROIZVODI DOO;        0.14;kg ;        1.69;       12.07;'3858888590130';HRANA;        0.00;        0.00
SIR ZDENKA CLASSIC 280g                 ;356187    ;ZDENKA-MLIJEÈNI PROIZVODI DOO;        0.28;kg ;        3.79;       13.54;'3858888590802';HRANA;        0.00;        0.00
SIR LISTIÆI EDAMAC 150g ZDENKA          ;414801    ;ZDENKA-MLIJEÈNI PROIZVODI DOO;        0.15;kg ;        1.55;       10.33;'3858888591885';HRANA;        0.00;        0.00
SIR DIMLJENJAK 140g ZDENKA              ;426924    ;ZDENKA-MLIJEÈNI PROIZVODI DOO;        0.14;g  ;        1.69;       12.07;'3858888595609';HRANA;        0.00;        0.00
SIR MEDITERAN 140g ZDENKA               ;426925    ;ZDENKA-MLIJEÈNI PROIZVODI DOO;        0.14;kg ;        1.69;       12.07;'3858888595616';HRANA;        0.00;        0.00
SIR ZDENKA RETRO ÈARDAŠ 140g            ;437071    ;ZDENKA-MLIJEÈNI PROIZVODI DOO;        0.14;kg ;        1.99;       14.21;'3858888596057';HRANA;        0.00;        0.00
SIR TOPLJENI SA FEFER.PIKANT ZDENKA 150G;521091    ;ZDENKA-MLIJEÈNI PROIZVODI DOO;        0.15;kg ;        1.89;       12.60;'3858888596958';HRANA;        0.00;        0.00
TOPLJENI SIR CLASSIC 420g ZDENKA        ;586516    ;ZDENKA-MLIJEÈNI PROIZVODI DOO;        0.42;kg ;        5.19;       12.36;'3858888598006';HRANA;        0.00;        0.00
ZDENKA TOPLJENI SIR KOBASICA 140g       ;601199    ;ZDENKA-MLIJEÈNI PROIZVODI DOO;        0.14;kg ;        1.69;       12.07;'3858888598518';HRANA;        0.00;        0.00
ZDENKA TOPLJENI SIR MEDVJEÐI LUK 140g   ;601200    ;ZDENKA-MLIJEÈNI PROIZVODI DOO;        0.14;kg ;        1.69;       12.07;'3858888598549';HRANA;        0.00;        0.00
TOPLJENI SIR CHEDDAR 140g DUKAT         ;609535    ;DUKAT D.D. ZAGREB;        0.14;kg ;        2.29;       16.36;'3850355006434';HRANA;        0.00;        0.00
SIR EMMEN.150g TOAST PRESIDENT          ;614466    ;DUKAT D.D. ZAGREB;        0.15;kg ;        1.99;       13.27;'3228022210062';HRANA;        0.00;        0.00
SIR TOAST CHEDDAR 150g PRESIDENT        ;621957    ;DUKAT D.D. ZAGREB;        0.15;kg ;        1.99;       13.27;'3228022210055';HRANA;        0.00;        0.00
TOPLJENI SIR PRESIDENT PICANT 140g      ;624948    ;DUKAT D.D. ZAGREB;        0.14;kg ;        2.29;       16.36;'3850355005659';HRANA;        0.00;        0.00
TOAST GOUDA 150g PRESIDENT              ;690173    ;DUKAT D.D. ZAGREB;        0.15;kg ;        1.99;       13.27;'3228022210048';HRANA;        0.00;        0.00
SIR PICOK CLASSIC 140g PRESIDENT        ;690954    ;DUKAT D.D. ZAGREB;        0.14;kg ;        2.29;       16.36;'3850355007660';HRANA;        0.00;        0.00
SIR PICOK DIMSI 140g PRESIDENT          ;690956    ;DUKAT D.D. ZAGREB;        0.14;kg ;        2.29;       16.36;'3850355007684';HRANA;        0.00;        0.00
NAMAZ NATURA S TARTUFIMA 100g           ;692200    ;ZDENKA-MLIJEÈNI PROIZVODI DOO;        0.10;kg ;        1.89;       18.90;'3858888599409';HRANA;        0.00;        0.00
SIR RIBANAC 3X40g DUKAT                 ;618619    ;DUKAT D.D. ZAGREB;        0.12;kg ;        3.58;       29.83;'3850355006618';HRANA;        0.00;        0.00
SIR RIBANAC  40g PRESIDENT              ;690924    ;DUKAT D.D. ZAGREB;        0.04;kg ;        1.49;       37.25;'3850355007608';HRANA;        0.00;        0.00
SIR RIBANI EKSTRA TVRDI 40g VINDIJA     ;692335    ;VINDIJA D.O.O.;        0.04;kg ;        1.29;       32.25;'3850108055610';HRANA;        0.00;        0.00
SIR LISTIÆI RIBANI 100g VINDIJA         ;692336    ;VINDIJA D.O.O.;        0.10;kg ;        2.99;       29.90;'3850108055634';HRANA;        0.00;        0.00
KISELO VRHNJE 12% 200g DUKAT            ;09415     ;DUKAT D.D. ZAGREB;        0.20;kg ;        0.94;        4.70;'3850354002024';HRANA;        0.00;        0.00
KISELO VRHNJE 20% 200g DUKAT            ;09416     ;DUKAT D.D. ZAGREB;        0.20;kg ;        1.29;        6.45;'3850354002055';HRANA;        0.00;        0.00
KISELO VRHNJE 300g 25%mm VINDIJA        ;174697    ;VINDIJA D.O.O.;        0.30;kg ;        1.99;        6.63;'3850108036480';HRANA;        0.00;        0.00
KISELO VRHNJE 12% 400g DUKAT            ;193512    ;DUKAT D.D. ZAGREB;        0.40;kg ;        1.99;        4.98;'3850354000471';HRANA;        0.00;        0.00
MASLAC SA ZAÈINIMA 125g MEGGLE          ;25423     ;MARKOS FOOD D.O.O.;        0.13;kg ;        3.19;       25.52;'40349251';HRANA;        0.00;        0.00
KISELO VRHNJE 20% 900g DUKAT            ;263850    ;DUKAT D.D. ZAGREB;        0.90;kg ;        3.99;        4.43;'3850354009887';HRANA;        0.00;        0.00
KISELO VRHNJE 12% 180g EURO-MILK        ;334755    ;EURO-MILK D.O.O.;        0.18;kg ;        0.64;        3.56;'3859889770187';HRANA;        0.00;        0.00
KISELO VRHNJE 20% 180g EURO-MILK        ;334756    ;EURO-MILK D.O.O.;        0.18;kg ;        0.86;        4.78;'3859889770163';HRANA;        0.00;        0.00
KISELO VRHNJE DOMAÆE 25% 300g DUKAT     ;361911    ;DUKAT D.D. ZAGREB;        0.30;kg ;        1.99;        6.63;'3850354008729';HRANA;        0.00;        0.00
KISELO VRHNJE 12% 900g DUKAT            ;397079    ;DUKAT D.D. ZAGREB;        0.90;kg ;        3.99;        4.43;'3850354009863';HRANA;        0.00;        0.00
MILERAM 12%mm 800g ZELENE DOLINE        ;404415    ;DIGIT ADRIA DOO;        0.80;kg ;        3.19;        3.99;'3831051009530';HRANA;        0.00;        0.00
KISELO VRHNJE 18% 900g ZELENE DOLINE    ;404416    ;DIGIT ADRIA DOO;        0.90;kg ;        2.99;        3.32;'3831051001831';HRANA;        0.00;        0.00
KISELO VRHNJE 18%mm 180g ZEL.DOLINE     ;429097    ;DIGIT ADRIA DOO;        0.18;kg ;        0.79;        4.39;'3831051001350';HRANA;        0.00;        0.00
MILERAM 22%mm 900g VINDIJA              ;514700    ;VINDIJA D.O.O.;        0.90;kg ;        4.89;        5.43;'3850108036398';HRANA;        0.00;        0.00
KAJMAK 150g 43%mm ZELENE DOLINE         ;526673    ;DIGIT ADRIA DOO;        0.15;kg ;        1.89;       12.60;'3831051011250';HRANA;        0.00;        0.00
MILERAM 18% M.M. 250g ZELENE DOLINE     ;555899    ;DIGIT ADRIA DOO;        0.25;kg ;        0.99;        3.96;'3831051009998';HRANA;        0.00;        0.00
MILERAM 30%M.M. 400g ZELENE DOLINE      ;561852    ;DIGIT ADRIA DOO;        0.40;kg ;        1.99;        4.98;'3831051002838';HRANA;        0.00;        0.00
ALPINESSE NAMAZ CLASSIC 250g            ;572099    ;MARKOS FOOD D.O.O.;        0.25;kg ;        4.59;       18.36;'4034900008190';HRANA;        0.00;        0.00
MILERAM 400g BRZO I FINO DUKAT          ;583503    ;DUKAT D.D. ZAGREB;        0.40;kg ;        2.49;        6.23;'3850354009900';HRANA;        0.00;        0.00
KISELO VRHNJE DOMAÆE 400g KŽ MLJEKARA   ;586492    ;MLJEKAR LOGISTIKA D.O.O.;        0.40;kg ;        2.99;        7.48;'3859893374074';HRANA;        0.00;        0.00
KISELO VRHNJE BAKINO 300g DUKAT         ;642157    ;DUKAT D.D. ZAGREB;        0.30;kg ;        1.99;        6.63;'3850354018087';HRANA;        0.00;        0.00
ALPINESSE NAMAZ 400g                    ;648444    ;MARKOS FOOD D.O.O.;        0.40;kg ;        5.99;       14.98;'4034900008589';HRANA;        0.00;        0.00
KISELO VRHNJE 21% 1kg MEÐIMURSKO        ;690890    ;TRADICIJSKI SIREVI D.O.O.;        1.00;kg ;        3.99;        3.99;'3859893220517';HRANA;        0.00;        0.00
KISELO VRHNJE 24%mm 900g VINDIJA        ;692402    ;VINDIJA D.O.O.;        0.90;kg ;        0.00;        4.43;'3850108036381';HRANA;        4.89;        3.99
KISELO VRHNJE 12% 200g VINDIJA          ;83456     ;VINDIJA D.O.O.;        0.20;kg ;        0.94;        4.70;'3850108033007';HRANA;        0.00;        0.00
KISELO VRHNJE 20% 200g VINDIJA          ;83466     ;VINDIJA D.O.O.;        0.20;kg ;        1.29;        6.45;'3850108033106';HRANA;        0.00;        0.00
KEFIR 3,5%mm 400g VINDIJA               ;174651    ;Z BREGOV       ;        0.40;kg ;        1.35;        3.38;'3850108030518';HRANA;        0.00;        0.00
KEFIR 0.9%mm 200g VINDIJA               ;174652    ;Z BREGOV       ;        0.20;kg ;        0.79;        3.95;'3850108030549';HRANA;        0.00;        0.00
KISELO MLIJEKO ÈVRSTO 3,2% 900g VINDIJA ;361387    ;Z BREGOV       ;        0.90;kg ;        2.39;        2.66;'3850108031812';HRANA;        0.00;        0.00
KEFIR 3,5%mm 200g VINDIJA               ;58970     ;Z BREGOV       ;        0.20;kg ;        0.79;        3.95;'3850108030525';HRANA;        0.00;        0.00
KEFIR 3,5% 1kg PET VINDIJA              ;607792    ;Z BREGOV       ;        1.00;kg ;        2.59;        2.59;'3850108037531';HRANA;        0.00;        0.00
KEFIR 3,5% 330g PET VINDIJA             ;607793    ;Z BREGOV       ;        0.33;kg ;        1.29;        3.91;'3850108037562';HRANA;        0.00;        0.00
I LOVE KEFIR NATUR 1kg DUKAT            ;607861    ;DUKAT D.D. ZAGREB;        1.00;kg ;        2.49;        2.49;'3850354015956';HRANA;        0.00;        0.00
ÈVRSTO KISELO MLIJEKO 180g 3,2% M.M.    ;639722    ;DIGIT ADRIA DOO;        0.18;kg ;        0.39;        2.17;'3831051008304';HRANA;        0.00;        0.00
SUPER KEFIR LIMUN ÐUM.330g VINDIJA      ;692210    ;VINDIJA D.O.O.;        0.33;kg ;        1.49;        4.52;'3850108036978';HRANA;        0.00;        0.00
SUPER KEFIR PISTACIJA 330g VINDIJA      ;692211    ;VINDIJA D.O.O.;        0.33;kg ;        1.49;        4.52;'3850108036985';HRANA;        0.00;        0.00
SUPER KEFIR VIŠNJA 330g VINDIJA         ;692212    ;VINDIJA D.O.O.;        0.33;kg ;        1.49;        4.52;'3850108036992';HRANA;        0.00;        0.00
KISELO MLIJEKO 3,2% 200g VINDIJA        ;73713     ;Z BREGOV       ;        0.20;kg ;        0.79;        3.95;'3850108031645';HRANA;        0.00;        0.00
VRHNJE ZA KUHANJE 200g DUKAT            ;151975    ;DUKAT D.D. ZAGREB;        0.20;kg ;        1.49;        7.45;'3850354001232';HRANA;        0.00;        0.00
BILJNI PRIPRAVAK ZA KUHANJE 1L GRAN CUCI;280141    ;MARKOS FOOD D.O.O.;        1.00;L  ;        2.99;        2.99;'8007990000333';HRANA;        0.00;        0.00
HALTA BILJNI PRIPR.ZA KUH.500mL         ;321176    ;POHIT d.o.o.;        0.50;L  ;        2.09;        4.18;'8004172000495';HRANA;        0.00;        0.00
VRHNJE ZA KUHANJE 3*200g DUKAT          ;335670    ;DUKAT D.D. ZAGREB;        0.60;kg ;        3.99;        6.65;'3850354007975';HRANA;        0.00;        0.00
VRHNJE ZA KUHANJE 500g HDPE DUKAT       ;365059    ;DUKAT D.D. ZAGREB;        0.50;kg ;        0.00;        5.58;'3850354008606';HRANA;        2.99;        2.79
VRHNJE ZA KUHANJE 20%mm 0,5L KRAVICA KR.;606060    ;ZVIJEZDA PLUS D.O.O.;        0.50;L  ;        3.39;        6.78;'3850257061203';HRANA;        0.00;        0.00
HOLE ZA KUHANJE 500mL STANIÆ            ;618290    ;STANIÆ D.O.O.;        0.50;L  ;        1.59;        3.18;'8007990002344';HRANA;        0.00;        0.00
HOLE ZA KUHANJE 1L STANIÆ               ;618291    ;STANIÆ D.O.O.;        1.00;L  ;        3.71;        3.71;'8007990002269';HRANA;        0.00;        0.00
VRHNJE ZA KUHANJE 20% 500mL MEGGLE      ;636191    ;MARKOS FOOD D.O.O.;        0.50;L  ;        3.69;        7.38;'3870085021835';HRANA;        0.00;        0.00
THOMY BECHAMEL TOPLI UMAK 250mL         ;655998    ;THOMY          ;        0.25;L  ;        2.49;        9.96;'40056296';HRANA;        0.00;        0.00
THOMY HOLLANDAISE TOPLI UMAK 250mL      ;656003    ;ALCA ZAGREB D.O.O.;        0.25;L  ;        2.49;        9.96;'40056265';HRANA;        0.00;        0.00
HALTA BILJNI PRIPR.ZA KUH.1L            ;690201    ;POHIT d.o.o.;        1.00;L  ;        3.49;        3.49;'8004172000907';HRANA;        0.00;        0.00
VRHNJE ZA KUHANJE 500g DUKAT            ;690517    ;DUKAT D.D. ZAGREB;        0.50;kg ;        0.00;        5.58;'3850354017158';HRANA;        2.99;        2.79
HALTA BILJ.PRIP.ZA KUHANJE 200mL        ;691983    ;POHIT d.o.o.;        0.20;L  ;        1.09;        5.45;'8004172007395';HRANA;        0.00;        0.00
VRHNJE ZA KUHANJE 200g 20%mm ZELENE DOLI;692365    ;DIGIT ADRIA DOO;        0.20;L  ;        0.89;        4.45;'3831051018204';HRANA;        0.00;        0.00
VRHNJE KUH.BEZ LAKTOZE 0,2L VINDIJA     ;692392    ;VINDIJA        ;        0.20;L  ;        1.69;        8.45;'3850108033472';HRANA;        0.00;        0.00
VRHNJE ZA KUHANJE 0,2L VINDIJA          ;692393    ;VINDIJA        ;        0.20;L  ;        1.69;        8.45;'3850108033892';HRANA;        0.00;        0.00
VRHNJE ZA KUHANJE 500mL VINDIJA         ;82007     ;Z BREGOV       ;        0.50;L  ;        3.39;        6.78;'3850108033571';HRANA;        0.00;        0.00
VRHNJE ZA ŠLAG 36%mm 500mL VINDIJA      ;200022    ;Z BREGOV       ;        0.50;L  ;        4.29;        8.58;'3850108033663';HRANA;        0.00;        0.00
ŠLAG PRIPRAVAK 500mL DOLCELA            ;222870    ;PODRAVKA d.d. KOPRIVNICA;        0.50;L  ;        2.29;        4.58;'3850104230578';HRANA;        0.00;        0.00
ŠLAG PRIPRAVAK 500mL MEGGLE             ;270187    ;MARKOS FOOD D.O.O.;        0.50;L  ;        2.49;        4.98;'4034900027757';HRANA;        0.00;        0.00
HULALA 500mL BILJNI ŠLAG                ;41049     ;MARKOS FOOD D.O.O.;        0.50;L  ;        2.39;        4.78;'8007990404964';HRANA;        0.00;        0.00
HALTA BILJNI PRIPR.ZA ŠLAG 500mL        ;49741     ;POHIT d.o.o.;        0.50;L  ;        1.99;        3.98;'8004172000303';HRANA;        0.00;        0.00
ŠLAG PJENA PROFI 700g DEBIC             ;537499    ;DIGIT ADRIA DOO;        0.70;kg ;        7.49;       10.70;'5410488040057';HRANA;        0.00;        0.00
CREME PATISSERIE 250mL                  ;598251    ;MARKOS FOOD D.O.O.;        0.25;L  ;        1.29;        5.16;'8585002509147';HRANA;        0.00;        0.00
HOLE ZA ŠLAG I KOLAÈE 500mL STANIÆ      ;618289    ;STANIÆ D.O.O.;        0.50;L  ;        2.29;        4.58;'8007990002351';HRANA;        0.00;        0.00
ŠLAG PJENA 30%M.M. 250mL DUKAT          ;692197    ;DUKAT D.D. ZAGREB;        0.25;L  ;        3.99;       15.96;'3850354018247';HRANA;        0.00;        0.00
VRHNJE ZA ŠLAG 0,2L VINDIJA             ;692394    ;VINDIJA        ;        0.20;L  ;        2.39;       11.95;'3850108033694';HRANA;        0.00;        0.00
HALTA BILJNI PRIPR.ZA ŠLAG 1L           ;69938     ;POHIT d.o.o.;        1.00;L  ;        3.79;        3.79;'8004172000310';HRANA;        0.00;        0.00
VRHNJE ZA KAVU ZOTT 10*10GR.            ;24853     ;STANIÆ D.O.O.;        0.10;kg ;        0.60;        6.00;'40145037';HRANA;        0.00;        0.00
VRHNJE ZA KAVU 10gX10g DUKAT            ;332030    ;DUKAT D.D. ZAGREB;        0.10;kg ;        1.49;       14.90;'3850354006138';HRANA;        0.00;        0.00
SIR ABC ŠUNKA 100g BELJE                ;182034    ;ABC            ;        0.10;kg ;        1.45;       14.50;'3859888858282';HRANA;        0.00;        0.00
SIR ABC VLASAC 100g BELJE               ;182035    ;ABC            ;        0.10;kg ;        1.35;       13.50;'3859888858312';HRANA;        0.00;        0.00
SIR ABC 200g BELJE                      ;190896    ;ABC            ;        0.20;kg ;        2.09;       10.45;'3859888858336';HRANA;        0.00;        0.00
SIRNI NAMAZ LIGHT 200g VINDIJA          ;23167     ;Z BREGOV       ;        0.20;kg ;        1.99;        9.95;'3850108059083';HRANA;        0.00;        0.00
SIRNI NAMAZ ŠUNKA 150g VINDIJA          ;318993    ;Z BREGOV       ;        0.15;kg ;        1.59;       10.60;'3850108059410';HRANA;        0.00;        0.00
MLIJEÈNI NAMAZ 70g EUROMILK             ;356132    ;EURO-MILK D.O.O.;        0.07;kg ;        0.64;        9.14;'3859889770194';HRANA;        0.00;        0.00
SIR SVJEŽI KREM 200g VIVIS              ;396291    ;VIVIS          ;        0.20;kg ;        2.19;       10.95;'3850108058482';HRANA;        0.00;        0.00
SIR SVJEŽI KREM 50g VIVIS               ;396293    ;VIVIS          ;        0.05;kg ;        0.69;       13.80;'3850108058468';HRANA;        0.00;        0.00
KAJMAK 250g PRESIDENT                   ;415001    ;DUKAT D.D. ZAGREB;        0.25;kg ;        4.49;       17.96;'8606002110895';HRANA;        0.00;        0.00
SIR ABC KULEN 100g                      ;428973    ;ABC            ;        0.10;kg ;        1.45;       14.50;'3859888858855';HRANA;        0.00;        0.00
SIR ABC 100g BELJE                      ;47973     ;ABC            ;        0.10;kg ;        1.35;       13.50;'3859888858008';HRANA;        0.00;        0.00
MLIJEÈNI NAMAZ S VRHNJEM 150g ZEL.DOLINE;508617    ;DIGIT ADRIA DOO;        0.15;kg ;        1.33;        8.87;'3831051010802';HRANA;        0.00;        0.00
MLIJEÈNI NAMAZ S BILJEM 150g ZELENE D   ;508620    ;DIGIT ADRIA DOO;        0.15;kg ;        1.33;        8.87;'3831051010826';HRANA;        0.00;        0.00
MLIJEÈNI NAMAZ TUNA 150g ZEL.DOLINE     ;508621    ;DIGIT ADRIA DOO;        0.15;kg ;        1.33;        8.87;'3831051010864';HRANA;        0.00;        0.00
SIR ABC TUNA 100g                       ;516833    ;ABC            ;        0.10;kg ;        1.45;       14.50;'3850257060169';HRANA;        0.00;        0.00
SIR ABC JUNIOR 100g                     ;517954    ;ABC            ;        0.10;kg ;        1.35;       13.50;'3850257060190';HRANA;        0.00;        0.00
SIRNI NAMAZ KAJMAK 150g ZDENKA          ;521094    ;ZDENKA-MLIJEÈNI PROIZVODI DOO;        0.15;kg ;        1.89;       12.60;'3858888596972';HRANA;        0.00;        0.00
SIR SVJEŽI KREM 100g VIVIS              ;540209    ;VIVIS          ;        0.10;kg ;        1.29;       12.90;'3850108058734';HRANA;        0.00;        0.00
SIR SVJEŽI KREM ŠUNKA 100g VIVIS        ;540210    ;VIVIS          ;        0.10;kg ;        1.29;       12.90;'3850108058925';HRANA;        0.00;        0.00
SIR SVJEŽI KREM VLASAC 100g VIVIS       ;540211    ;VIVIS          ;        0.10;kg ;        1.29;       12.90;'3850108058932';HRANA;        0.00;        0.00
SIR SVJEŽI KREM ÈILI 100g VIVIS         ;540212    ;VIVIS          ;        0.10;kg ;        1.29;       12.90;'3850108058949';HRANA;        0.00;        0.00
SIR ABC ÈILI 100g BELJE                 ;566487    ;ABC            ;        0.10;kg ;        1.45;       14.50;'3850257060695';HRANA;        0.00;        0.00
SIR SVJEŽI POVRÆE 200g VIVIS            ;568645    ;VIVIS          ;        0.20;kg ;        2.19;       10.95;'3850108058772';HRANA;        0.00;        0.00
DUKATELA S POVRÆEM 70g                  ;576876    ;DUKAT D.D. ZAGREB;        0.07;kg ;        0.99;       14.14;'3850354015079';HRANA;        0.00;        0.00
DUKATELA ORIGINAL 70g                   ;576886    ;DUKAT D.D. ZAGREB;        0.07;kg ;        0.99;       14.14;'3850354015055';HRANA;        0.00;        0.00
DUKATELA ORIGINAL 150g                  ;577635    ;DUKAT D.D. ZAGREB;        0.15;kg ;        1.79;       11.93;'3850354014997';HRANA;        0.00;        0.00
DUKATELA ORIGINAL MAXI 250g DUKAT       ;577740    ;DUKAT D.D. ZAGREB;        0.25;kg ;        2.79;       11.16;'3850354015031';HRANA;        0.00;        0.00
DUKATELA S POVRÆEM 150g                 ;579044    ;DUKAT D.D. ZAGREB;        0.15;kg ;        1.79;       11.93;'3850354015017';HRANA;        0.00;        0.00
SIR ABC FIT 100g ZVIJEZDA               ;601531    ;ABC            ;        0.10;kg ;        1.45;       14.50;'3850257060749';HRANA;        0.00;        0.00
SIR ABC 200g VLASAC                     ;602347    ;ABC            ;        0.20;kg ;        2.09;       10.45;'3850257060770';HRANA;        0.00;        0.00
SIR SVJEŽI KREM PROTEIN 100g VIVIS      ;662977    ;VIVIS          ;        0.10;kg ;        1.29;       12.90;'3850108058918';HRANA;        0.00;        0.00
DUKATELA ORIGINAL 3X70g DUKAT           ;690190    ;DUKAT D.D. ZAGREB;        0.21;kg ;        2.49;       11.86;'3850354017004';HRANA;        0.00;        0.00
KREM SIR 200g LABNE PRESIDENT           ;691890    ;DUKAT D.D. ZAGREB;        0.20;kg ;        2.29;       11.45;'8692971430942';HRANA;        0.00;        0.00
SIR ABC MEDITERAN 100g                  ;692215    ;ZVIJEZDA PLUS D.O.O.;        0.10;kg ;        1.39;       13.90;'3850257061890';HRANA;        0.00;        0.00
SIRNI NAMAZ CLASSIC 200g VINDIJA        ;84292     ;Z BREGOV       ;        0.20;kg ;        1.99;        9.95;'3850108059076';HRANA;        0.00;        0.00
SIRNI NAMAZ MIX 200g VINDIJA            ;84293     ;Z BREGOV       ;        0.20;kg ;        1.99;        9.95;'3850108059069';HRANA;        0.00;        0.00
MLIJEÈNI NAMAZ CLASSIC 70g VINDIJA      ;88821     ;Z BREGOV       ;        0.07;kg ;        0.85;       12.14;'3850108059113';HRANA;        0.00;        0.00
PRESIDENT SALAKIS 250g DUKAT            ;210176    ;DUKAT D.D. ZAGREB;        0.25;kg ;        4.99;       19.96;'3850355001637';HRANA;        0.00;        0.00
SIR ZA PIZZU 350g PRESIDENT DUKAT       ;276071    ;DUKAT D.D. ZAGREB;        0.35;kg ;        4.99;       14.26;'3850355001811';HRANA;        0.00;        0.00
SIR SLAVONAC GOUDA 300g ZDENKA          ;390735    ;ZDENKA-MLIJEÈNI PROIZVODI DOO;        0.30;kg ;        3.64;       12.13;'3858888593254';HRANA;        0.00;        0.00
SIR DIMEK 150g VINDIJA                  ;436335    ;VINDIJA D.O.O.;        0.15;kg ;        2.99;       19.93;'3850108057744';HRANA;        0.00;        0.00
SIR VARAŽDINEC 150g VINDIJA             ;445882    ;VINDIJA D.O.O.;        0.15;kg ;        2.99;       19.93;'3850108055412';HRANA;        0.00;        0.00
SIR DOLINAR 45%M.M. 300g                ;561849    ;DIGIT ADRIA DOO;        0.30;kg ;        2.79;        9.30;'3831051015104';HRANA;        0.00;        0.00
SIR DIMAR 45%M.M. 300g                  ;561851    ;DIGIT ADRIA DOO;        0.30;kg ;        2.89;        9.63;'3831051011779';HRANA;        0.00;        0.00
SIR GAUDA 45%M.M. 300g ZELENE DOLINE    ;561916    ;DIGIT ADRIA DOO;        0.30;kg ;        2.89;        9.63;'3831051015067';HRANA;        0.00;        0.00
SIR EDAMEC 45%M.M. 300g ZELENE DOLINE   ;566821    ;DIGIT ADRIA DOO;        0.30;kg ;        2.89;        9.63;'3831051015029';HRANA;        0.00;        0.00
SIR TRAPIST 45%M.M. 300g  ZELENE DOLINE ;566823    ;DIGIT ADRIA DOO;        0.30;kg ;        2.89;        9.63;'3831051015043';HRANA;        0.00;        0.00
SIR GAUDA 150g ZDENKA                   ;572486    ;ZDENKA-MLIJEÈNI PROIZVODI DOO;        0.15;kg ;        2.65;       17.67;'3858888597757';HRANA;        0.00;        0.00
SIR TRAPIST ÈARDAŠ 150g ZDENKA          ;572488    ;ZDENKA-MLIJEÈNI PROIZVODI DOO;        0.15;kg ;        2.65;       17.67;'3858888597771';HRANA;        0.00;        0.00
SIR PLEMIÆKI S CRV.PAP.200g EURO MILK   ;580517    ;EURO-MILK D.O.O.;        0.20;kg ;        3.19;       15.95;'3858891730110';HRANA;        0.00;        0.00
SIR BABYBEL 60g                         ;600036    ;C.A.K.DOO;        0.06;kg ;        1.69;       28.17;'3073781179712';HRANA;        0.00;        0.00
SIR LIVANJSKI 300g                      ;607799    ;MCI D.O.O.;        0.30;kg ;        6.99;       23.30;'3870348000256';HRANA;        0.00;        0.00
SIR LIVANJSKI S PAPROM 300g             ;607808    ;MCI D.O.O.;        0.30;kg ;        6.99;       23.30;'3870348000270';HRANA;        0.00;        0.00
SIR PODRAVEC 400g PRESIDENT             ;612899    ;DUKAT D.D. ZAGREB;        0.40;kg ;        5.39;       13.48;'3850355007363';HRANA;        0.00;        0.00
SIR GOUDA PRESIDENT 400g                ;612975    ;DUKAT D.D. ZAGREB;        0.40;kg ;        5.39;       13.48;'3850355007325';HRANA;        0.00;        0.00
SIR ŠKRIPAVAC 400g MILKA                ;616548    ;SIRANA MILKA J.D.O.O.;        0.40;kg ;        5.99;       14.98;'3859893929069';HRANA;        0.00;        0.00
SIR LIÈKI MIKS 600g MILKA               ;616560    ;SIRANA MILKA J.D.O.O.;        0.60;kg ;        0.00;       11.65;'3859893929106';HRANA;        8.49;        6.99
SIR BOVIDUR 280g VINDIJA                ;635679    ;VINDIJA D.O.O.;        0.28;kg ;        6.99;       24.96;'3850108052824';HRANA;        0.00;        0.00
SIR ORODUR 280g VINDIJA                 ;635683    ;VINDIJA D.O.O.;        0.28;kg ;        8.99;       32.11;'3850108052893';HRANA;        0.00;        0.00
SIR MOZZARELA 150g ZDENKA               ;640907    ;ZDENKA-MLIJEÈNI PROIZVODI DOO;        0.15;kg ;        2.65;       17.67;'3858888599478';HRANA;        0.00;        0.00
SIR GOUDA 250g PRESIDENT                ;690161    ;DUKAT D.D. ZAGREB;        0.25;kg ;        3.69;       14.76;'3850355007301';HRANA;        0.00;        0.00
SIR PODRAVEC 250g PRESIDENT             ;690164    ;DUKAT D.D. ZAGREB;        0.25;kg ;        3.69;       14.76;'3850355007349';HRANA;        0.00;        0.00
SIR DOMAÆI 300g PRESIDENT               ;690174    ;DUKAT D.D. ZAGREB;        0.30;kg ;        5.99;       19.97;'3850355007202';HRANA;        0.00;        0.00
SIR DOMAÆI DIMLJENI 300g PRESIDENT      ;690175    ;DUKAT D.D. ZAGREB;        0.30;kg ;        5.99;       19.97;'3850355007226';HRANA;        0.00;        0.00
SIR TILZIT 400g PRESIDENT DUKAT         ;690176    ;DUKAT D.D. ZAGREB;        0.40;kg ;        5.39;       13.48;'3850355007387';HRANA;        0.00;        0.00
SIR ZRINSKI POLUTVRDI 300g              ;690894    ;TRADICIJSKI SIREVI D.O.O.;        0.30;kg ;        4.49;       14.97;'3859893220197';HRANA;        0.00;        0.00
SIR SALAKIS SLANI 300g PRESIDENT        ;691117    ;DUKAT D.D. ZAGREB;        0.30;kg ;        5.49;       18.30;'3850355007837';HRANA;        0.00;        0.00
SIR EMMENTALER 150g VINDIJA MAP         ;691927    ;VINDIJA D.O.O.;        0.15;kg ;        2.99;       19.93;'3850108057928';HRANA;        0.00;        0.00
SIR CHEDDAR 150g VINDIJA MAP            ;691928    ;VINDIJA D.O.O.;        0.15;kg ;        2.99;       19.93;'3850108057911';HRANA;        0.00;        0.00
SIR GRAND 180g TVRDI SIR                ;692295    ;C.A.K.DOO;        0.18;kg ;        3.79;       21.06;'4770471046659';HRANA;        0.00;        0.00
SIR GRAND RIBANI 100g                   ;692296    ;C.A.K.DOO;        0.10;kg ;        2.29;       22.90;'4770535000535';HRANA;        0.00;        0.00
SIR RIBANI PIZZA MIX 200g VINDIJA       ;692337    ;VINDIJA D.O.O.;        0.20;kg ;        3.49;       17.45;'3850108055641';HRANA;        0.00;        0.00
SIR GAUDA RIBANA 200g VINDIJA           ;692338    ;VINDIJA D.O.O.;        0.20;kg ;        3.49;       17.45;'3850108055696';HRANA;        0.00;        0.00
SIR DIMSI 400g PRESIDENT DUKAT          ;699564    ;DUKAT D.D. ZAGREB;        0.40;kg ;        5.39;       13.48;'3850355007288';HRANA;        0.00;        0.00
LED KOCKA 4X4 16KOM TVORNICA LEDA       ;604305    ;TVORNICA LEDA D.O.O.;       16.00;KOM;        3.32;        0.21;'3859892182175';HRANA;        0.00;        0.00
PILE GRILL SVJ.ROSTER KOKA              ;00009     ;CEKIN          ;        1.00;kg ;        3.18;        3.18;'2111112017652';HRANA;        0.00;        0.00
PRSA BEZ KOŽE OBIT.PAK.SVJ.PODL.KOKA    ;00697     ;CEKIN          ;        1.00;kg ;        5.99;        5.99;'2105673011549';HRANA;        0.00;        0.00
PILE VARAŽDINSKI POHANCI SVJ.PODL.      ;144627    ;CEKIN          ;        1.00;kg ;        3.32;        3.32;'2111131019446';HRANA;        0.00;        0.00
ŽELUCI 500g SVJEŽI KOKA                 ;368448    ;CEKIN          ;        0.50;kg ;        2.69;        5.38;'3850159110948';HRANA;        0.00;        0.00
PILE GRILL SVJ.KTC PIPO                 ;368475    ;PERUTNINA PTUJ-PIPO d.o.o. ÈAKOVEC;        1.00;kg ;        3.05;        3.05;'2114331011302';HRANA;        0.00;        0.00
CORDON BLEU PIL/PUR 490g SVJ.AIA        ;635999    ;AIA            ;        0.49;kg ;        2.99;        6.10;'8008110258795';HRANA;        0.00;        0.00
PRSA BEZ KOŽE CCA 810g PL PIPO          ;845125    ;PERUTNINA PTUJ-PIPO d.o.o. ÈAKOVEC;        1.00;kg ;        5.59;        5.59;'2108695068614';HRANA;        0.00;        0.00
BATAK I FILE ZABATKA SVJ.PODL.CEKIN     ;874513    ;CEKIN          ;        1.00;kg ;        6.99;        6.99;'2105655007805';HRANA;        0.00;        0.00
PILEÆI RAS.ZA POH.TOP FILE SVJ.KOKA     ;95518     ;CEKIN          ;        1.00;kg ;        5.99;        5.99;'2111103012284';HRANA;        0.00;        0.00
PILEÆI RAS.ZA POH.TOP KRILA SVJ.KOKA    ;96037     ;CEKIN          ;        1.00;kg ;        7.29;        7.29;'2105600012533';HRANA;        0.00;        0.00
PILEÆI RASJEK PREMIUM SVJ.PODL.KOKA     ;97209     ;CEKIN          ;        1.00;kg ;        5.19;        5.19;'2111110008232';HRANA;        0.00;        0.00
ŠUNKA U OVITKU PIK VRBOVEC              ;00031     ;PIK VRBOVEC PLUS D.O.O.;        1.00;kg ;       12.99;       12.99;'3850139170856';HRANA;        0.00;        0.00
TIROLSKA KOBASICA PIK VRBOVEC           ;00032     ;PIK VRBOVEC PLUS D.O.O.;        1.00;kg ;        6.05;        6.05;'';HRANA;        0.00;        0.00
HRENOVKE PIK VRBOVEC                    ;00048     ;PIK VRBOVEC PLUS D.O.O.;        1.00;kg ;        0.00;        9.99;'';HRANA;       12.39;        9.99
PARIŠKA KOBASICA GAVRILOVIÆ             ;00050     ;GAVRILOVIÆ d.o.o.PETRINJA;        1.00;kg ;        9.49;        9.49;'3858881229082';HRANA;        0.00;        0.00
ŠUNKARICA GAVRILOVIÆ                    ;00051     ;GAVRILOVIÆ d.o.o.PETRINJA;        1.00;kg ;        9.99;        9.99;'3858890206708';HRANA;        0.00;        0.00
TIROLSKA KOBASICA GAVRILOVIÆ            ;00230     ;GAVRILOVIÆ d.o.o.PETRINJA;        1.00;kg ;       11.99;       11.99;'3858881229075';HRANA;        0.00;        0.00
POSEBNA KOBASICA GAVRILOVIÆ             ;00233     ;GAVRILOVIÆ d.o.o.PETRINJA;        1.00;kg ;        9.29;        9.29;'3858881220515';HRANA;        0.00;        0.00
ŠUNKA U OVITKU ROZETO VINDIJA           ;00240     ;ROZETO         ;        1.00;kg ;        9.99;        9.99;'';HRANA;        0.00;        0.00
BUÐOLA VAK PIVAC                        ;00435     ;PIVAC          ;        1.00;kg ;       22.99;       22.99;'2105255001203';HRANA;        0.00;        0.00
DALMATINSKA PANCETA PIVAC               ;00442     ;PIVAC          ;        1.00;kg ;       11.90;       11.90;'2105270001202';HRANA;        0.00;        0.00
ŠUNKA ZA PIZZU GAVRILOVIÆ               ;00494     ;GAVRILOVIÆ d.o.o.PETRINJA;        1.00;kg ;        6.99;        6.99;'3858881229112';HRANA;        0.00;        0.00
ŠUNKA U OVITKU PIVAC                    ;00546     ;PIVAC          ;        1.00;kg ;        8.39;        8.39;'';HRANA;        0.00;        0.00
TIROLSKA KOBASICA PIVAC                 ;00547     ;PIVAC          ;        1.00;kg ;        6.05;        6.05;'';HRANA;        0.00;        0.00
ŠUNKARICA PODRAVKA                      ;00621     ;PODRAVKA d.d. KOPRIVNICA;        1.00;kg ;        7.99;        7.99;'3856020213985';HRANA;        0.00;        0.00
TIROLSKA KOBASICA PODRAVKA              ;00622     ;PODRAVKA d.d. KOPRIVNICA;        1.00;kg ;        6.99;        6.99;'3850104097928';HRANA;        0.00;        0.00
JEGER DOMAÆI PODRAVKA                   ;00623     ;PODRAVKA d.d. KOPRIVNICA;        1.00;kg ;       10.99;       10.99;'3856020275600';HRANA;        0.00;        0.00
KRANJSKA KOBASICA PODRAVKA              ;00626     ;PODRAVKA d.d. KOPRIVNICA;        1.00;kg ;        9.49;        9.49;'3856020259280';HRANA;        0.00;        0.00
PARIZER PODRAVKA                        ;00628     ;PODRAVKA d.d. KOPRIVNICA;        1.00;kg ;        9.95;        9.95;'3859890848189';HRANA;        0.00;        0.00
HAMBURGER PEÈENI PIK VRBOVEC            ;00639     ;PIK VRBOVEC PLUS D.O.O.;        1.00;kg ;        6.99;        6.99;'';HRANA;        0.00;        0.00
PARIŠKA KOB.S POVRÆEM GAVRILOVIÆ        ;00756     ;GAVRILOVIÆ d.o.o.PETRINJA;        1.00;kg ;        9.49;        9.49;'3858881229099';HRANA;        0.00;        0.00
KRALJICA RFS PIVAC                      ;01409     ;PIVAC          ;        1.00;kg ;       10.29;       10.29;'';HRANA;        0.00;        0.00
VALENTOVA KOBASICA PIVAC                ;01431     ;PIVAC          ;        1.00;kg ;       10.99;       10.99;'';HRANA;        0.00;        0.00
KULEN PIVAC                             ;02367     ;PIVAC          ;        1.00;kg ;       14.79;       14.79;'2102506007007';HRANA;        0.00;        0.00
PARIŠKA KOBASICA PIVAC                  ;139457    ;PIVAC          ;        1.00;kg ;        6.99;        6.99;'';HRANA;        0.00;        0.00
ŠUNKA U OVITKU SLJEME PIK               ;140610    ;SLJEME         ;        1.00;kg ;        8.79;        8.79;'';HRANA;        0.00;        0.00
ZIMSKA SALAMA PIK                       ;150865    ;PIK VRBOVEC PLUS D.O.O.;        1.00;kg ;       19.99;       19.99;'2105410006753';HRANA;        0.00;        0.00
JEGER DUBRAVSKI SABLIÆ                  ;152219    ;SABLIÆ-DUBRAVA D.O.O.;        1.00;kg ;        8.39;        8.39;'';HRANA;        0.00;        0.00
ŠPEK KOBASICA SABLIÆ                    ;152222    ;SABLIÆ-DUBRAVA D.O.O.;        1.00;kg ;        6.99;        6.99;'';HRANA;        0.00;        0.00
DOMAÆA DUBRAVSKA KOBASICA SABLIÆ        ;152223    ;SABLIÆ-DUBRAVA D.O.O.;        1.00;kg ;        9.69;        9.69;'';HRANA;        0.00;        0.00
NARODNA KOBASICA SABLIÆ                 ;152224    ;SABLIÆ-DUBRAVA D.O.O.;        1.00;kg ;        4.29;        4.29;'';HRANA;        0.00;        0.00
HAMBURGER I SABLIÆ                      ;152239    ;SABLIÆ-DUBRAVA D.O.O.;        1.00;kg ;        6.99;        6.99;'';HRANA;        0.00;        0.00
KULEN BARANJSKI BELJE                   ;185586    ;BELJE PLUS D.O.O.;        1.00;kg ;       29.99;       29.99;'2109303011688';HRANA;        0.00;        0.00
SUHE SVINJSKE NOGICE SABLIÆ             ;187299    ;SABLIÆ-DUBRAVA D.O.O.;        1.00;kg ;        2.59;        2.59;'';HRANA;        0.00;        0.00
PIKO PARIZER PIK                        ;189435    ;PIKO           ;        1.00;kg ;        8.79;        8.79;'';HRANA;        0.00;        0.00
ÈAJNA KOBASICA MAXI PODRAVKA            ;197834    ;PODRAVKA d.d. KOPRIVNICA;        1.00;kg ;       17.49;       17.49;'3859890848363';HRANA;        0.00;        0.00
KULEN PODRAVKA                          ;197839    ;PODRAVKA d.d. KOPRIVNICA;        1.00;kg ;       19.24;       19.24;'3859890848394';HRANA;        0.00;        0.00
PRŠUT STIPANOV BEZ KOSTI I KOŽE 1/4 STAN;204155    ;GURMAN         ;        1.00;kg ;       23.99;       23.99;'2129402008549';HRANA;        0.00;        0.00
ZIMSKA SALAMA PODRAVKA                  ;206941    ;PODRAVKA d.d. KOPRIVNICA;        1.00;kg ;       19.99;       19.99;'3859890848332';HRANA;        0.00;        0.00
PIKO PARIZER S POVRÆEM PIK              ;212038    ;PIKO           ;        1.00;kg ;        8.79;        8.79;'3850139190748';HRANA;        0.00;        0.00
KRANJSKA KOBASICA KUDELIÆ               ;220098    ;KUDELIÆ DOO;        1.00;kg ;       10.99;       10.99;'2103702019641';HRANA;        0.00;        0.00
PUÈKA KOBASICA KUDELIÆ                  ;220099    ;KUDELIÆ DOO;        1.00;kg ;        7.99;        7.99;'2103703022206';HRANA;        0.00;        0.00
JEGER DOMAÆI KUDELIÆ                    ;220105    ;KUDELIÆ DOO;        1.00;kg ;       10.99;       10.99;'';HRANA;        0.00;        0.00
PAJDAŠKA KOBASICA KUDELIÆ               ;220106    ;KUDELIÆ DOO;        1.00;kg ;       16.99;       16.99;'2103796009641';HRANA;        0.00;        0.00
ROŠTILJSKA KOBASICA KUDELIÆ             ;221418    ;KUDELIÆ DOO;        1.00;kg ;       10.49;       10.49;'2103705023584';HRANA;        0.00;        0.00
ÈAJNA KOBASICA XXL PIK                  ;223919    ;PIK VRBOVEC PLUS D.O.O.;        1.00;kg ;       18.99;       18.99;'2121617001209';HRANA;        0.00;        0.00
HRENOVKE KUDELIÆ                        ;226457    ;KUDELIÆ DOO;        1.00;kg ;       12.59;       12.59;'2103713021183';HRANA;        0.00;        0.00
VIKEND KOBASICA KUDELIÆ                 ;226991    ;KUDELIÆ DOO;        1.00;kg ;        8.99;        8.99;'2103704022724';HRANA;        0.00;        0.00
SLANINSKA KOBASICA KUDELIÆ              ;226994    ;KUDELIÆ DOO;        1.00;kg ;        8.99;        8.99;'';HRANA;        0.00;        0.00
KULEN KUDELIÆ                           ;226995    ;KUDELIÆ DOO;        1.00;kg ;       18.49;       18.49;'2103786006063';HRANA;        0.00;        0.00
ÈAJNA KOBASICA XXL SLJEME PIK           ;229094    ;SLJEME         ;        1.00;kg ;       15.59;       15.59;'3850139230659';HRANA;        0.00;        0.00
MORTADELA VAC PIK                       ;23172     ;PIK VRBOVEC PLUS D.O.O.;        1.00;kg ;       11.79;       11.79;'3850139170986';HRANA;        0.00;        0.00
DOMAÆA MESNATA SLANINA KUDELIÆ          ;250401    ;KUDELIÆ DOO;        1.00;kg ;       14.59;       14.59;'';HRANA;        0.00;        0.00
BEÈKA KOBASICA PODRAVKA                 ;251147    ;PODRAVKA d.d. KOPRIVNICA;        1.00;kg ;       10.49;       10.49;'3858886463771';HRANA;        0.00;        0.00
ÈAJNA KOBASICA MAXI GAVRILOVIÆ          ;253078    ;GAVRILOVIÆ d.o.o.PETRINJA;        1.00;kg ;       13.99;       13.99;'3858881229167';HRANA;        0.00;        0.00
TIROLSKA KOBASICA KUDELIÆ               ;254010    ;KUDELIÆ DOO;        1.00;kg ;       10.49;       10.49;'';HRANA;        0.00;        0.00
ÈAJNA KOBASICA KUDELIÆ                  ;254011    ;KUDELIÆ DOO;        1.00;kg ;       16.99;       16.99;'2103736004248';HRANA;        0.00;        0.00
SRIJEMSKA KOBASICA KUDELIÆ              ;254012    ;KUDELIÆ DOO;        1.00;kg ;       16.99;       16.99;'';HRANA;        0.00;        0.00
ŠUNKA ZA PIZZU PIK                      ;254521    ;PIK VRBOVEC PLUS D.O.O.;        1.00;kg ;        4.99;        4.99;'';HRANA;        0.00;        0.00
PEÈENE SVINJSKE KOSTI KUDELIÆ           ;257483    ;KUDELIÆ DOO;        1.00;kg ;        2.99;        2.99;'';HRANA;        0.00;        0.00
PANONA SALAMA VAK.PIK                   ;312359    ;PIK VRBOVEC PLUS D.O.O.;        1.00;kg ;       21.89;       21.89;'2123781017307';HRANA;        0.00;        0.00
PEÈENI PRSNI VRŠCI KUDELIÆ              ;317631    ;KUDELIÆ DOO;        1.00;kg ;        6.49;        6.49;'';HRANA;        0.00;        0.00
TURIST SALAMA KUDELIÆ                   ;330400    ;KUDELIÆ DOO;        1.00;kg ;       10.39;       10.39;'';HRANA;        0.00;        0.00
DOMAÆA KOBASICA KUDELIÆ                 ;358412    ;KUDELIÆ DOO;        1.00;kg ;       12.29;       12.29;'';HRANA;        0.00;        0.00
PANONA SALAMA S PAPRIKOM VP PIK         ;394522    ;PIK VRBOVEC PLUS D.O.O.;        1.00;kg ;       21.89;       21.89;'2123592001205';HRANA;        0.00;        0.00
SENDVIÈ SALAMA PIK                      ;398511    ;PIK VRBOVEC PLUS D.O.O.;        1.00;kg ;       15.99;       15.99;'2121498001206';HRANA;        0.00;        0.00
DOMAÆA KOBASICA SUHA KUDELIÆ            ;405145    ;KUDELIÆ DOO;        1.00;kg ;       14.99;       14.99;'';HRANA;        0.00;        0.00
JEGER DOMAÆI KALINSKI                   ;415882    ;KALINSKI       ;        1.00;kg ;        6.65;        6.65;'';HRANA;        0.00;        0.00
ŠUNKA U OVITKU GAVRILOVIÆ               ;41828     ;GAVRILOVIÆ d.o.o.PETRINJA;        1.00;kg ;        0.00;        8.19;'3858890206685';HRANA;       12.99;        8.19
KULEN PIK                               ;456297    ;PIK VRBOVEC PLUS D.O.O.;        1.00;kg ;       20.69;       20.69;'2105336001207';HRANA;        0.00;        0.00
DIMLJENI SVINJSKI VRAT 1/1 PIVAC        ;47506     ;PIVAC          ;        1.00;kg ;       11.99;       11.99;'2101081011768';HRANA;        0.00;        0.00
REKLAMNA KOBASICA SABLIÆ                ;518310    ;SABLIÆ-DUBRAVA D.O.O.;        1.00;kg ;        4.49;        4.49;'';HRANA;        0.00;        0.00
SUHE KARE KOSTI SABLIÆ                  ;518688    ;SABLIÆ-DUBRAVA D.O.O.;        1.00;kg ;        3.59;        3.59;'';HRANA;        0.00;        0.00
VELEBITSKA KOBASICA GAVRILOVIÆ          ;520402    ;GAVRILOVIÆ d.o.o.PETRINJA;        1.00;kg ;        0.00;        6.99;'3858890208085';HRANA;        9.99;        6.99
KRANJSKA KOBASICA SLJEME                ;521444    ;SLJEME         ;        1.00;kg ;        6.40;        6.40;'3850139172867';HRANA;        0.00;        0.00
KULEN ROZETO VINDIJA                    ;526157    ;ROZETO         ;        1.00;kg ;       16.99;       16.99;'2106814006882';HRANA;        0.00;        0.00
ZIMSKA KOBASICA ROZETO VINDIJA          ;526158    ;ROZETO         ;        1.00;kg ;       17.49;       17.49;'2106817006742';HRANA;        0.00;        0.00
SUHI PRSNI VRŠCI SABLIÆ                 ;52647     ;SABLIÆ-DUBRAVA D.O.O.;        1.00;kg ;        5.69;        5.69;'';HRANA;        0.00;        0.00
KRANJSKA KOBASICA GAVRILOVIÆ            ;536220    ;GAVRILOVIÆ d.o.o.PETRINJA;        1.00;kg ;        6.40;        6.40;'2107416009561';HRANA;        0.00;        0.00
SOMERICA KUDELIÆ                        ;555783    ;KUDELIÆ DOO;        1.00;kg ;        9.55;        9.55;'';HRANA;        0.00;        0.00
SALAMA SLAVONSKA DOBRO                  ;555962    ;DOBRO          ;        1.00;kg ;       16.99;       16.99;'2142862013649';HRANA;        0.00;        0.00
KULEN RAVNI DELIKATES DOBRO             ;555963    ;DOBRO          ;        1.00;kg ;       15.99;       15.99;'2141694006744';HRANA;        0.00;        0.00
KRALJEVSKA SALAMA SABLIÆ                ;555964    ;SABLIÆ-DUBRAVA D.O.O.;        1.00;kg ;       10.99;       10.99;'';HRANA;        0.00;        0.00
KULEN KVRGAVI DOBRO                     ;562723    ;DOBRO          ;        1.00;kg ;       26.99;       26.99;'';HRANA;        0.00;        0.00
BUÐOLA DOBRO                            ;563729    ;DOBRO          ;        1.00;kg ;       18.99;       18.99;'2141615010263';HRANA;        0.00;        0.00
KULENOVA SEKA GAVRILOVIÆ                ;564875    ;GAVRILOVIÆ d.o.o.PETRINJA;        1.00;kg ;       13.99;       13.99;'3858890206487';HRANA;        0.00;        0.00
PEÈENI BUT BK 1/2 PIVAC                 ;569874    ;PIVAC          ;        1.00;kg ;        9.49;        9.49;'2105276016804';HRANA;        0.00;        0.00
HAMBURGER PEÈENI 360799                 ;573815    ;PIK VRBOVEC PLUS D.O.O.;        1.00;kg ;        6.29;        6.29;'';HRANA;        0.00;        0.00
DIMLJENI SV.VRAT SLJEME BK 1/2          ;583873    ;SLJEME         ;        1.00;kg ;        8.49;        8.49;'2140645013305';HRANA;        0.00;        0.00
PANCETA DOBRO                           ;587200    ;DOBRO          ;        1.00;kg ;       11.90;       11.90;'';HRANA;        0.00;        0.00
DALMATINSKA SUHA ŠUNKA BK 1/2 PIVAC     ;597740    ;PIVAC          ;        1.00;kg ;       23.99;       23.99;'2118240019466';HRANA;        0.00;        0.00
ŠUNKA ZA PIZZU CELJSKE                  ;600444    ;CELJSKE MESNINE Z DEŽELE D.O.O.;        1.00;kg ;        4.99;        4.99;'';HRANA;        0.00;        0.00
SANDWICH SALAMA JELI GAVRILOVIÆ         ;604666    ;JELI           ;        1.00;kg ;       13.99;       13.99;'3858892722534';HRANA;        0.00;        0.00
ZIMSKA KOBASICA DOBRO                   ;614479    ;DOBRO          ;        1.00;kg ;       18.49;       18.49;'2142859007989';HRANA;        0.00;        0.00
MORTADELA S MASLINAMA PIK               ;61539     ;PIK VRBOVEC PLUS D.O.O.;        1.00;kg ;       11.79;       11.79;'3850139310863';HRANA;        0.00;        0.00
ZIMSKA KOBASICA PIVAC                   ;617163    ;PIVAC          ;        1.00;kg ;       14.79;       14.79;'';HRANA;        0.00;        0.00
DALMATINSKA SUHA ŠUNKA BKK 1/2 MIJUKIÆ  ;640638    ;MIJUKIÆ        ;        1.00;kg ;       19.99;       19.99;'2150214024748';HRANA;        0.00;        0.00
PANNONIA SALAMA PODRAVKA                ;641008    ;PODRAVKA d.d. KOPRIVNICA;        1.00;kg ;       21.99;       21.99;'3856020271879';HRANA;        0.00;        0.00
PANCETA DALMATINSKA MIJUKIÆ             ;644601    ;MIJUKIÆ        ;        1.00;kg ;       11.90;       11.90;'';HRANA;        0.00;        0.00
SENDVIÈ SALAMA SA SIROM-ÈIZIKA PIVAC    ;652365    ;PIVAC          ;        1.00;kg ;        0.00;        7.99;'';HRANA;       10.29;        7.99
KULENOVA SEKA DOBRO                     ;655664    ;ŽITO D.D. OSIJEK;        1.00;kg ;       21.99;       21.99;'';HRANA;        0.00;        0.00
ŠUNKA U OVITKU PODRAVKA                 ;76080     ;PODRAVKA d.d. KOPRIVNICA;        1.00;kg ;        8.99;        8.99;'3850104038518';HRANA;        0.00;        0.00
MESNI NAREZAK GAVRILOVIÆ                ;77892     ;GAVRILOVIÆ d.o.o.PETRINJA;        1.00;kg ;       10.99;       10.99;'3858881229068';HRANA;        0.00;        0.00
DIMLJENA PEÈENICA 1/2 VP PIVAC          ;89309     ;PIVAC          ;        1.00;kg ;       11.99;       11.99;'2113999016865';HRANA;        0.00;        0.00
SRIJEMSKA KOBASICA PODRAVKA             ;92019     ;PODRAVKA d.d. KOPRIVNICA;        1.00;kg ;       18.49;       18.49;'3859890848387';HRANA;        0.00;        0.00
ÈAJNA KOBASICA MAXI VP PIVAC            ;94861     ;PIVAC          ;        1.00;kg ;       14.79;       14.79;'2101152006587';HRANA;        0.00;        0.00
PAŠTETA PILEÆA 50g PODRAVKA             ;01834     ;PODRAVKA d.d. KOPRIVNICA;        0.05;kg ;        0.85;       17.00;'38500503';HRANA;        0.00;        0.00
PAŠTETA KOKOŠJA 135g PODRAVKA           ;02512     ;PODRAVKA d.d. KOPRIVNICA;        0.14;kg ;        1.49;       11.04;'3850104020452';HRANA;        0.00;        0.00
PAŠTETA ÈAJNA 50g PODRAVKA              ;02519     ;PODRAVKA d.d. KOPRIVNICA;        0.05;kg ;        0.85;       17.00;'38500701';HRANA;        0.00;        0.00
PAŠTETA PILEÆA 100g LIM.KOKA            ;09525     ;CEKIN          ;        0.10;kg ;        1.19;       11.90;'3850159130076';HRANA;        0.00;        0.00
PAŠTETA JETRENA 840g GAVRILOVIÆ         ;12823     ;GAVRILOVIÆ d.o.o.PETRINJA;        0.84;kg ;       12.49;       14.87;'3858881220195';HRANA;        0.00;        0.00
PAŠTETA ÈAJNA 50g GAVRILOVIÆ            ;12824     ;GAVRILOVIÆ d.o.o.PETRINJA;        0.05;kg ;        1.09;       21.80;'3858881220096';HRANA;        0.00;        0.00
PAŠTETA JETRENA 100g GAVRILOVIÆ         ;14719     ;GAVRILOVIÆ d.o.o.PETRINJA;        0.10;kg ;        0.00;       10.90;'3858881221543';HRANA;        1.52;        1.09
PAŠTETA JETRENA 30g GAVRILOVIÆ          ;15257     ;GAVRILOVIÆ d.o.o.PETRINJA;        0.03;kg ;        0.85;       28.33;'3858881220126';HRANA;        0.00;        0.00
PAŠTETA ÈAJNA 30g GAVRILOVIÆ            ;15260     ;GAVRILOVIÆ d.o.o.PETRINJA;        0.03;kg ;        0.85;       28.33;'3858881220102';HRANA;        0.00;        0.00
PAŠTETA JETRENA 50g GAVRILOVIÆ          ;19560     ;GAVRILOVIÆ d.o.o.PETRINJA;        0.05;kg ;        1.09;       21.80;'3858881220072';HRANA;        0.00;        0.00
PAŠTETA PILEÆA 100g PPK                 ;215859    ;PPK            ;        0.10;kg ;        0.75;        7.50;'3858881617070';HRANA;        0.00;        0.00
PAŠTETA ÈAJNA 100g PPK                  ;215905    ;PPK            ;        0.10;kg ;        0.66;        6.60;'3858881615069';HRANA;        0.00;        0.00
PAŠTETA KOKOŠJA 95g ARGETA              ;222153    ;ARGETA         ;        0.10;kg ;        1.49;       15.68;'3838975567009';HRANA;        0.00;        0.00
PAŠTETA JUNIOR KOKOŠJA 95g ARGETA       ;224556    ;ARGETA         ;        0.10;kg ;        1.49;       15.68;'3838975567016';HRANA;        0.00;        0.00
PAŠTETA KOKOŠJA JETRENA 95g ARGETA      ;224560    ;ARGETA         ;        0.10;kg ;        1.29;       13.58;'3838975567030';HRANA;        0.00;        0.00
PAŠTETA KOKOŠJA PIKANT 95g ARGETA       ;238434    ;ARGETA         ;        0.10;kg ;        1.49;       15.68;'3838471007382';HRANA;        0.00;        0.00
PAŠTETA JUNIOR KOKOŠJA 3X95g ARGETA     ;280088    ;ARGETA         ;        0.29;kg ;        4.09;       14.35;'3838471013185';HRANA;        0.00;        0.00
PAŠTETA KOKOŠJA 3*95g ARGETA            ;280863    ;ARGETA         ;        0.29;kg ;        4.09;       14.35;'3838975567214';HRANA;        0.00;        0.00
PAŠTETA KOKOŠJA 45g ARGETA              ;360090    ;ARGETA         ;        0.05;kg ;        0.99;       22.00;'38381423';HRANA;        0.00;        0.00
PAŠTETA JUNEÆA 100g ASCOMMERCE          ;369441    ;ASCOMMERCE D.O.O.;        0.10;kg ;        0.59;        5.90;'3858881333871';HRANA;        0.00;        0.00
PAŠTETA PIKANT 50g PODRAVKA             ;370644    ;PODRAVKA d.d. KOPRIVNICA;        0.05;g  ;        0.85;       17.00;'38502361';HRANA;        0.00;        0.00
PAŠTETA GALA 100g                       ;372258    ;GALA           ;        0.10;kg ;        1.15;       11.50;'3858881227903';HRANA;        0.00;        0.00
PAŠTETA JUNIOR KOKOŠJA 45g ARGETA       ;392561    ;ARGETA         ;        0.05;kg ;        0.99;       22.00;'38381447';HRANA;        0.00;        0.00
PAŠTETA ÈAJNA 100g ASCOMMERCE           ;398777    ;ASCOMMERCE D.O.O.;        0.10;kg ;        0.59;        5.90;'3858881333864';HRANA;        0.00;        0.00
PAŠTETA JETRENA 100g ASCOMMERCE         ;398778    ;ASCOMMERCE D.O.O.;        0.10;kg ;        0.59;        5.90;'3858881333857';HRANA;        0.00;        0.00
PAŠTETA PILEÆA 100g ASCOMMERCE          ;398779    ;ASCOMMERCE D.O.O.;        0.10;kg ;        0.59;        5.90;'3858881333888';HRANA;        0.00;        0.00
PAŠTETA JETRENA TUBA 150g GAVRILOVIÆ    ;410876    ;GAVRILOVIÆ d.o.o.PETRINJA;        0.15;kg ;        2.49;       16.60;'3858881226562';HRANA;        0.00;        0.00
PAŠTETA ÈAJNA TUBA 150g GAVRILOVIÆ      ;410886    ;GAVRILOVIÆ d.o.o.PETRINJA;        0.15;kg ;        2.39;       15.93;'3858881226579';HRANA;        0.00;        0.00
PAŠTETA JETRENA 100g AL KUDELIÆ         ;415117    ;KUDELIÆ DOO;        0.10;kg ;        0.99;        9.90;'3859891672271';HRANA;        0.00;        0.00
PAŠTETA KOKOŠJA ÈAJNA 95g ARGETA        ;415874    ;ARGETA         ;        0.10;kg ;        1.29;       13.58;'3838471024365';HRANA;        0.00;        0.00
PAŠTETA ÈAJNA U OVITKU 100g GAVRILOVIÆ  ;419591    ;GAVRILOVIÆ d.o.o.PETRINJA;        0.10;kg ;        1.05;       10.50;'3858890203172';HRANA;        0.00;        0.00
PAŠTETA PILEÆA PIKANT 95g PODRAVKA      ;420154    ;PODRAVKA d.d. KOPRIVNICA;        0.10;kg ;        1.29;       13.58;'3858886469261';HRANA;        0.00;        0.00
PAŠTETA ÈAJNA 100g GAVRILOVIÆ           ;43670     ;GAVRILOVIÆ d.o.o.PETRINJA;        0.10;kg ;        0.00;       10.90;'3858881221529';HRANA;        1.52;        1.09
PAŠTETA JETRENA 100g PPK                ;44093     ;PPK            ;        0.10;kg ;        0.66;        6.60;'3858881617032';HRANA;        0.00;        0.00
PAŠTETA PILEÆA 95g PODRAVKA             ;450009    ;PODRAVKA d.d. KOPRIVNICA;        0.10;kg ;        1.29;       13.58;'3858886469179';HRANA;        0.00;        0.00
PAŠTETA PIKANT 100g GAVRILOVIÆ          ;515716    ;GAVRILOVIÆ d.o.o.PETRINJA;        0.10;kg ;        1.19;       11.90;'3858890206968';HRANA;        0.00;        0.00
PAŠTETA PIKANT 50g GAVRILOVIÆ           ;515717    ;GAVRILOVIÆ d.o.o.PETRINJA;        0.05;kg ;        1.09;       21.80;'3858890207118';HRANA;        0.00;        0.00
PAŠTETA KOKOŠJA SLAVONSKA 95g ARGETA    ;518436    ;ARGETA         ;        0.10;kg ;        1.49;       15.68;'3838471031394';HRANA;        0.00;        0.00
PAŠTETA ÈAJNA 3X95g ARGETA              ;520943    ;ARGETA         ;        0.29;kg ;        4.09;       14.35;'3838471027946';HRANA;        0.00;        0.00
PAŠTETA KOKOŠJA 95g PODRAVKA            ;556060    ;PODRAVKA d.d. KOPRIVNICA;        0.10;kg ;        1.29;       13.58;'3858886469377';HRANA;        0.00;        0.00
PAŠTETA JETRENA 30g PPK                 ;556239    ;PPK            ;        0.03;kg ;        0.25;        8.33;'3858890181654';HRANA;        0.00;        0.00
PAŠTETA PILEÆA 50g AL PIKETA            ;562452    ;PIKETA         ;        0.05;kg ;        0.75;       15.00;'3850104277771';HRANA;        0.00;        0.00
PAŠTETA PILEÆA 95g AL PIKETA            ;562453    ;PIKETA         ;        0.10;kg ;        1.19;       12.53;'3850104277856';HRANA;        0.00;        0.00
PAŠTETA ÈAJNA 95g AL PIKETA             ;562454    ;PIKETA         ;        0.10;kg ;        1.19;       12.53;'3850104277788';HRANA;        0.00;        0.00
PAŠTETA ÈAJNA 50g AL PIKETA             ;562455    ;PIKETA         ;        0.05;kg ;        0.75;       15.00;'3850104277818';HRANA;        0.00;        0.00
PAŠTETA JETRENA 95g AL PIKETA           ;562456    ;PIKETA         ;        0.10;kg ;        1.19;       12.53;'3850104277795';HRANA;        0.00;        0.00
PAŠTETA PILEÆA JETRENA 95g PODRAVKA     ;580469    ;PODRAVKA d.d. KOPRIVNICA;        0.10;kg ;        1.29;       13.58;'3856020224592';HRANA;        0.00;        0.00
PAŠTETA KOKOŠJA CLASSIC 100g GAVRILOVIÆ ;592259    ;GAVRILOVIÆ d.o.o.PETRINJA;        0.10;kg ;        1.35;       13.50;'3858890207682';HRANA;        0.00;        0.00
PAŠTETA PILEÆA CLASSIC 100g GAVRILOVIÆ  ;592260    ;GAVRILOVIÆ d.o.o.PETRINJA;        0.10;kg ;        1.35;       13.50;'3858890207743';HRANA;        0.00;        0.00
PAŠTETA KOKOŠJA JETRENA 100g GAVRILOVIÆ ;592261    ;GAVRILOVIÆ d.o.o.PETRINJA;        0.10;kg ;        1.19;       11.90;'3858890207644';HRANA;        0.00;        0.00
PAŠTETA KOKOŠJA ÈAJNA 100g GAVRILOVIÆ   ;592262    ;GAVRILOVIÆ d.o.o.PETRINJA;        0.10;kg ;        1.19;       11.90;'3858890207705';HRANA;        0.00;        0.00
PAŠTETA KOKOŠJA 100g PPK                ;611541    ;PPK            ;        0.10;kg ;        0.75;        7.50;'3858890188561';HRANA;        0.00;        0.00
PAŠTETA PILEÆA CREAM 50g LINO           ;617005    ;LINO           ;        0.05;kg ;        0.89;       17.80;'3856020259426';HRANA;        0.00;        0.00
PAŠTETA KOKOŠJA JETRENA 45g ARGETA**    ;617023    ;ARGETA         ;        0.05;kg ;        0.89;       19.78;'38380518';HRANA;        0.00;        0.00
PAŠTETA PIKANTNA PILEÆA 95g AL PIKETA   ;621548    ;PIKETA         ;        0.10;kg ;        1.19;       12.53;'3850104279843';HRANA;        0.00;        0.00
PATE POLI CLASSIC 95g                   ;625056    ;POLI           ;        0.10;kg ;        1.05;       11.05;'8606015009612';HRANA;        0.00;        0.00
PAŠTETA ÈAJNA 95g PODRAVKA              ;625741    ;PODRAVKA d.d. KOPRIVNICA;        0.10;kg ;        1.29;       13.58;'3858886469209';HRANA;        0.00;        0.00
PAŠTETA PILEÆA JETRENA 100g OVITAK PIPO ;632154    ;PERUTNINA PTUJ-PIPO d.o.o. ÈAKOVEC;        0.10;kg ;        0.76;        7.60;'3838977018615';HRANA;        0.00;        0.00
PAŠTETA PEPE PILEÆA JETRENA OVITAK 50g  ;632155    ;PERUTNINA PTUJ-PIPO d.o.o. ÈAKOVEC;        0.05;kg ;        0.46;        9.20;'3838977022094';HRANA;        0.00;        0.00
PAŠTETA PILEÆA CLASSIC 3X100g GAVRILOVIÆ;632295    ;GAVRILOVIÆ d.o.o.PETRINJA;        0.30;kg ;        3.49;       11.63;'3858892725344';HRANA;        0.00;        0.00
PAŠTETA PILEÆA CREAM 95g LINO           ;633645    ;LINO           ;        0.10;kg ;        1.49;       15.68;'3856020260439';HRANA;        0.00;        0.00
PAŠTETA KOKOŠJA 2X95g DUOPACK ARGETA**  ;634257    ;ARGETA         ;        0.19;kg ;        2.59;       13.63;'3838471044059';HRANA;        0.00;        0.00
PAŠTETA KOKOŠJA JUNIOR PRSA 95g ARGETA  ;637039    ;ARGETA         ;        0.10;kg ;        1.49;       15.68;'3838471051712';HRANA;        0.00;        0.00
PAŠTETA KOKOŠJA GOLD 95g PODRAVKA       ;638719    ;PODRAVKA d.d. KOPRIVNICA;        0.10;kg ;        1.29;       13.58;'3856020263720';HRANA;        0.00;        0.00
PAŠTETA ÈAJNA 4X100g XXL GAVRILOVIÆ     ;643987    ;GAVRILOVIÆ d.o.o.PETRINJA;        0.40;kg ;        4.99;       12.48;'3858892726136';HRANA;        0.00;        0.00
PAŠTETA JETRENA 4X100g XXL GAVRILOVIÆ   ;643988    ;GAVRILOVIÆ d.o.o.PETRINJA;        0.40;kg ;        4.99;       12.48;'3858892723784';HRANA;        0.00;        0.00
PAŠTETA KOKOŠJA 30g PPK                 ;646975    ;PPK            ;        0.03;kg ;        0.25;        8.33;'3858890185157';HRANA;        0.00;        0.00
PAŠTETA PILEÆA JUNIOR 100g GAVRILOVIÆ   ;647629    ;GAVRILOVIÆ d.o.o.PETRINJA;        0.10;kg ;        1.39;       13.90;'3858892726426';HRANA;        0.00;        0.00
PAŠTETA JUNIOR TUNA 100g GAVRILOVIÆ     ;647630    ;GAVRILOVIÆ d.o.o.PETRINJA;        0.10;kg ;        1.99;       19.90;'3858892726440';HRANA;        0.00;        0.00
PAŠTETA GALA 4X100g GAVRILOVIÆ          ;656957    ;GAVRILOVIÆ d.o.o.PETRINJA;        0.40;kg ;        3.99;        9.98;'3858892723852';HRANA;        0.00;        0.00
PAŠTETA JETRENA 95g PODRAVKA            ;685412    ;PODRAVKA d.d. KOPRIVNICA;        0.10;kg ;        1.29;       13.58;'3858886469230';HRANA;        0.00;        0.00
PAŠTETA ÈAJNA 835g PODRAVKA             ;699666    ;PODRAVKA d.d. KOPRIVNICA;        0.84;kg ;        7.17;        8.54;'3856020255589';HRANA;        0.00;        0.00
RAGU MESNI 200g PODRAVKA                ;01746     ;PODRAVKA d.d. KOPRIVNICA;        0.20;kg ;        2.49;       12.45;'3850104020308';HRANA;        0.00;        0.00
GOVEÐI GULAŠ 200g PODRAVKA              ;01831     ;PODRAVKA d.d. KOPRIVNICA;        0.20;kg ;        3.79;       18.95;'3850104020018';HRANA;        0.00;        0.00
GOVEÐI GULAŠ 300g PODRAVKA              ;01832     ;PODRAVKA d.d. KOPRIVNICA;        0.30;kg ;        3.59;       11.97;'3850104020032';HRANA;        0.00;        0.00
GOVEÐI GULAŠ 400g PODRAVKA              ;01833     ;PODRAVKA d.d. KOPRIVNICA;        0.40;kg ;        5.99;       14.98;'3850104020087';HRANA;        0.00;        0.00
HAŠE GOVEÐI 200g PODRAVKA               ;02524     ;PODRAVKA d.d. KOPRIVNICA;        0.20;kg ;        2.39;       11.95;'3850104020353';HRANA;        0.00;        0.00
RAGU SA ŠAMPINJONIMA 200g PODRAVKA      ;03303     ;PODRAVKA d.d. KOPRIVNICA;        0.20;kg ;        2.49;       12.45;'3850104022661';HRANA;        0.00;        0.00
GRAH S KOBASICAMA 400g PODRAVKA         ;07115     ;PODRAVKA d.d. KOPRIVNICA;        0.40;kg ;        0.00;        6.98;'3850104035739';HRANA;        3.89;        2.79
GRAH S HAMBURGEROM 400g PODRAVKA        ;07116     ;PODRAVKA d.d. KOPRIVNICA;        0.40;kg ;        0.00;        6.98;'3850104035746';HRANA;        3.89;        2.79
FILEKI 400g PODRAVKA                    ;26075     ;PODRAVKA d.d. KOPRIVNICA;        0.40;kg ;        3.89;        9.73;'3850104050848';HRANA;        0.00;        0.00
MESNI RAGU 400g PODRAVKA                ;317593    ;PODRAVKA d.d. KOPRIVNICA;        0.40;kg ;        3.98;        9.95;'3858886465768';HRANA;        0.00;        0.00
GRAH ZAPEÈENI 400g PODRAVKA             ;407610    ;PODRAVKA d.d. KOPRIVNICA;        0.40;kg ;        2.65;        6.63;'3858886465997';HRANA;        0.00;        0.00
MESNE OKRUGLICE UMAK RAJÈICA 400g CARNEX;550685    ;CARNEX         ;        0.40;kg ;        3.99;        9.98;'8600012700329';HRANA;        0.00;        0.00
SARMA DOMAÆA 400g CARNEX                ;550686    ;CARNEX         ;        0.40;kg ;        3.99;        9.98;'8600012700336';HRANA;        0.00;        0.00
PUNJENA PAPRIKA 400g CARNEX             ;573814    ;CARNEX         ;        0.40;kg ;        3.99;        9.98;'8600012700428';HRANA;        0.00;        0.00
GOVEÐI GULAŠ 300g GAVRILOVIÆ            ;576184    ;GAVRILOVIÆ d.o.o.PETRINJA;        0.30;kg ;        4.29;       14.30;'3858892720912';HRANA;        0.00;        0.00
FILEKI 300g GAVRILOVIÆ                  ;576185    ;GAVRILOVIÆ d.o.o.PETRINJA;        0.30;kg ;        3.39;       11.30;'3858892720936';HRANA;        0.00;        0.00
GRAH S KOBASICOM 300g GAVRILOVIÆ        ;576186    ;GAVRILOVIÆ d.o.o.PETRINJA;        0.30;kg ;        3.39;       11.30;'3858892720950';HRANA;        0.00;        0.00
GRAH S DIMLJ.SLANINOM 300g GAVRILOVIÆ   ;576187    ;GAVRILOVIÆ d.o.o.PETRINJA;        0.30;kg ;        3.39;       11.30;'3858892720974';HRANA;        0.00;        0.00
GRAH SA SLANINOM 400g CARNEX            ;635986    ;CARNEX         ;        0.40;kg ;        3.99;        9.98;'8600012700282';HRANA;        0.00;        0.00
GRAH S KOBASICOM 400g CARNEX            ;635987    ;CARNEX         ;        0.40;kg ;        3.99;        9.98;'8600012700299';HRANA;        0.00;        0.00
SALATA PILETINA TJESTENINA 160g ARGETA  ;647151    ;ARGETA         ;        0.16;kg ;        4.19;       26.19;'3838471055482';HRANA;        0.00;        0.00
SALATA PILETINA PIKANT 160g ARGETA      ;647152    ;ARGETA         ;        0.16;kg ;        4.19;       26.19;'3838471055499';HRANA;        0.00;        0.00
SALATA S POVRÆEM 160g ARGETA            ;647153    ;ARGETA         ;        0.16;kg ;        4.19;       26.19;'3838471055505';HRANA;        0.00;        0.00
GULAŠ S KRUMPIROM 400g PODRAVKA         ;656968    ;PODRAVKA d.d. KOPRIVNICA;        0.40;kg ;        4.99;       12.48;'3856020283346';HRANA;        0.00;        0.00
GRAH S KOBASICOM 3X400g CARNEX          ;661239    ;ALCA ZAGREB D.O.O.;        1.20;kg ;        7.49;        6.24;'3858894301843';HRANA;        0.00;        0.00
HAŠE OD SVINJETINE 200g PODRAVKA        ;93460     ;PODRAVKA d.d. KOPRIVNICA;        0.20;kg ;        2.39;       11.95;'3850104057380';HRANA;        0.00;        0.00
RAGU PILEÆI 200g PODRAVKA               ;98900     ;PODRAVKA d.d. KOPRIVNICA;        0.20;kg ;        2.49;       12.45;'3850104068478';HRANA;        0.00;        0.00
GAMBERI 250g LEDO                       ;09418     ;LEDO PLUS D.O.O.;        0.25;kg ;        6.49;       25.96;'3850116746050';HRANA;        0.00;        0.00
PANIRANI KOLUTIÆI  1/1 LEDO             ;120169    ;LEDO PLUS D.O.O.;        1.00;kg ;        7.49;        7.49;'3850116003603';HRANA;        0.00;        0.00
PLODOVI MORA ZA RIŽOTO 300g             ;130342    ;LEDO PLUS D.O.O.;        0.30;kg ;        4.89;       16.30;'3850116745985';HRANA;        0.00;        0.00
KOZICE 500g STANIÆ**                    ;134901    ;PEDRO          ;        0.35;kg ;        5.04;       14.40;'3858883225655';HRANA;        0.00;        0.00
PAN.RIB.ŠTAPIÆI 250g VICI PPK           ;163316    ;VICI           ;        0.25;kg ;        1.35;        5.40;'4770190035118';HRANA;        0.00;        0.00
FILET BIJELE RIBE 1kg ZMH               ;186546    ;FROZY          ;        1.00;kg ;        5.97;        5.97;'3859889284226';HRANA;        0.00;        0.00
PANIRANI KOLUTIÆI 400g LEDO             ;195011    ;LEDO PLUS D.O.O.;        0.40;kg ;        3.99;        9.98;'3850116779485';HRANA;        0.00;        0.00
LIGNJA PAT.OÈIŠ.400g LEDO               ;297012    ;LEDO PLUS D.O.O.;        0.40;kg ;        9.49;       23.73;'3850116877341';HRANA;        0.00;        0.00
PAPALINA 1kg VREÆICA ZMH HORVAT         ;314657    ;FROZY          ;        1.00;kg ;        2.99;        2.99;'3859891927135';HRANA;        0.00;        0.00
PAN.FILE OSLIÆA 400g LEDO               ;321539    ;LEDO PLUS D.O.O.;        0.40;kg ;        6.49;       16.23;'3850116881973';HRANA;        0.00;        0.00
PAN.RIB.ŠTAPIÆI 250g SMART VICI         ;321675    ;VICI           ;        0.25;kg ;        1.15;        4.60;'4740056098595';HRANA;        0.00;        0.00
SRDELA CIJELA 1kg ZMH                   ;360649    ;FROZY          ;        1.00;kg ;        3.59;        3.59;'3859891927579';HRANA;        0.00;        0.00
PAN.RIBLJI ŠTAPIÆI 250g COLUMBUS        ;391169    ;COLUMBUS       ;        0.25;kg ;        1.29;        5.16;'4740056098250';HRANA;        0.00;        0.00
PAN.RIBLJI ODREZAK 400g LEDO            ;412155    ;LEDO PLUS D.O.O.;        0.40;kg ;        4.99;       12.48;'3850116995724';HRANA;        0.00;        0.00
OSLIÆ FILE HUBBSI 500g KOGO**           ;427498    ;KOGO           ;        0.50;kg ;        3.99;        7.98;'3858884993225';HRANA;        0.00;        0.00
KRAKOVI ZA PEKU I SALATU 1kg ZMH        ;527110    ;FROZY          ;        1.00;kg ;        9.99;        9.99;'3858891040073';HRANA;        0.00;        0.00
OSLIÆ ARGENTINSKI BG HUBBSI 1kg FROZY   ;529301    ;FROZY          ;        1.00;kg ;        5.31;        5.31;'3859891927807';HRANA;        0.00;        0.00
OSLIÆ FILET ARGENTINSKI 500g FROZY      ;536586    ;FROZY          ;        0.50;kg ;        4.78;        9.56;'3858891041889';HRANA;        0.00;        0.00
ŠKAMPI 21-30 1000g FROZY**              ;570755    ;FROZY          ;        1.00;kg ;       12.99;       12.99;'3859891927906';HRANA;        0.00;        0.00
PANIRANI KOLUTIÆI HUMBOLT.LIGNJE 1kg PED;577155    ;PEDRO          ;        1.00;kg ;        0.00;        5.29;'3858883225778';HRANA;        7.30;        5.29
ŠTAPIÆI RAKA SMART 250g                 ;578528    ;VICI           ;        0.25;kg ;        1.25;        5.00;'4770190385343';HRANA;        0.00;        0.00
LIGNJUN PACIFIÈKI KOLUTIÆI 400g ZMH     ;585880    ;FROZY          ;        0.40;kg ;        4.79;       11.98;'3858891044491';HRANA;        0.00;        0.00
TUNA ODREZAK 250g ZMH                   ;604910    ;FROZY          ;        0.25;kg ;        5.49;       21.96;'3858891044859';HRANA;        0.00;        0.00
PANIRANI FILET OSLIÆA HUBBSI 400g ZMH   ;607128    ;FROZY          ;        0.40;kg ;        4.64;       11.60;'3858891044866';HRANA;        0.00;        0.00
LIGNJA PAT.OÈIŠ.KK 400g FROZY           ;614120    ;FROZY          ;        0.40;kg ;        6.69;       16.73;'3858891045016';HRANA;        0.00;        0.00
LIGNJA PAT.OÈIŠ.TK 400g FROZY           ;614121    ;FROZY          ;        0.40;kg ;        6.69;       16.73;'3858891045177';HRANA;        0.00;        0.00
LIGNJA PAT.CIJELA 500g FROZY            ;614122    ;FROZY          ;        0.50;kg ;        0.00;        9.98;'3858891045191';HRANA;        6.29;        4.99
OSLIÆ BEZ GLAVE HUBBSI 800g LEDO        ;615638    ;LEDO PLUS D.O.O.;        0.80;kg ;        7.39;        9.24;'3850116048680';HRANA;        0.00;        0.00
OSLIÆ BEZ GLAVE HUBBSI 400g LEDO        ;615639    ;LEDO PLUS D.O.O.;        0.40;kg ;        3.90;        9.75;'3850116048659';HRANA;        0.00;        0.00
OSLIÆ FILET 800g LEDO                   ;615641    ;LEDO PLUS D.O.O.;        0.80;kg ;       10.49;       13.11;'3850116048628';HRANA;        0.00;        0.00
OSLIÆ FILET 400g LEDO                   ;615642    ;LEDO PLUS D.O.O.;        0.40;kg ;        5.29;       13.23;'3850116048598';HRANA;        0.00;        0.00
PANIRANI RIBLJI ŠTAPIÆI 250g FROZY      ;616498    ;FROZY          ;        0.25;kg ;        1.33;        5.32;'3859889284288';HRANA;        0.00;        0.00
PAN.RIBLJI 100% FILET 240g LEDO         ;626159    ;LEDO PLUS D.O.O.;        0.24;kg ;        3.99;       16.63;'3850116058146';HRANA;        0.00;        0.00
FILET BIJELE RIBE 500g ZMH              ;63284     ;FROZY          ;        0.50;kg ;        3.32;        6.64;'3859889284028';HRANA;        0.00;        0.00
OSLIÆ BG 1000g ZMH HORVAT**             ;63292     ;FROZY          ;        1.00;kg ;        3.29;        3.29;'3859889284011';HRANA;        0.00;        0.00
KOZICE U HRSKAVOJ PANADI 250g LEDO      ;637303    ;LEDO PLUS D.O.O.;        0.25;kg ;        6.99;       27.96;'3850116063805';HRANA;        0.00;        0.00
DAGNJE 350g HORVAT                      ;64111     ;FROZY          ;        0.35;kg ;        3.45;        9.86;'3859889284301';HRANA;        0.00;        0.00
OSLIÆ FILET PACIFIÈKI 500g FROZY        ;642404    ;FROZY          ;        0.50;kg ;        0.00;        4.58;'3858891045856';HRANA;        3.79;        2.29
PAN.RIBLJI OBLICI 50% RIBE 330g FROZY   ;646873    ;FROZY          ;        0.33;kg ;        3.29;        9.97;'3858891045603';HRANA;        0.00;        0.00
PAN.KOLUTIÆI LIGNJE 400g FROZY          ;646874    ;FROZY          ;        0.40;kg ;        2.99;        7.48;'3858891045580';HRANA;        0.00;        0.00
PAN.RIB.ŠTAPIÆI 100% FIL.300g LEDO MSC  ;648185    ;LEDO PLUS D.O.O.;        0.30;kg ;        3.99;       13.30;'3850116066516';HRANA;        0.00;        0.00
PAN.RIB.ŠTAPIÆI 100% FIL.450g LEDO MSC  ;648186    ;LEDO PLUS D.O.O.;        0.45;kg ;        0.00;        8.42;'3850116066547';HRANA;        4.99;        3.79
PAN.FISH NUGGETS 245g LEDO MSC          ;648187    ;LEDO PLUS D.O.O.;        0.25;kg ;        3.99;       16.29;'3850116066455';HRANA;        0.00;        0.00
PAN.RIBLJI ŠTAPIÆI 300g LEDO MSC        ;648188    ;LEDO PLUS D.O.O.;        0.30;kg ;        2.99;        9.97;'3850116066486';HRANA;        0.00;        0.00
RIBLJI ŠTAPIÆI ZLAT.PAN.224g LEDO MSC   ;648189    ;LEDO PLUS D.O.O.;        0.22;kg ;        2.99;       13.35;'3850116066578';HRANA;        0.00;        0.00
RIBLJI ŠTAPIÆI PEREC 364g LEDO          ;658489    ;LEDO PLUS D.O.O.;        0.36;kg ;        4.99;       13.71;'3850116067742';HRANA;        0.00;        0.00
PAN.RIBLJI 100% FILET 7 SJEM.250g LEDO  ;658490    ;LEDO PLUS D.O.O.;        0.25;kg ;        3.99;       15.96;'3850116067773';HRANA;        0.00;        0.00
OSLIÆ BEZ GLAVE 400g FROZY              ;663928    ;FROZY          ;        0.40;kg ;        3.19;        7.98;'3858891046464';HRANA;        0.00;        0.00
MIX ZA RIŽOTO 350g HORVAT               ;71408     ;FROZY          ;        0.35;kg ;        3.58;       10.23;'3859889284042';HRANA;        0.00;        0.00
LIGNJA PATAG.CIJELA 500g LEDO           ;80852     ;LEDO PLUS D.O.O.;        0.50;kg ;        7.59;       15.18;'3850116713250';HRANA;        0.00;        0.00
TUNA SALATA MEXICANA 160g EVA           ;189002    ;EVA            ;        0.16;kg ;        4.29;       26.81;'3856020218126';HRANA;        0.00;        0.00
RIO MARE TUNA NATURAL 4X80g             ;192312    ;RIO MARE       ;        0.22;kg ;        8.99;       40.13;'8004030344570';HRANA;        0.00;        0.00
RIO MARE TUNA ULJE 4X80g                ;192314    ;RIO MARE       ;        0.21;kg ;        8.99;       43.22;'8004030005051';HRANA;        0.00;        0.00
RIO MARE TUNA S KUKURUZOM SALATA 160g   ;192315    ;RIO MARE       ;        0.16;kg ;        2.19;       13.69;'8004030022010';HRANA;        0.00;        0.00
RIO MARE TUNA MEXICO SALATA 160g        ;192316    ;RIO MARE       ;        0.16;kg ;        2.19;       13.69;'8004030026018';HRANA;        0.00;        0.00
RIO MARE GRAH SALATA 160g               ;243374    ;RIO MARE       ;        0.16;kg ;        2.19;       13.69;'8004030023017';HRANA;        0.00;        0.00
TUNA SALATA MEDITERANA 160g EVA         ;276095    ;EVA            ;        0.16;kg ;        4.29;       26.81;'3856020217648';HRANA;        0.00;        0.00
TUNA SALATA DALMATINA 160g EVA          ;276096    ;EVA            ;        0.16;kg ;        4.29;       26.81;'3856020217617';HRANA;        0.00;        0.00
RIO MARE TUNA MASL.ULJE 3X80g           ;325939    ;RIO MARE       ;        0.16;kg ;        6.99;       44.81;'8004030345775';HRANA;        0.00;        0.00
TUNA KOMADIÆI 185g LARA                 ;360641    ;LARA           ;        0.13;kg ;        1.65;       12.69;'3859890236283';HRANA;        0.00;        0.00
TUNA KOMADI 185g LARA                   ;360642    ;LARA           ;        0.13;kg ;        2.29;       17.62;'3859890236276';HRANA;        0.00;        0.00
TUNA KOMADIÆI ULJE 185g GIANA           ;364239    ;GIANA D.O.O.;        0.13;kg ;        1.05;        8.08;'8594012790018';HRANA;        0.00;        0.00
TUNA KOMADI ULJE 185g GIANA             ;364240    ;GIANA D.O.O.;        0.13;kg ;        1.99;       15.31;'8594012790513';HRANA;        0.00;        0.00
TUNA SALATA POVRÆE EXOTIC 185g GIANA    ;364242    ;GIANA D.O.O.;        0.19;kg ;        1.99;       10.76;'8594012796539';HRANA;        0.00;        0.00
SARDINA U ULJU 125g GIANA               ;366840    ;GIANA D.O.O.;        0.09;kg ;        1.25;       13.89;'8594012792104';HRANA;        0.00;        0.00
TUNA SALATA MEXICO 185g GIANA           ;368622    ;GIANA D.O.O.;        0.19;kg ;        1.99;       10.76;'8594012793378';HRANA;        0.00;        0.00
TUNA KOMADI 1705g GIANA                 ;409681    ;GIANA D.O.O.;        1.26;kg ;       15.00;       11.90;'8594012791916';HRANA;        0.00;        0.00
TUNA USITNJENA U BILJ.ULJU 160g EVA     ;411860    ;EVA            ;        0.10;kg ;        2.19;       21.06;'3850104267031';HRANA;        0.00;        0.00
RIO MARE TUNA KOMADI SUNC.ULJE 160g     ;425342    ;RIO MARE       ;        0.11;kg ;        3.95;       35.27;'8004030595002';HRANA;        0.00;        0.00
RIO MARE TUNA KOMADI NATURALE 160g      ;425343    ;RIO MARE       ;        0.12;kg ;        3.95;       32.92;'8004030595033';HRANA;        0.00;        0.00
TUNA SALATA TEXAS 185g GIANA            ;429087    ;GIANA D.O.O.;        0.19;kg ;        1.99;       10.76;'8595241502731';HRANA;        0.00;        0.00
TUNA U SUNC.ULJU 170g GIANA             ;442907    ;FRANZ JOSEF    ;        0.12;kg ;        2.39;       19.92;'8594012796515';HRANA;        0.00;        0.00
TUNA KOMADI U ULJU 3X80g GIANA          ;442908    ;GIANA D.O.O.;        0.16;kg ;        4.49;       28.78;'8595241512846';HRANA;        0.00;        0.00
TUNA SALATA WESTERN 185g GIANA          ;505941    ;GIANA D.O.O.;        0.19;kg ;        1.99;       10.76;'8595241502717';HRANA;        0.00;        0.00
TUNA U ULJU S CHILIJEM 170g GIANA       ;520246    ;FRANZ JOSEF    ;        0.12;kg ;        2.39;       19.92;'8595241504971';HRANA;        0.00;        0.00
TUNA SALATA ITALIANO 185g GIANA         ;555629    ;GIANA D.O.O.;        0.19;kg ;        1.99;       10.76;'8595241503349';HRANA;        0.00;        0.00
HARINGA FILET U ULJU 170g GIANA         ;555995    ;GIANA D.O.O.;        0.09;kg ;        1.59;       17.28;'8594012793897';HRANA;        0.00;        0.00
TUNA SALATA KUS KUS 160g EVA            ;558281    ;EVA            ;        0.16;kg ;        4.29;       26.81;'3856020217730';HRANA;        0.00;        0.00
TUNA SALATA CRV.KVINOJA 160g EVA        ;558282    ;EVA            ;        0.16;kg ;        4.29;       26.81;'3856020217679';HRANA;        0.00;        0.00
TUNA U VLAST.SOKU 170g GIANA            ;568362    ;FRANZ JOSEF    ;        0.12;kg ;        2.39;       19.92;'8595241525402';HRANA;        0.00;        0.00
SARDINA FILET U ULJU 90g GIANA          ;568364    ;FRANZ JOSEF    ;        0.06;kg ;        1.89;       30.00;'8595241524689';HRANA;        0.00;        0.00
SARDINA FILET UMAK RAJÈICA 90g GIANA    ;568366    ;FRANZ JOSEF    ;        0.09;kg ;        1.89;       21.00;'8595241513881';HRANA;        0.00;        0.00
TUNA SALATA 160g MEXICO KAISER          ;575714    ;FRANZ JOSEF    ;        0.16;kg ;        2.52;       15.75;'8595241524726';HRANA;        0.00;        0.00
TUNA SALATA 160g FUSILI KAISER          ;575716    ;FRANZ JOSEF    ;        0.16;kg ;        2.52;       15.75;'8595241524764';HRANA;        0.00;        0.00
TUNA SALATA 160g KUS KUS KAISER         ;575717    ;FRANZ JOSEF    ;        0.16;kg ;        2.52;       15.75;'8595241524740';HRANA;        0.00;        0.00
LOSOS UMAK RAJÈICA SA KARIJEM 110g GIANA;585881    ;FRANZ JOSEF    ;        0.11;kg ;        1.99;       18.09;'8595241524900';HRANA;        0.00;        0.00
LOSOS UMAK SENF 110g GIANA              ;585882    ;FRANZ JOSEF    ;        0.11;kg ;        1.99;       18.09;'8595241524887';HRANA;        0.00;        0.00
RIO MARE TUNA SALATA KUS KUS 160g       ;595103    ;RIO MARE       ;        0.16;kg ;        2.19;       13.69;'8004030860001';HRANA;        0.00;        0.00
TUNA MASL.ULJE 150g FRANZ               ;601252    ;FRANZ JOSEF    ;        0.10;kg ;        2.39;       23.43;'8595241527901';HRANA;        0.00;        0.00
SARDINA FILET U MASL.ULJU 90g FRANZ     ;601253    ;FRANZ JOSEF    ;        0.06;kg ;        1.89;       30.00;'8595241527758';HRANA;        0.00;        0.00
RIO MARE SALATA SLANUTAK 160g           ;609081    ;RIO MARE       ;        0.16;kg ;        2.19;       13.69;'8004030855038';HRANA;        0.00;        0.00
SARDINA U ULJU 125g LARA                ;610208    ;LARA           ;        0.09;kg ;        1.09;       12.11;'3859891216994';HRANA;        0.00;        0.00
RIO MARE SALATA KVINOJA 160g            ;615869    ;RIO MARE       ;        0.16;kg ;        2.19;       13.69;'8004030835023';HRANA;        0.00;        0.00
TUNA U MASL.ULJU 2X60g GIANA            ;619709    ;FRANZ JOSEF    ;        0.10;kg ;        2.65;       25.48;'8595241528670';HRANA;        0.00;        0.00
SARDINA S POVRÆEM UMAK RAJÈICA 100g EVA ;627761    ;EVA            ;        0.10;kg ;        1.99;       19.90;'3856020262587';HRANA;        0.00;        0.00
SARDINA U MASL.ULJU 100g EVA            ;627765    ;EVA            ;        0.07;kg ;        1.99;       28.43;'3856020262556';HRANA;        0.00;        0.00
SARDINA U ULJU 100g EVA                 ;628274    ;EVA            ;        0.07;kg ;        1.99;       28.43;'3856020262525';HRANA;        0.00;        0.00
TUNA SALATA PROTEIN 160g EVA            ;632444    ;EVA            ;        0.16;kg ;        4.29;       26.81;'3856020263904';HRANA;        0.00;        0.00
SKUŠA FILETI U BILJ.ULJU 100g EVA       ;634978    ;EVA            ;        0.07;kg ;        3.29;       47.00;'3856020263034';HRANA;        0.00;        0.00
SKUŠA S POVRÆEM UMAK RAJÈICA 100g EVA   ;636872    ;EVA            ;        0.10;kg ;        2.29;       22.90;'3856020263065';HRANA;        0.00;        0.00
TUNA S POVRÆEM UMAK RAJÈICA 100g EVA    ;637461    ;EVA            ;        0.10;kg ;        2.39;       23.90;'3856020263157';HRANA;        0.00;        0.00
TUNA FILETI U BILJ.ULJU 100g EVA        ;640502    ;EVA            ;        0.07;kg ;        3.49;       49.86;'3856020263096';HRANA;        0.00;        0.00
OSLIÆ U BILJNOM ULJU 100g EVA           ;642188    ;EVA            ;        0.07;kg ;        2.89;       41.29;'3856020269616';HRANA;        0.00;        0.00
TUNA SALATA GRAH MIX 160g GIANA         ;644448    ;FRANZ JOSEF    ;        0.16;kg ;        2.52;       15.75;'8595241526126';HRANA;        0.00;        0.00
TUNA U SUNC.ULJU 4X80g GIANA            ;644973    ;FRANZ JOSEF    ;        0.21;kg ;        4.99;       23.99;'8595241527857';HRANA;        0.00;        0.00
TUNA SALATA MEXICANA 2X160g EVA         ;645166    ;EVA            ;        0.32;kg ;        7.89;       24.66;'3856020269524';HRANA;        0.00;        0.00
TUNA SALATA DALMATINA 2X160g EVA        ;645167    ;EVA            ;        0.32;kg ;        7.89;       24.66;'3856020269555';HRANA;        0.00;        0.00
SKUŠA FILETI DIMLJ.170g GIANA           ;645561    ;FRANZ JOSEF    ;        0.09;kg ;        2.89;       31.41;'8594012796409';HRANA;        0.00;        0.00
TUNA KOMADI VLASTITI SOK 170g GIANA     ;646481    ;FRANZ JOSEF    ;        0.12;kg ;        1.99;       16.58;'8595241505350';HRANA;        0.00;        0.00
TUNA SALATA CURRY RIŽA 160g GIANA       ;652429    ;FRANZ JOSEF    ;        0.16;kg ;        2.52;       15.75;'8595241531304';HRANA;        0.00;        0.00
PLAVA RIBA JADRANSKA U ULJU 95g EVA     ;653099    ;EVA            ;        0.07;kg ;        0.99;       14.78;'3856020277970';HRANA;        0.00;        0.00
TUNA KOMADI BILJ.ULJE 1,73kg PODRAVKA   ;654403    ;PODRAVKA       ;        1.13;kg ;       20.57;       18.20;'3856020279264';HRANA;        0.00;        0.00
SARDINA S POVRÆEM 95g MIRELA            ;655291    ;PODRAVKA d.d. KOPRIVNICA;        0.10;kg ;        1.59;       16.74;'3856020267650';HRANA;        0.00;        0.00
TUNA U EX.DJEV.MASL.ULJU 4X60g GIANA    ;657240    ;FRANZ JOSEF    ;        0.21;kg ;        4.99;       23.99;'8595241531724';HRANA;        0.00;        0.00
SKUŠA FILETI U MASL.ULJU 100g EVA       ;657278    ;PODRAVKA d.d. KOPRIVNICA;        0.07;kg ;        3.29;       47.00;'3856020263324';HRANA;        0.00;        0.00
TUNA STEAK U BILJNOM ULJU 160g EVA      ;663323    ;EVA            ;        0.10;kg ;        3.69;       36.90;'3856020278229';HRANA;        0.00;        0.00
PILE GRILL SMRZN.VREÆ KOKA              ;00300     ;CEKIN          ;        1.00;kg ;        4.59;        4.59;'2105623014613';HRANA;        0.00;        0.00
BATAK I ZABATAK SMRZ.PODL.KOKA          ;00318     ;CEKIN          ;        1.00;kg ;        5.49;        5.49;'2105624004583';HRANA;        0.00;        0.00
KRILA PODL.SMRZ.KOKA                    ;01149     ;CEKIN          ;        1.00;kg ;        5.99;        5.99;'3850159111266';HRANA;        0.00;        0.00
FILE OD PRSA SMRZ.PODL.KOKA             ;01153     ;CEKIN          ;        1.00;kg ;       13.99;       13.99;'2105633004949';HRANA;        0.00;        0.00
BATAK PODL.SMRZ.KOKA                    ;01189     ;CEKIN          ;        1.00;kg ;        5.79;        5.79;'3850159111518';HRANA;        0.00;        0.00
USITNJENO PILEÆE MESO 500g KOKA         ;26996     ;CEKIN          ;        0.50;kg ;        2.69;        5.38;'3850159111853';HRANA;        0.00;        0.00
JETRA SA SRCEM 500g SMRZ.KOKA           ;369554    ;CEKIN          ;        0.50;kg ;        3.29;        6.58;'3850159111938';HRANA;        0.00;        0.00
PATKA SMRZ.BEZ IZNUTRICA VP CVITA FOOD  ;406282    ;CVITA FOOD D.O.O.;        1.00;kg ;        4.99;        4.99;'5992870028138';HRANA;        0.00;        0.00
SV.VRAT SK II.KAT RFS PIK               ;223142    ;PIK VRBOVEC PLUS D.O.O.;        1.00;kg ;        3.59;        3.59;'';HRANA;        0.00;        0.00
SV.BUT BK I.KAT.RFS PIK                 ;230678    ;PIK VRBOVEC PLUS D.O.O.;        1.00;kg ;        0.00;        3.49;'';HRANA;        3.59;        3.49
SV.KOSTI S MESOM RFS PIK                ;230711    ;PIK VRBOVEC PLUS D.O.O.;        1.00;kg ;        1.89;        1.89;'';HRANA;        0.00;        0.00
SV.LOPATICA BK II.KAT.RFS PIK           ;230719    ;PIK VRBOVEC PLUS D.O.O.;        1.00;kg ;        0.00;        3.39;'';HRANA;        2.99;        3.39
SV.REP S KRSNOM KOSTI RFS PIK           ;230735    ;PIK VRBOVEC PLUS D.O.O.;        1.00;kg ;        2.39;        2.39;'';HRANA;        0.00;        0.00
SV.SRCE RFS PIK                         ;230736    ;PIK VRBOVEC PLUS D.O.O.;        1.00;kg ;        2.69;        2.69;'';HRANA;        0.00;        0.00
SV.GLAVA SK PIK                         ;231086    ;PIK VRBOVEC PLUS D.O.O.;        1.00;kg ;        0.99;        0.99;'';HRANA;        0.00;        0.00
SV.KOLJENICA SK RFS PIK III KAT.        ;231111    ;PIK VRBOVEC PLUS D.O.O.;        1.00;kg ;        2.99;        2.99;'2105406014601';HRANA;        0.00;        0.00
SV.KLASIÈNA POLOVICA E KL.PIVAC         ;234568    ;MESNA INDUSTRIJA BRAÆA PIVAC D.O.O.;        1.00;kg ;        0.00;        2.59;'';HRANA;        2.69;        2.59
SV.VRAT SK II KAT RFS KUDELIÆ           ;250429    ;KUDELIÆ DOO;        1.00;kg ;        4.49;        4.49;'';HRANA;        0.00;        0.00
SV.LOPATICA BK II KAT RFS KUDELIÆ       ;250430    ;KUDELIÆ DOO;        1.00;kg ;        0.00;        3.39;'';HRANA;        3.19;        3.39
SV.SRCE RFS PPK                         ;250435    ;MESNA INDUSTRIJA BRAÆA PIVAC D.O.O.;        1.00;kg ;        2.25;        2.25;'';HRANA;        0.00;        0.00
SV.SLABINA I LEÐA SK RFS PIVAC          ;293303    ;MESNA INDUSTRIJA BRAÆA PIVAC D.O.O.;        1.00;kg ;        3.99;        3.99;'';HRANA;        0.00;        0.00
SV.CARSKO MESO NEOBRAÐ.RFS KUDELIÆ      ;293308    ;KUDELIÆ DOO;        1.00;kg ;        0.00;        3.25;'';HRANA;        3.15;        3.25
SV.JEZIK RFS PPK                        ;293335    ;MESNA INDUSTRIJA BRAÆA PIVAC D.O.O.;        1.00;kg ;        3.09;        3.09;'';HRANA;        0.00;        0.00
SV.VRAT BK RFS KUDELIÆ                  ;322620    ;KUDELIÆ DOO;        1.00;kg ;        4.59;        4.59;'';HRANA;        0.00;        0.00
SV.BUT SK U KOŽI RAVNI REZ BEZ NOGE PIK ;366699    ;PIK VRBOVEC PLUS D.O.O.;        1.00;kg ;        3.29;        3.29;'';HRANA;        0.00;        0.00
SV.LOPATICA BK II KAT RFS PIVAC         ;394703    ;MESNA INDUSTRIJA BRAÆA PIVAC D.O.O.;        1.00;kg ;        0.00;        3.39;'';HRANA;        2.99;        3.39
SV.VRAT SK II KAT RFS PIVAC             ;394704    ;MESNA INDUSTRIJA BRAÆA PIVAC D.O.O.;        1.00;kg ;        3.59;        3.59;'';HRANA;        0.00;        0.00
SV.CARSKO MESO NEOBRAÐ.RFS PIVAC        ;394856    ;MESNA INDUSTRIJA BRAÆA PIVAC D.O.O.;        1.00;kg ;        0.00;        3.25;'';HRANA;        3.15;        3.25
SV.BUT SK U KOŽI DALM.OBRADA PIK        ;410465    ;PIK VRBOVEC PLUS D.O.O.;        1.00;kg ;        3.79;        3.79;'';HRANA;        0.00;        0.00
ÈVRSTO MASNO TKIVO KUDELIÆ              ;430125    ;KUDELIÆ DOO;        1.00;kg ;        2.29;        2.29;'';HRANA;        0.00;        0.00
SV.BUT BK I KAT.RFS PIVAC               ;452000    ;MESNA INDUSTRIJA BRAÆA PIVAC D.O.O.;        1.00;kg ;        0.00;        3.49;'';HRANA;        3.59;        3.49
SV.JETRA RFS PPK                        ;468745    ;MESNA INDUSTRIJA BRAÆA PIVAC D.O.O.;        0.00;kg ;        1.86;        0.00;'';HRANA;        0.00;        0.00
SV.KOŽICE RFS PPK                       ;563187    ;MESNA INDUSTRIJA BRAÆA PIVAC D.O.O.;        1.00;kg ;        1.89;        1.89;'';HRANA;        0.00;        0.00
ÈVRSTO MASNO TKIVO PIVAC                ;569875    ;MESNA INDUSTRIJA BRAÆA PIVAC D.O.O.;        1.00;kg ;        2.29;        2.29;'';HRANA;        0.00;        0.00
SV.SLABINA I LEÐA BK PIK                ;657854    ;PIK VRBOVEC PLUS D.O.O.;        1.00;kg ;        0.00;        3.69;'';HRANA;        3.59;        3.69
DOMAÆA KOBASICA SVJEŽA RFS PIK          ;694777    ;PIK VRBOVEC PLUS D.O.O.;        1.00;kg ;        4.99;        4.99;'2140694049607';HRANA;        0.00;        0.00
SV.VRAT BK PPK                          ;75021     ;MESNA INDUSTRIJA BRAÆA PIVAC D.O.O.;        1.00;kg ;        5.49;        5.49;'';HRANA;        0.00;        0.00
ÆEVAPÈIÆI JUNEÆI SVJ.RFS KUDELIÆ        ;784512    ;KUDELIÆ DOO;        1.00;kg ;       10.99;       10.99;'';HRANA;        0.00;        0.00
PEÈENICA SVJ.RFS KUDELIÆ                ;784514    ;KUDELIÆ DOO;        1.00;kg ;        7.99;        7.99;'';HRANA;        0.00;        0.00
SV.SLABINA I LEÐA BK RFS PIVAC          ;865124    ;MESNA INDUSTRIJA BRAÆA PIVAC D.O.O.;        1.00;kg ;        0.00;        3.69;'';HRANA;        3.59;        3.69
JUN.POTRBUŠINA SK RFS III KAT.PIK       ;230749    ;PIK VRBOVEC PLUS D.O.O.;        1.00;kg ;        8.99;        8.99;'';HRANA;        0.00;        0.00
JUN.FILEKI RFS PPK                      ;250449    ;MESNA INDUSTRIJA BRAÆA PIVAC D.O.O.;        1.00;kg ;        6.49;        6.49;'';HRANA;        0.00;        0.00
PLJESKAVICA JUNEÆA SVJ.RFS KUDELIÆ      ;784513    ;KUDELIÆ DOO;        1.00;kg ;       10.99;       10.99;'';HRANA;        0.00;        0.00
JUN.LEÐA SK RFS MARTINJAK               ;984523    ;MARTINJAK D.O.O.;        1.00;kg ;       11.99;       11.99;'';HRANA;        0.00;        0.00
JUN.LOPATICA BK RFS MARTINJAK           ;984525    ;MARTINJAK D.O.O.;        1.00;kg ;       12.99;       12.99;'';HRANA;        0.00;        0.00
JUN.REBRA SK RFS MARTINJAK              ;984526    ;MARTINJAK D.O.O.;        1.00;kg ;        9.49;        9.49;'';HRANA;        0.00;        0.00
JUN.PRSA SK RFS MARTINJAK               ;984527    ;MARTINJAK D.O.O.;        1.00;kg ;        9.49;        9.49;'';HRANA;        0.00;        0.00
JUN.POTRBUŠINA BK RFS MARTINJAK         ;984528    ;MARTINJAK D.O.O.;        1.00;kg ;        9.99;        9.99;'';HRANA;        0.00;        0.00
JUN.VRAT SK RFS MARTINJAK               ;984529    ;MARTINJAK D.O.O.;        1.00;kg ;        6.99;        6.99;'';HRANA;        0.00;        0.00
JUN.KOLJENICA BK RFS MARTINJAK          ;984531    ;MARTINJAK D.O.O.;        1.00;kg ;       11.99;       11.99;'';HRANA;        0.00;        0.00
JUN.BUT BK RFS MARTINJAK                ;984532    ;MARTINJAK D.O.O.;        1.00;kg ;       13.99;       13.99;'';HRANA;        0.00;        0.00
PUREÆI BATAK SVJ.MP PODL.VINDIJA        ;139059    ;VINDON         ;        1.00;kg ;        3.79;        3.79;'2115222010343';HRANA;        0.00;        0.00
PUREÆE PLJESKAVICE 400g SMRZ.KOKA       ;181752    ;VINDON         ;        0.40;kg ;        4.50;       11.25;'3850339439104';HRANA;        0.00;        0.00
PUREÆI ÆEVAPÈIÆI 400g SMRZ.KOKA         ;181755    ;VINDON         ;        0.40;kg ;        4.50;       11.25;'3850339439005';HRANA;        0.00;        0.00
CORDON BLEU 600g KOKA                   ;298551    ;CEKIN          ;        0.60;kg ;        9.29;       15.48;'3850159141522';HRANA;        0.00;        0.00
PANIRANI PIL.MEDALJONI 660g KOKA        ;298555    ;CEKIN          ;        0.66;kg ;        7.99;       12.11;'3850159141461';HRANA;        0.00;        0.00
PANIRANI PIL.MEDALJONI SA SIROM 660g KOK;562876    ;CEKIN          ;        0.66;kg ;        7.99;       12.11;'3850159141379';HRANA;        0.00;        0.00
PANIRANI PILEÆI ŠTAPIÆI 300g LEDO       ;564781    ;LEDO           ;        0.30;kg ;        4.99;       16.63;'3850116101828';HRANA;        0.00;        0.00
PANIRANI PILEÆI ODREZAK 400g LEDO       ;564782    ;LEDO           ;        0.40;kg ;        7.49;       18.73;'3850116103907';HRANA;        0.00;        0.00
PANIRANI PIL.CORDON BLUE 400g LEDO      ;631785    ;LEDO           ;        0.40;kg ;        7.99;       19.98;'3850116103891';HRANA;        0.00;        0.00
ZAGREBAÈKI ODREZAK 400g LEDO            ;631786    ;LEDO           ;        0.40;kg ;        8.99;       22.48;'3850116102917';HRANA;        0.00;        0.00
PANIRANI PILEÆI MEDALJONI 900g PIPO     ;632163    ;PERUTNINA PTUJ-PIPO d.o.o. ÈAKOVEC;        0.90;kg ;        7.99;        8.88;'3838977020748';HRANA;        0.00;        0.00
PANIRANI PIL.MINI FILE XXL 900g VINDIJA ;632485    ;CEKIN          ;        0.90;kg ;        9.99;       11.10;'3850159141799';HRANA;        0.00;        0.00
CHICKEN NUGGETS 300g LEDO               ;635897    ;LEDO           ;        0.30;kg ;        4.99;       16.63;'3850116039077';HRANA;        0.00;        0.00
POLI NUGGETS 400g SMRZ.PIPO             ;644974    ;POLI           ;        0.40;kg ;        4.99;       12.48;'3838977047271';HRANA;        0.00;        0.00
CEKIN PROTEIN FRITESI 500g              ;655477    ;CEKIN          ;        0.50;kg ;        7.99;       15.98;'3850159141188';HRANA;        0.00;        0.00
CEKIN PROTEIN ODRESCI 500g              ;655478    ;CEKIN          ;        0.50;kg ;        7.99;       15.98;'3850159141256';HRANA;        0.00;        0.00
BEÈKI ODREZAK 400g LEDO                 ;659412    ;LEDO           ;        0.40;kg ;        8.49;       21.23;'3850116102900';HRANA;        0.00;        0.00
PANIRANI PILEÆI ODREZAK 900g PIPO       ;845214    ;PERUTNINA PTUJ-PIPO d.o.o. ÈAKOVEC;        0.90;kg ;        7.99;        8.88;'3838977019704';HRANA;        0.00;        0.00
CEKIN KIDS PILEÆI DINOSI 600g           ;894574    ;CEKIN          ;        0.60;kg ;        7.59;       12.65;'3850159141911';HRANA;        0.00;        0.00
CEKIN KIDS PILEÆA ŠKOLICA 600g          ;894575    ;CEKIN          ;        0.60;kg ;        7.59;       12.65;'3850159141928';HRANA;        0.00;        0.00
CEKIN KIDS PILEÆI POPSIÆI 500g          ;894576    ;CEKIN          ;        0.50;kg ;        7.59;       15.18;'3850159141935';HRANA;        0.00;        0.00
PANIRANI PILEÆI MINI FILE 750g PIPO     ;896545    ;PERUTNINA PTUJ-PIPO d.o.o. ÈAKOVEC;        0.75;kg ;        8.99;       11.99;'3838977017601';HRANA;        0.00;        0.00
HOMESTYLE CHICKEN BITES 600g CEKIN      ;956478    ;CEKIN          ;        0.60;kg ;        7.99;       13.32;'3850159141164';HRANA;        0.00;        0.00
HOMESTYLE CHICKEN STRIPS 600g CEKIN     ;956479    ;CEKIN          ;        0.60;kg ;        7.99;       13.32;'3850159141171';HRANA;        0.00;        0.00
PANIRANA MOZZARELLA 500g CEKIN          ;956480    ;CEKIN          ;        0.50;kg ;        7.99;       15.98;'3850159141157';HRANA;        0.00;        0.00
PANIRANI PIL.MINI FILE SEZAM 500g CEKIN ;965125    ;CEKIN          ;        0.50;kg ;        6.99;       13.98;'3850159141201';HRANA;        0.00;        0.00
GLUTEN FREE-TES 600g SMRZ.CEKIN         ;967451    ;CEKIN          ;        0.60;kg ;        7.99;       13.32;'3850159141119';HRANA;        0.00;        0.00
GLUTEN FREE NUGGETS 600g CEKIN          ;967452    ;CEKIN          ;        0.60;kg ;        7.99;       13.32;'3850159141126';HRANA;        0.00;        0.00
PURICA POLOVICE 3,5kg SMRZ.VINDON       ;00722     ;VINDON         ;        1.00;kg ;        7.99;        7.99;'2118125017310';HRANA;        0.00;        0.00
PURICA CIJELA SMRZ.VINDIJA              ;157621    ;VINDON         ;        1.00;kg ;        7.49;        7.49;'3850339407011';HRANA;        0.00;        0.00
PUREÆE MLJEV.MESO 500g SMRZ.KOKA        ;166773    ;VINDON         ;        0.50;kg ;        2.69;        5.38;'3850339439067';HRANA;        0.00;        0.00
PURICA POLOVICE 1,8kg SMRZ.VINDON       ;236336    ;VINDON         ;        1.00;kg ;        7.49;        7.49;'3850339407073';HRANA;        0.00;        0.00
TEL.FLAM SK SVJ.RFS PIVAC               ;250461    ;MESNA INDUSTRIJA BRAÆA PIVAC D.O.O.;        1.00;kg ;        8.49;        8.49;'';HRANA;        0.00;        0.00
TEL.VRAT SK RFS PIVAC                   ;408431    ;MESNA INDUSTRIJA BRAÆA PIVAC D.O.O.;        1.00;kg ;        8.99;        8.99;'';HRANA;        0.00;        0.00
PANCETA VP PODRAVKA                     ;08015     ;PODRAVKA d.d. KOPRIVNICA;        1.00;kg ;       30.52;       30.52;'2102221003643';HRANA;        0.00;        0.00
SUHA SVINJSKA KOLJENICA VAC.PIK         ;191370    ;PIK VRBOVEC PLUS D.O.O.;        1.00;kg ;        5.19;        5.19;'2105578010258';HRANA;        0.00;        0.00
SUHA SVINJSKA KRAÈICA VAC.PIK           ;191371    ;PIK VRBOVEC PLUS D.O.O.;        1.00;kg ;        5.49;        5.49;'2105496004803';HRANA;        0.00;        0.00
BARANJSKA SLANINA VAC.CCA 400g BELJE    ;195945    ;BELJE PLUS D.O.O.;        1.00;kg ;       21.99;       21.99;'2109324004065';HRANA;        0.00;        0.00
SUHI PRSNI VRŠCI VAC PIK                ;218191    ;PIK VRBOVEC PLUS D.O.O.;        1.00;kg ;        5.79;        5.79;'2105542007208';HRANA;        0.00;        0.00
NAMAZ OD SLANINE 200g VAJDA             ;231624    ;VAJDA          ;        0.20;kg ;        2.39;       11.95;'3858882459860';HRANA;        0.00;        0.00
PIKO PARIZER 400g                       ;257475    ;PIKO           ;        0.40;kg ;        3.99;        9.98;'3850139191134';HRANA;        0.00;        0.00
DEBRECINKA 440g VAK.PIK                 ;257736    ;PIK VRBOVEC PLUS D.O.O.;        0.44;kg ;        4.39;        9.98;'3850139330977';HRANA;        0.00;        0.00
PIKO PARIZER S POVRÆEM 400g PIK         ;258623    ;PIKO           ;        0.40;kg ;        3.99;        9.98;'3850139191141';HRANA;        0.00;        0.00
TLAÈENICA CCA 500g KUDELIÆ              ;260800    ;KUDELIÆ DOO;        1.00;kg ;        7.99;        7.99;'2103725005089';HRANA;        0.00;        0.00
TIROLSKA KOBASICA 400g PIK              ;286598    ;PIK VRBOVEC PLUS D.O.O.;        0.40;kg ;        4.49;       11.23;'3850139171235';HRANA;        0.00;        0.00
ÈAJNA KOBASICA XXL 330g VAC.PIK         ;296444    ;PIK VRBOVEC PLUS D.O.O.;        0.33;kg ;        6.99;       21.18;'3850139010619';HRANA;        0.00;        0.00
KOLJENICA PEÈENA VAC.KUDELIÆ            ;325847    ;KUDELIÆ DOO;        1.00;kg ;        6.79;        6.79;'2124872019361';HRANA;        0.00;        0.00
ŠUNKA U OVITKU 350g PODRAVKA            ;336984    ;PODRAVKA d.d. KOPRIVNICA;        0.35;kg ;        4.91;       14.03;'3858886465713';HRANA;        0.00;        0.00
ZIMSKA SALAMA 300g VP PODRAVKA          ;354125    ;PODRAVKA d.d. KOPRIVNICA;        0.30;kg ;        6.99;       23.30;'3858886466239';HRANA;        0.00;        0.00
ÈAJNA KOBASICA 300g VP PODRAVKA         ;354126    ;PODRAVKA d.d. KOPRIVNICA;        0.30;kg ;        5.99;       19.97;'3858886466260';HRANA;        0.00;        0.00
KULEN 300g VP PODRAVKA                  ;354127    ;PODRAVKA d.d. KOPRIVNICA;        0.30;kg ;        6.99;       23.30;'3858886466383';HRANA;        0.00;        0.00
BARANJSKA DOMAÆA KOBASICA VP BELJE      ;356287    ;BELJE PLUS D.O.O.;        1.00;kg ;       15.99;       15.99;'2109027004201';HRANA;        0.00;        0.00
ZIMSKA SALAMA 330g VAC.PIK              ;366589    ;PIK VRBOVEC PLUS D.O.O.;        0.33;kg ;        7.99;       24.21;'3850139010626';HRANA;        0.00;        0.00
ÈAJNA KOBASICA 650g PODRAVKA            ;387118    ;PODRAVKA d.d. KOPRIVNICA;        0.65;kg ;       11.49;       17.68;'3858886467069';HRANA;        0.00;        0.00
ÈAJNA KOBASICA GALA 300g GAVRILOVIÆ     ;396433    ;GAVRILOVIÆ d.o.o.PETRINJA;        0.30;kg ;        4.69;       15.63;'3859892569952';HRANA;        0.00;        0.00
HAMBURGER 350g VP PIK                   ;452002    ;PIK VRBOVEC PLUS D.O.O.;        0.35;kg ;        6.49;       18.54;'3850139051353';HRANA;        0.00;        0.00
ÈVARCI 200g SILMA                       ;456000    ;SILMA DOO;        0.20;kg ;        3.98;       19.90;'3859892782009';HRANA;        0.00;        0.00
ÈAJNA KOBASICA 300g GAVRILOVIÆ          ;456826    ;GAVRILOVIÆ d.o.o.PETRINJA;        0.30;kg ;        5.99;       19.97;'3858890203837';HRANA;        0.00;        0.00
KULEN 330g PIK                          ;513267    ;PIK VRBOVEC PLUS D.O.O.;        0.33;kg ;        7.99;       24.21;'3850139050028';HRANA;        0.00;        0.00
KULENOVA SEKA 300g GAVRILOVIÆ           ;518386    ;GAVRILOVIÆ d.o.o.PETRINJA;        0.30;kg ;        5.99;       19.97;'3858890206449';HRANA;        0.00;        0.00
DIMLJENE SV.NOGICE SABLIÆ               ;518611    ;SABLIÆ-DUBRAVA D.O.O.;        1.00;kg ;        2.59;        2.59;'';HRANA;        0.00;        0.00
SJEÈENA LOPATICA VAC 1/4 PIK            ;522739    ;PIK VRBOVEC PLUS D.O.O.;        1.00;kg ;        6.99;        6.99;'2140619013256';HRANA;        0.00;        0.00
KRANJSKA KOBASICA 300g VAK PIK          ;526181    ;PIK VRBOVEC PLUS D.O.O.;        0.30;kg ;        4.39;       14.63;'3850139180015';HRANA;        0.00;        0.00
MESO Z TIBLICE 900g VAJDA               ;534926    ;VAJDA          ;        0.90;kg ;       12.49;       13.88;'3858890801279';HRANA;        0.00;        0.00
DIMLJENA REBRA VAK PIVAC                ;535369    ;PIVAC          ;        1.00;kg ;        8.29;        8.29;'2118257000792';HRANA;        0.00;        0.00
ÈVARCI SLAVONSKI 250g MESO-RAD          ;536352    ;MESO-RAD DD;        0.25;kg ;        4.51;       18.04;'3859891884940';HRANA;        0.00;        0.00
PEÈENA KRAÈICA VAC KUDELIÆ              ;546596    ;KUDELIÆ DOO;        1.00;kg ;        5.39;        5.39;'2124888012509';HRANA;        0.00;        0.00
PANCETA 1/4 DOBRO                       ;556106    ;DOBRO          ;        1.00;kg ;       11.90;       11.90;'2141696009088';HRANA;        0.00;        0.00
KRANJSKA KOBASICA 300g PODRAVKA         ;556295    ;PODRAVKA d.d. KOPRIVNICA;        0.30;kg ;        3.69;       12.30;'3856020213602';HRANA;        0.00;        0.00
DOMAÆA DIMLJENA KOBASICA 300g PIK       ;556506    ;PIK VRBOVEC PLUS D.O.O.;        0.30;kg ;        4.49;       14.97;'3850139173512';HRANA;        0.00;        0.00
SRIJEMSKA 80g VINDVAC                   ;556558    ;ROZETO         ;        0.08;kg ;        2.39;       29.88;'3850281937369';HRANA;        0.00;        0.00
PANCETA CCA 350g DOBRO                  ;564232    ;DOBRO          ;        1.00;kg ;        0.00;       11.49;'2142801003540';HRANA;       11.90;       11.49
PANCETA VAK SLJEME                      ;565962    ;SLJEME         ;        1.00;kg ;       11.90;       11.90;'2140669005225';HRANA;        0.00;        0.00
JEGER VRBOVEÈKI 300g PIK                ;568952    ;PIK VRBOVEC PLUS D.O.O.;        0.30;kg ;        3.29;       10.97;'3850139170832';HRANA;        0.00;        0.00
TIROLSKA KOBASICA 350g GAVRILOVIÆ       ;575170    ;GAVRILOVIÆ d.o.o.PETRINJA;        0.35;kg ;        4.59;       13.11;'3858892721278';HRANA;        0.00;        0.00
ŠUNKA U OVITKU 350g GAVRILOVIÆ          ;575171    ;GAVRILOVIÆ d.o.o.PETRINJA;        0.35;kg ;        4.89;       13.97;'3858892721292';HRANA;        0.00;        0.00
VELEBITSKA KOBASICA 350g GAVRILOVIÆ     ;575173    ;GAVRILOVIÆ d.o.o.PETRINJA;        0.35;kg ;        3.79;       10.83;'3858892721339';HRANA;        0.00;        0.00
POSEBNA KOBASICA 350g GAVRILOVIÆ        ;575174    ;GAVRILOVIÆ d.o.o.PETRINJA;        0.35;kg ;        3.79;       10.83;'3858892721353';HRANA;        0.00;        0.00
DOMAÆA KOBASICA SUHA VAK KUDELIÆ        ;585690    ;KUDELIÆ DOO;        1.00;kg ;       16.49;       16.49;'2134514002125';HRANA;        0.00;        0.00
DOMAÆI ŠPEK VAK KUDELIÆ                 ;585691    ;KUDELIÆ DOO;        1.00;kg ;       15.95;       15.95;'2134518002725';HRANA;        0.00;        0.00
KULEN KVRGAVI VAK CELJSKE               ;594651    ;CELJSKE MESNINE Z DEŽELE D.O.O.;        1.00;kg ;       17.99;       17.99;'';HRANA;        0.00;        0.00
KRANJSKA KOBASICA CCA 900g PIVAC        ;595116    ;PIVAC          ;        1.00;kg ;        6.40;        6.40;'2137827008662';HRANA;        0.00;        0.00
ÈAJNA KOBASICA 300g VIR VINDIJA         ;598453    ;ROZETO         ;        0.30;kg ;        5.99;       19.97;'3850281936584';HRANA;        0.00;        0.00
ZIMSKA KOBASICA 300g VIR VINDIJA        ;598454    ;ROZETO         ;        0.30;kg ;        5.99;       19.97;'3850281937307';HRANA;        0.00;        0.00
KULEN 300g VIR VINDIJA                  ;598455    ;ROZETO         ;        0.30;kg ;        5.99;       19.97;'3850281937314';HRANA;        0.00;        0.00
HAMBURGER CCA 1,20kg PIVAC              ;598572    ;PIVAC          ;        1.00;kg ;        6.99;        6.99;'2105213013002';HRANA;        0.00;        0.00
PLANINSKA KOBASICA 1kg STANIÆ           ;601164    ;GURMAN         ;        1.00;kg ;        8.49;        8.49;'3858883225921';HRANA;        0.00;        0.00
SRIJEMSKA KOBASICA 300g VIR             ;613083    ;ROZETO         ;        0.30;kg ;        5.99;       19.97;'3850281937482';HRANA;        0.00;        0.00
ROLANA LOPATICA S KOŽOM PIVAC           ;614597    ;PIVAC          ;        1.00;kg ;        7.49;        7.49;'2102188012023';HRANA;        0.00;        0.00
NARODNA KOBASICA 2X250g ŽITO            ;616089    ;ŽITO           ;        0.50;kg ;        0.00;        9.98;'3850133804542';HRANA;        5.99;        4.99
VELEBITSKA KOBASICA 800g GAVRILOVIÆ     ;616940    ;GAVRILOVIÆ d.o.o.PETRINJA;        0.80;kg ;        7.59;        9.49;'3858890209648';HRANA;        0.00;        0.00
ŠUNKA U OVITKU 350g SLJEME              ;617645    ;SLJEME         ;        0.35;kg ;        3.79;       10.83;'3850139522754';HRANA;        0.00;        0.00
SANDWICH SALAMA 300g JELI               ;618546    ;JELI           ;        0.30;kg ;        4.79;       15.97;'3858892722558';HRANA;        0.00;        0.00
KRANJSKA KOBASICA 300g GAVRILOVIÆ       ;627356    ;GAVRILOVIÆ d.o.o.PETRINJA;        0.30;kg ;        4.09;       13.63;'3858892724910';HRANA;        0.00;        0.00
NOSTALGIÈNA KOBASICA 330g PIVAC         ;633822    ;PIVAC          ;        0.33;kg ;        5.99;       18.15;'3858884998145';HRANA;        0.00;        0.00
ROŠTILJKA 320g KUDELIÆ                  ;635012    ;KUDELIÆ DOO;        0.32;kg ;        3.79;       11.84;'3859891672608';HRANA;        0.00;        0.00
JEGER DOMAÆI 300g KUDELIÆ               ;635014    ;KUDELIÆ DOO;        0.30;kg ;        3.79;       12.63;'3859891672653';HRANA;        0.00;        0.00
ALPSKA KOBASICA 350g GAVRILOVIÆ         ;635359    ;GAVRILOVIÆ d.o.o.PETRINJA;        0.35;kg ;        3.49;        9.97;'3858890209860';HRANA;        0.00;        0.00
TIROLSKA KOBASICA 800g PIVAC            ;637866    ;PIVAC          ;        0.80;kg ;        4.84;        6.05;'3858884997995';HRANA;        0.00;        0.00
PODRAVSKI ŠPEK 350g PODRAVKA            ;641011    ;PODRAVKA d.d. KOPRIVNICA;        0.35;kg ;        6.49;       18.54;'3856020272760';HRANA;        0.00;        0.00
ÈVARCI DELIKATES 100g DR.PIGLEY         ;642323    ;DR.PIGLEY      ;        0.10;kg ;        3.79;       37.90;'3859892348588';HRANA;        0.00;        0.00
ÈVARCI 200g DR.PIGLEY                   ;642324    ;DR.PIGLEY      ;        0.20;kg ;        4.49;       22.45;'3859892348335';HRANA;        0.00;        0.00
ÈVARCI 200g PIVAC                       ;645837    ;PIVAC          ;        0.20;kg ;        4.75;       23.75;'3858881615809';HRANA;        0.00;        0.00
KRAŠIÆKA KOBASICA 300g MEDVEN           ;647438    ;MEDVEN         ;        0.30;kg ;        2.99;        9.97;'3859893544699';HRANA;        0.00;        0.00
ÈVARCI DELIK.LJUTA PAPRIKA 100g PIGLEY  ;654676    ;DR.PIGLEY      ;        0.10;kg ;        3.49;       34.90;'3859894364227';HRANA;        0.00;        0.00
KULENOVA SEKA 300g DOBRO                ;655662    ;ŽITO D.D. OSIJEK;        0.30;kg ;        7.99;       26.63;'3850133816699';HRANA;        0.00;        0.00
ÈAJNA KOBASICA 300g ŽITO                ;656567    ;ŽITO           ;        0.30;kg ;        4.99;       16.63;'3850133817177';HRANA;        0.00;        0.00
ÈAJNA KOBASICA 300g DOBRO               ;658087    ;ŽITO D.D. OSIJEK;        0.30;kg ;        5.99;       19.97;'3850133817146';HRANA;        0.00;        0.00
DIMLJENA KRAÈICA VAK MEDVEN             ;658868    ;MM MESNA INDUSTRIJA DOO;        1.00;kg ;        4.99;        4.99;'2134740009929';HRANA;        0.00;        0.00
PRŠUT OSTACI NAREZIVANJA - KRAJEVI ŽITO ;662475    ;ŽITO D.D. OSIJEK;        1.00;kg ;        7.99;        7.99;'2142870005803';HRANA;        0.00;        0.00
PILEÆA PRSA U OVITKU VINDIJA            ;00371     ;CEKIN          ;        1.00;kg ;        9.29;        9.29;'';HRANA;        0.00;        0.00
POSEBNA KOBASICA 1000g VINDIJA          ;00373     ;CEKIN          ;        1.00;kg ;        2.49;        2.49;'3850159125522';HRANA;        0.00;        0.00
PARIŠKA KOBASICA VINDIJA                ;00374     ;CEKIN          ;        1.00;kg ;        4.39;        4.39;'';HRANA;        0.00;        0.00
SENDVIÈ NAREZAK SA SIROM VINDIJA        ;50301     ;CEKIN          ;        1.00;kg ;        5.17;        5.17;'';HRANA;        0.00;        0.00
PARIZER PILEÆI JELI GAVRILOVIÆ          ;588547    ;JELI           ;        1.00;kg ;        4.69;        4.69;'3858881228405';HRANA;        0.00;        0.00
POLIKO PREMIUM 500g KOKA                ;103878    ;CEKIN          ;        0.50;kg ;        2.92;        5.84;'3850159125010';HRANA;        0.00;        0.00
POSEBNA KOBASICA 500g KOKA              ;125225    ;CEKIN          ;        0.50;kg ;        2.25;        4.50;'3850159125027';HRANA;        0.00;        0.00
DELKO S PAPRIKOM 500g KOKA              ;129341    ;CEKIN          ;        0.50;kg ;        2.65;        5.30;'3850159125041';HRANA;        0.00;        0.00
SENDVIÈ NAREZAK SA SIROM 500g           ;129343    ;CEKIN          ;        0.50;kg ;        2.92;        5.84;'3850159125072';HRANA;        0.00;        0.00
PILEÆA PRSA U OVITKU 500g KOKA          ;129345    ;CEKIN          ;        0.50;kg ;        4.91;        9.82;'3850159125034';HRANA;        0.00;        0.00
EXTRA PILEÆA KOBASICA 350g PIPO         ;255454    ;PERUTNINA PTUJ-PIPO d.o.o. ÈAKOVEC;        0.35;kg ;        1.33;        3.80;'3850220151351';HRANA;        0.00;        0.00
PILEÆI PARIZER 1kg BUCO STANIÆ          ;400609    ;BUCO           ;        1.00;kg ;        2.65;        2.65;'5998997409447';HRANA;        0.00;        0.00
PARIZER PILEÆI 350g JELI                ;568892    ;JELI           ;        0.35;kg ;        1.69;        4.83;'3858881224124';HRANA;        0.00;        0.00
PARIŠKA KOBASICA 1200g XXL KOKA         ;587025    ;CEKIN          ;        1.20;kg ;        3.25;        2.71;'3850159121760';HRANA;        0.00;        0.00
POLIKO PREMIUM 1200g XXL KOKA           ;609044    ;CEKIN          ;        1.20;kg ;        3.25;        2.71;'3850159121791';HRANA;        0.00;        0.00
PILEÆA EXTRA KOBASICA 500g PIPO         ;632147    ;PERUTNINA PTUJ-PIPO d.o.o. ÈAKOVEC;        0.50;kg ;        1.79;        3.58;'3850220150583';HRANA;        0.00;        0.00
POLI MINI 220g PIPO                     ;632157    ;POLI           ;        0.22;kg ;        1.99;        9.05;'3838977010855';HRANA;        0.00;        0.00
POLI 500g PIPO                          ;632158    ;POLI           ;        0.50;kg ;        3.19;        6.38;'3838977014051';HRANA;        0.00;        0.00
EXTRA PILEÆA KOBASICA 1kg PIPO          ;632174    ;PERUTNINA PTUJ-PIPO d.o.o. ÈAKOVEC;        1.00;kg ;        3.69;        3.69;'3850220150033';HRANA;        0.00;        0.00
EXTRA SA PAPRIKOM 350g PIPO             ;632183    ;PERUTNINA PTUJ-PIPO d.o.o. ÈAKOVEC;        0.35;kg ;        1.33;        3.80;'3850220151368';HRANA;        0.00;        0.00
EXTRA SA SIROM 350g PIPO                ;632184    ;PERUTNINA PTUJ-PIPO d.o.o. ÈAKOVEC;        0.35;kg ;        1.33;        3.80;'3850220152006';HRANA;        0.00;        0.00
PILEÆA EXTRA KOBASICA 1200g PIPO        ;643361    ;PERUTNINA PTUJ-PIPO d.o.o. ÈAKOVEC;        1.20;kg ;        3.99;        3.33;'3850220408134';HRANA;        0.00;        0.00
PILEÆA POSEBNA SALAMA SIR 1000g OREHOVEC;652069    ;OREHOVEC       ;        1.00;kg ;        4.79;        4.79;'3858892928059';HRANA;        0.00;        0.00
POLI CHILI 500g PIPO                    ;657720    ;POLI           ;        0.50;kg ;        3.19;        6.38;'3850220430531';HRANA;        0.00;        0.00
PILEÆA PRSA 350g JELI GAVRILOVIÆ        ;663406    ;GAVRILOVIÆ d.o.o.PETRINJA;        0.35;kg ;        3.79;       10.83;'3858892724392';HRANA;        0.00;        0.00
EXTRAWURST 350g KOKA                    ;81264     ;CEKIN          ;        0.35;kg ;        2.12;        6.06;'3850159120473';HRANA;        0.00;        0.00
PUREÆA DE LUX ŠUNKA VINDIJA             ;172672    ;VINDON         ;        1.00;kg ;       18.99;       18.99;'3850159128417';HRANA;        0.00;        0.00
PUREÆA POSEBNA S PAPRIKOM 1000g VINDIJA ;181753    ;VINDON         ;        1.00;kg ;        2.49;        2.49;'3850159128363';HRANA;        0.00;        0.00
PUREÆA ŠUNKA STANCIJA GAVRILOVIÆ        ;564096    ;GAVRILOVIÆ d.o.o.PETRINJA;        1.00;kg ;       17.49;       17.49;'3859892502942';HRANA;        0.00;        0.00
PUREÆA PRSA U OVITKU PIK                ;588624    ;PIK VRBOVEC PLUS D.O.O.;        1.00;kg ;        0.00;       11.99;'';HRANA;       15.99;       11.99
PUREÆA DIMLJENA ŠUNKA PIPO              ;658485    ;PERUTNINA PTUJ-PIPO d.o.o. ÈAKOVEC;        1.00;kg ;       15.99;       15.99;'';HRANA;        0.00;        0.00
PUREÆA POSEBNA 500g KOKA                ;172669    ;VINDON         ;        0.50;kg ;        2.25;        4.50;'3850159128332';HRANA;        0.00;        0.00
PUREÆI PARIZER 500g KOKA                ;219408    ;VINDON         ;        0.50;kg ;        2.25;        4.50;'3850159128561';HRANA;        0.00;        0.00
PUREÆI PARIZER 1kg BUCO STANIÆ          ;632145    ;BUCO           ;        1.00;kg ;        2.65;        2.65;'3858883226348';HRANA;        0.00;        0.00
PUREÆA POSEBNA 500g PIPO                ;632153    ;PERUTNINA PTUJ-PIPO d.o.o. ÈAKOVEC;        0.50;kg ;        1.79;        3.58;'3850220151757';HRANA;        0.00;        0.00
PUREÆA POSEBNA 1kg PIPO                 ;632176    ;PERUTNINA PTUJ-PIPO d.o.o. ÈAKOVEC;        1.00;kg ;        3.69;        3.69;'3850220151801';HRANA;        0.00;        0.00
SV.FILE VP PIK                          ;121018    ;PIK VRBOVEC PLUS D.O.O.;        1.00;kg ;        7.59;        7.59;'2105446003306';HRANA;        0.00;        0.00
KRVAVICA SVJ.CCA 600g MAP PIVAC         ;180443    ;MESNA INDUSTRIJA BRAÆA PIVAC D.O.O.;        1.00;kg ;        4.39;        4.39;'';HRANA;        0.00;        0.00
MLJEVENO MIJEŠANO MESO 850g PIK         ;361424    ;PIK VRBOVEC PLUS D.O.O.;        0.85;kg ;        5.99;        7.05;'3850139443448';HRANA;        0.00;        0.00
SVINJSKO MLJEVENO MESO 540g PIK         ;525800    ;PIK VRBOVEC PLUS D.O.O.;        0.54;kg ;        2.22;        4.11;'3850139540604';HRANA;        0.00;        0.00
ÆEVAPÈIÆI CLASSIC 900g PIK              ;658946    ;PIK VRBOVEC PLUS D.O.O.;        0.90;kg ;        5.19;        5.77;'3850139521504';HRANA;        0.00;        0.00
JUNEÆE TRIPICE KUHANE 500g PPK          ;954125    ;MESNA INDUSTRIJA BRAÆA PIVAC D.O.O.;        0.50;kg ;        3.29;        6.58;'3858881619067';HRANA;        0.00;        0.00
HLADETINA MIX MAP PPK                   ;954785    ;MESNA INDUSTRIJA BRAÆA PIVAC D.O.O.;        1.00;kg ;        3.59;        3.59;'2113836007650';HRANA;        0.00;        0.00
SV.MESO ZA HLADETINU MAP PIK            ;987451    ;PIK VRBOVEC PLUS D.O.O.;        1.00;kg ;        2.69;        2.69;'2105373010156';HRANA;        0.00;        0.00
PUREÆA HRENOVKA 1000g VIR 12839         ;181754    ;VINDON         ;        1.00;kg ;        2.69;        2.69;'3850159128394';HRANA;        0.00;        0.00
HRENOVKE BEZ OVIT.250g PIK              ;191312    ;PIK VRBOVEC PLUS D.O.O.;        0.25;kg ;        2.69;       10.76;'3850139310825';HRANA;        0.00;        0.00
HRENOVKE FRANKFURT 100g                 ;215857    ;AIA            ;        0.10;kg ;        0.49;        4.90;'8008110003005';HRANA;        0.00;        0.00
HRENOVKE GURMANIKA 1000g VINDIJA        ;342145    ;GURMANIKA      ;        1.00;kg ;        2.69;        2.69;'3850159127106';HRANA;        0.00;        0.00
HRENOVKE GURMANIKA 500g VINDIJA         ;354746    ;GURMANIKA      ;        0.50;kg ;        1.34;        2.68;'3850159127144';HRANA;        0.00;        0.00
HRENOVKE GURMANIKA 100g VINDIJA         ;423754    ;GURMANIKA      ;        0.10;kg ;        0.66;        6.60;'3850159127113';HRANA;        0.00;        0.00
PILEÆA HRENOVKA EXTRA 1kg PIPO          ;588918    ;PERUTNINA PTUJ-PIPO d.o.o. ÈAKOVEC;        1.00;kg ;        2.69;        2.69;'3850220152204';HRANA;        0.00;        0.00
PILEÆA HRENOVKA 1,2kg XXL EXTRA PIPO    ;604279    ;PERUTNINA PTUJ-PIPO d.o.o. ÈAKOVEC;        1.20;kg ;        2.89;        2.41;'3850220153997';HRANA;        0.00;        0.00
HRENOVKE PAVO HOT DOG 1000g             ;627863    ;PAVO           ;        1.00;kg ;        2.69;        2.69;'8008110037277';HRANA;        0.00;        0.00
HRENOVKE WUDY KLASIK 1000g              ;627864    ;WUDY           ;        1.00;kg ;        2.69;        2.69;'8008110037369';HRANA;        0.00;        0.00
PILEÆA HRENOVKA CLASSIC 100g            ;62849     ;CEKIN          ;        0.10;kg ;        0.85;        8.50;'3850159120015';HRANA;        0.00;        0.00
PILEÆA HRENOVKA SA SIROM 100g           ;62856     ;CEKIN          ;        0.10;kg ;        0.85;        8.50;'3850159120800';HRANA;        0.00;        0.00
PILEÆA HRENOVKA BEZ OV.STANDARD 300g    ;62866     ;CEKIN          ;        0.30;kg ;        1.99;        6.63;'3850159120022';HRANA;        0.00;        0.00
PILEÆE HRENOVKE EXTRA 100g PIPO         ;632178    ;PERUTNINA PTUJ-PIPO d.o.o. ÈAKOVEC;        0.10;kg ;        0.65;        6.50;'3850220153805';HRANA;        0.00;        0.00
PILEÆA HRENOVKA 1200g OREHOVEC          ;652070    ;OREHOVEC       ;        1.20;kg ;        3.69;        3.08;'3858892928172';HRANA;        0.00;        0.00
PILEÆE KOKTEL HRENOVKE 225g VINDIJA     ;652801    ;CEKIN          ;        0.23;kg ;        1.79;        7.96;'3850159121869';HRANA;        0.00;        0.00
HRENOVKE KOKTEL 350g WUDY               ;657838    ;WUDY           ;        0.35;   ;        1.79;        5.11;'8008110040543';HRANA;        0.00;        0.00
PILEÆA HRENOVKA STAN.1000g KOKA         ;96927     ;CEKIN          ;        1.00;kg ;        2.69;        2.69;'3850159120053';HRANA;        0.00;        0.00
LASAGNE BOLOGNESE 450g LEDO             ;213165    ;LEDO PLUS D.O.O.;        0.45;kg ;        4.59;       10.20;'3850116990163';HRANA;        0.00;        0.00
RIŽOTO S PILETINOM I POVRÆEM 600g LEDO  ;215820    ;LEDO PLUS D.O.O.;        0.60;kg ;        5.49;        9.15;'3850116813912';HRANA;        0.00;        0.00
KRILA SVJEŽE RFS KOKA                   ;00609     ;CEKIN          ;        1.00;kg ;        3.99;        3.99;'';HRANA;        0.00;        0.00
KRILA SVJ.RFS PIPO                      ;394696    ;PERUTNINA PTUJ-PIPO d.o.o. ÈAKOVEC;        1.00;kg ;        3.19;        3.19;'';HRANA;        0.00;        0.00
PRSA RFS SVJEŽE OREHOVEC                ;398550    ;OREHOVEC ŽELJKO PRO.POLJ.I PERAD.PROIZ.;        1.00;kg ;        5.99;        5.99;'';HRANA;        0.00;        0.00
KRILA SVJ.RFS OREHOVEC                  ;398551    ;OREHOVEC ŽELJKO PRO.POLJ.I PERAD.PROIZ.;        1.00;kg ;        3.99;        3.99;'';HRANA;        0.00;        0.00
FILE OD PRSA SVJ.RFS OREHOVEC           ;398552    ;OREHOVEC ŽELJKO PRO.POLJ.I PERAD.PROIZ.;        1.00;kg ;        7.99;        7.99;'';HRANA;        0.00;        0.00
BATAK I ZABATAK ZADNJA 1/4 RFS.OREH.    ;398553    ;OREHOVEC ŽELJKO PRO.POLJ.I PERAD.PROIZ.;        1.00;kg ;        2.99;        2.99;'';HRANA;        0.00;        0.00
LEÐA I HRBAT RFS SVJ.OREHOVEC           ;398556    ;OREHOVEC ŽELJKO PRO.POLJ.I PERAD.PROIZ.;        1.00;kg ;        1.49;        1.49;'';HRANA;        0.00;        0.00
BATAK I ZABATAK ZADNJA 1/4 RFS PIPO     ;539089    ;PERUTNINA PTUJ-PIPO d.o.o. ÈAKOVEC;        1.00;kg ;        2.19;        2.19;'';HRANA;        0.00;        0.00
FILE OD PRSA SVJ.RFS PIPO               ;555641    ;PERUTNINA PTUJ-PIPO d.o.o. ÈAKOVEC;        1.00;kg ;        7.99;        7.99;'';HRANA;        0.00;        0.00
PRSA RFS SVJEŽE PERUTNINA               ;632458    ;PERUTNINA PTUJ-PIPO d.o.o. ÈAKOVEC;        1.00;kg ;        5.99;        5.99;'';HRANA;        0.00;        0.00
PRSA RFS SVJEŽE KOKA                    ;63357     ;CEKIN          ;        1.00;kg ;        0.00;        5.69;'';HRANA;        5.99;        5.69
BATAK SVJEŽI RFS PIPO                   ;665412    ;PERUTNINA PTUJ-PIPO d.o.o. ÈAKOVEC;        1.00;kg ;        3.99;        3.99;'';HRANA;        0.00;        0.00
PUREÆA KRILA CIJELA SVJ.DISK.PAK.KOKA   ;168268    ;VINDON         ;        1.00;kg ;        2.59;        2.59;'2115203017231';HRANA;        0.00;        0.00
JELEN GULAŠ SMRZNUTI 1kg CAK            ;623591    ;C.A.K.DOO;        1.00;kg ;       13.99;       13.99;'3830034362570';HRANA;        0.00;        0.00
SRNA GULAŠ 450g SMRZ.C.A.K              ;965486    ;C.A.K.DOO;        0.45;kg ;        9.99;       22.20;'3830034366097';HRANA;        0.00;        0.00
DIVLJA SVINJA GULAŠ 450g SMRZ.C.A.K.    ;965487    ;C.A.K.DOO;        0.45;kg ;        7.99;       17.76;'3830034361160';HRANA;        0.00;        0.00
JELEN GULAŠ 450g SMRZ.C.A.K.            ;965488    ;C.A.K.DOO;        0.45;kg ;        8.99;       19.98;'3830034362082';HRANA;        0.00;        0.00
ÈAJNA KOBASICA 100g PIK                 ;201906    ;PIK VRBOVEC PLUS D.O.O.;        0.10;kg ;        2.79;       27.90;'3850139010435';HRANA;        0.00;        0.00
ZIMSKA SALAMA 100g PIK                  ;201912    ;PIK VRBOVEC PLUS D.O.O.;        0.10;kg ;        2.79;       27.90;'3850139010480';HRANA;        0.00;        0.00
ŠUNKA U OVITKU 125g PIK                 ;201914    ;PIK VRBOVEC PLUS D.O.O.;        0.13;kg ;        2.29;       18.32;'3850139171051';HRANA;        0.00;        0.00
KUHANA ŠUNKA 125g PIK                   ;201917    ;PIK VRBOVEC PLUS D.O.O.;        0.13;kg ;        2.29;       18.32;'3850139360516';HRANA;        0.00;        0.00
MORTADELA 150g PIK                      ;201918    ;PIK VRBOVEC PLUS D.O.O.;        0.15;kg ;        2.59;       17.27;'3850139171044';HRANA;        0.00;        0.00
VRBOVEÈKA KOBASICA 100g NARESCI PIK     ;285643    ;PIK VRBOVEC PLUS D.O.O.;        0.10;kg ;        2.79;       27.90;'3850139010466';HRANA;        0.00;        0.00
PIKO PARIZER NAREZ.200g                 ;365464    ;PIKO           ;        0.20;kg ;        2.89;       14.45;'3850139190892';HRANA;        0.00;        0.00
PANONA SALAMA 100g NARESCI PIK          ;365844    ;PIK VRBOVEC PLUS D.O.O.;        0.10;kg ;        2.99;       29.90;'3850139010855';HRANA;        0.00;        0.00
SRIJEMSKA KOBASICA 80g NARESCI GAVRILOVI;369560    ;GAVRILOVIÆ d.o.o.PETRINJA;        0.08;kg ;        2.35;       29.38;'3858881227620';HRANA;        0.00;        0.00
ÈAJNA KOBASICA 80g NARESCI GAVRILOVIÆ   ;369561    ;GAVRILOVIÆ d.o.o.PETRINJA;        0.08;kg ;        2.09;       26.13;'3858881227613';HRANA;        0.00;        0.00
ZIMSKA SALAMA 80g NARESCI GAVRILOVIÆ    ;369562    ;GAVRILOVIÆ d.o.o.PETRINJA;        0.08;kg ;        2.69;       33.63;'3858881227637';HRANA;        0.00;        0.00
DIMCEK 100g VINDIJA                     ;450603    ;CEKIN          ;        0.10;kg ;        2.29;       22.90;'3850159123337';HRANA;        0.00;        0.00
PUREÆA DE LUXE ŠUNKA CLASSIC 100g       ;450606    ;VINDON         ;        0.10;kg ;        2.65;       26.50;'3850159128813';HRANA;        0.00;        0.00
PIKO PARIZER S POVRÆEM 200g NARESCI     ;452850    ;PIKO           ;        0.20;kg ;        2.89;       14.45;'3850139172003';HRANA;        0.00;        0.00
KULEN 100g PIK                          ;514516    ;PIK VRBOVEC PLUS D.O.O.;        0.10;kg ;        2.79;       27.90;'3850139012132';HRANA;        0.00;        0.00
PRŠUT REZANI 80g DALMATIKO              ;520655    ;DALMATIKO      ;        0.08;kg ;        2.59;       32.38;'3858889493331';HRANA;        0.00;        0.00
KULEN 80g VINDVAC                       ;526153    ;ROZETO         ;        0.08;kg ;        2.39;       29.88;'3850281937154';HRANA;        0.00;        0.00
ÈAJNA KOBASICA NARESCI 80g SLJEME       ;555395    ;SLJEME         ;        0.08;kg ;        1.99;       24.88;'3850139012460';HRANA;        0.00;        0.00
SRIJEMSKA KOBASICA NARESCI 80g SLJEME   ;555396    ;SLJEME         ;        0.08;kg ;        1.99;       24.88;'3850139012446';HRANA;        0.00;        0.00
BEÈKA KOBASICA NARESCI 80g SLJEME       ;555397    ;SLJEME         ;        0.08;kg ;        1.99;       24.88;'3850139012385';HRANA;        0.00;        0.00
PRŠUT NARESCI 90g DOBRO                 ;555959    ;DOBRO          ;        0.09;kg ;        3.99;       44.33;'3850133800773';HRANA;        0.00;        0.00
SALAMA SLAVONSKA NARESCI 80g DOBRO      ;555960    ;DOBRO          ;        0.08;kg ;        1.89;       23.63;'3850133800841';HRANA;        0.00;        0.00
RAVNI KULEN NARESCI 80g DOBRO           ;555961    ;DOBRO          ;        0.08;kg ;        1.89;       23.63;'3850133804221';HRANA;        0.00;        0.00
ÈAJNA KOBASICA 80g SLAJS PODRAVKA       ;556161    ;PODRAVKA d.d. KOPRIVNICA;        0.08;kg ;        1.59;       19.88;'3856020213121';HRANA;        0.00;        0.00
ZIMSKA 80g SLAJS PODRAVKA               ;556162    ;PODRAVKA d.d. KOPRIVNICA;        0.08;kg ;        1.59;       19.88;'3856020213183';HRANA;        0.00;        0.00
SRIJEMSKA KOBASICA 80g SLAJS PODRAVKA   ;556163    ;PODRAVKA d.d. KOPRIVNICA;        0.08;kg ;        1.59;       19.88;'3856020213213';HRANA;        0.00;        0.00
KULEN 80g SLAJS PODRAVKA                ;556164    ;PODRAVKA d.d. KOPRIVNICA;        0.08;kg ;        1.59;       19.88;'3856020213244';HRANA;        0.00;        0.00
PRŠUT NAREZAK 100g PIVAC                ;556495    ;PIVAC          ;        0.10;kg ;        2.99;       29.90;'3858884994857';HRANA;        0.00;        0.00
DALMATINSKA BUÐOLA NAREZAK 100g PIVAC   ;556635    ;PIVAC          ;        0.10;kg ;        2.99;       29.90;'3858890183016';HRANA;        0.00;        0.00
ÈAJNA KOBASICA 80g DOBRO                ;560779    ;DOBRO          ;        0.08;kg ;        1.89;       23.63;'3850133806454';HRANA;        0.00;        0.00
ZIMSKA KOBASICA 80g DOBRO               ;560780    ;DOBRO          ;        0.08;kg ;        1.89;       23.63;'3850133800230';HRANA;        0.00;        0.00
KULENOVA SEKA NARESCI 80g GAVRILOVIÆ    ;564876    ;GAVRILOVIÆ d.o.o.PETRINJA;        0.08;kg ;        2.09;       26.13;'3858890206463';HRANA;        0.00;        0.00
SENDVIÈ SALAMA 100g PIK                 ;573824    ;PIK VRBOVEC PLUS D.O.O.;        0.10;kg ;        1.79;       17.90;'3850139181227';HRANA;        0.00;        0.00
PRŠUT NAREZAK 200g PIVAC                ;586781    ;PIVAC          ;        0.20;kg ;        5.99;       29.95;'3858884994765';HRANA;        0.00;        0.00
ŠUNKA U OVITKU 100g PODRAVKA            ;591948    ;PODRAVKA d.d. KOPRIVNICA;        0.10;kg ;        1.99;       19.90;'3856020241452';HRANA;        0.00;        0.00
TIROLSKA KOBASICA 100g PODRAVKA         ;591950    ;PODRAVKA d.d. KOPRIVNICA;        0.10;kg ;        1.95;       19.50;'3856020241544';HRANA;        0.00;        0.00
PODRAVSKI ŠPEK 100g PODRAVKA            ;592288    ;PODRAVKA d.d. KOPRIVNICA;        0.10;kg ;        2.39;       23.90;'3856020241605';HRANA;        0.00;        0.00
PUREÆA DIMLJENA ŠUNKA 100g PIK          ;595111    ;PIK VRBOVEC PLUS D.O.O.;        0.10;kg ;        2.89;       28.90;'3850139520453';HRANA;        0.00;        0.00
PANCETA 80g PODRAVKA                    ;602171    ;PODRAVKA d.d. KOPRIVNICA;        0.08;kg ;        2.79;       34.88;'3856020245559';HRANA;        0.00;        0.00
SUHA ŠUNKA 80g PODRAVKA                 ;602172    ;PODRAVKA d.d. KOPRIVNICA;        0.08;kg ;        2.65;       33.13;'3856020245610';HRANA;        0.00;        0.00
PRŠUT DALMATINSKI 80g PODRAVKA          ;602173    ;PODRAVKA d.d. KOPRIVNICA;        0.08;kg ;        3.85;       48.13;'3856020245580';HRANA;        0.00;        0.00
PRŠUT NAREZAK 500g PIVAC                ;612836    ;PIVAC          ;        0.50;kg ;       13.99;       27.98;'3858890183306';HRANA;        0.00;        0.00
PUREÆA PEÈENA ŠUNKA 100g PIK            ;613122    ;PIK VRBOVEC PLUS D.O.O.;        0.10;kg ;        2.89;       28.90;'3850139522150';HRANA;        0.00;        0.00
PILEÆA PRSA 60g LINO                    ;615290    ;LINO           ;        0.06;kg ;        1.72;       28.67;'3856020257064';HRANA;        0.00;        0.00
ÈAJNA NAREZAK 80g PIVAC                 ;617148    ;PIVAC          ;        0.08;kg ;        1.69;       21.13;'3858884997131';HRANA;        0.00;        0.00
KULEN NAREZAK 80g PIVAC                 ;617149    ;PIVAC          ;        0.08;kg ;        1.69;       21.13;'3858884997148';HRANA;        0.00;        0.00
ZIMSKA NAREZAK 80g PIVAC                ;617150    ;PIVAC          ;        0.08;kg ;        1.69;       21.13;'3858884997155';HRANA;        0.00;        0.00
DALMATINSKA SUHA ŠUNKA 100g             ;635417    ;PIVAC          ;        0.10;kg ;        2.79;       27.90;'3858884995007';HRANA;        0.00;        0.00
PANNONIA NARESCI 80g PODRAVKA           ;642722    ;PODRAVKA d.d. KOPRIVNICA;        0.08;kg ;        1.59;       19.88;'3856020272432';HRANA;        0.00;        0.00
PRŠUT NAREZAK DOMAÆI 500g MIJUKIÆ       ;643567    ;MIJUKIÆ        ;        0.50;kg ;       12.49;       24.98;'3859894171580';HRANA;        0.00;        0.00
PRŠUT DALMATINSKI REZANI 80g MAP VOŠTANE;654155    ;VOŠTANE        ;        0.08;kg ;        3.35;       41.88;'3858889494758';HRANA;        0.00;        0.00
BUÐOLA DALMATINSKA 80g MAP VOŠTANE      ;654157    ;VOŠTANE        ;        0.08;kg ;        2.95;       36.88;'3858889495236';HRANA;        0.00;        0.00
PEÈENICA DALMATINSKA 80g MAP VOŠTANE    ;654158    ;VOŠTANE        ;        0.08;kg ;        2.79;       34.88;'3858889495359';HRANA;        0.00;        0.00
PANCETA DALMATINSKA 80g MAP VOŠTANE     ;654159    ;VOŠTANE        ;        0.08;kg ;        2.85;       35.63;'3858889495113';HRANA;        0.00;        0.00
DOMAÆA ŠUNKA NARESCI 100g PODRAVKA      ;654900    ;PODRAVKA d.d. KOPRIVNICA;        0.10;kg ;        2.39;       23.90;'3856020279981';HRANA;        0.00;        0.00
PILEÆA PRSA NARESCI 100g PODRAVKA       ;654901    ;PODRAVKA d.d. KOPRIVNICA;        0.10;kg ;        2.39;       23.90;'3856020279929';HRANA;        0.00;        0.00
PUREÆA PRSA NARESCI 100g PODRAVKA       ;654902    ;PODRAVKA d.d. KOPRIVNICA;        0.10;kg ;        2.39;       23.90;'3856020279950';HRANA;        0.00;        0.00
ÈAJNA KOBASICA REZANA 500g STANIÆ       ;655626    ;STANIÆ D.O.O.;        0.50;kg ;        4.99;        9.98;'3858883225037';HRANA;        0.00;        0.00
PILEÆI NAREZAK 150g KOKA                ;07474     ;CEKIN          ;        0.15;kg ;        1.75;       11.67;'3850159130083';HRANA;        0.00;        0.00
MESNI DORUÈAK 150g GAVRILOVIÆ           ;12827     ;GAVRILOVIÆ d.o.o.PETRINJA;        0.15;kg ;        2.15;       14.33;'3858881220010';HRANA;        0.00;        0.00
MESNI NAREZAK GALA 150g GAVRILOVIÆ      ;171698    ;GALA           ;        0.15;kg ;        1.45;        9.67;'3858881224193';HRANA;        0.00;        0.00
MESNI NAREZAK 100g PPK                  ;31515     ;PPK            ;        0.10;kg ;        0.79;        7.90;'3858881617056';HRANA;        0.00;        0.00
ŠUNKA NAREZAK 150g GAVRILOVIÆ           ;378314    ;GAVRILOVIÆ d.o.o.PETRINJA;        0.15;kg ;        2.15;       14.33;'3858881227927';HRANA;        0.00;        0.00
MESNI NAREZAK 100g ASCOMMERCE           ;398780    ;ASCOMMERCE D.O.O.;        0.10;kg ;        0.69;        6.90;'3858881331020';HRANA;        0.00;        0.00
GOVEÐI NAREZAK 100g ASCOMMERCE          ;398781    ;ASCOMMERCE D.O.O.;        0.10;kg ;        0.69;        6.90;'3858881333918';HRANA;        0.00;        0.00
PILEÆI NAREZAK 100g ASCOMMERCE          ;398782    ;ASCOMMERCE D.O.O.;        0.10;kg ;        0.69;        6.90;'3858881333901';HRANA;        0.00;        0.00
MESNI NAREZAK GAROM 300g GIANA          ;412957    ;GAROM          ;        0.30;kg ;        1.55;        5.17;'8595241513157';HRANA;        0.00;        0.00
MESNI NAREZAK 150g PODRAVKA             ;42336     ;PODRAVKA d.d. KOPRIVNICA;        0.15;kg ;        1.89;       12.60;'3859890848196';HRANA;        0.00;        0.00
MESNI NAREZAK 150g KUDELIÆ              ;423364    ;KUDELIÆ DOO;        0.15;kg ;        1.59;       10.60;'3859891672288';HRANA;        0.00;        0.00
MESNI DORUÈAK PIKANT 150g GAVRILOVIÆ    ;515713    ;GAVRILOVIÆ d.o.o.PETRINJA;        0.15;kg ;        2.15;       14.33;'3858890206982';HRANA;        0.00;        0.00
MESNI NAREZAK GALA 3X150g               ;534580    ;GALA           ;        0.45;kg ;        3.99;        8.87;'3858890209143';HRANA;        0.00;        0.00
VIKEND NAREZAK 400g PPK                 ;555980    ;PPK            ;        0.40;kg ;        2.19;        5.48;'3858890187298';HRANA;        0.00;        0.00
MESNI DORUÈAK 150g MEDVEN               ;615436    ;MEDVEN         ;        0.15;kg ;        1.69;       11.27;'3859893326608';HRANA;        0.00;        0.00
MESNI DORUÈAK 3X150g XXL GAVRILOVIÆ     ;617945    ;GAVRILOVIÆ d.o.o.PETRINJA;        0.45;kg ;        0.00;        9.98;'3858892722121';HRANA;        5.99;        4.49
PUREÆI NAREZAK 150g PODRAVKA            ;71692     ;PODRAVKA d.d. KOPRIVNICA;        0.15;kg ;        1.89;       12.60;'3850104031748';HRANA;        0.00;        0.00
PILEÆI NAREZAK 150g PODRAVKA            ;93680     ;PODRAVKA d.d. KOPRIVNICA;        0.15;kg ;        1.89;       12.60;'3850104055706';HRANA;        0.00;        0.00
RIO MARE NAMAZ 100g TUNA                ;17232     ;RIO MARE       ;        0.10;kg ;        3.85;       38.50;'8004030069008';HRANA;        0.00;        0.00
PAŠTETA OD TUNE 95g ARGETA              ;219729    ;ARGETA         ;        0.10;kg ;        1.99;       20.95;'3838975567061';HRANA;        0.00;        0.00
PAŠTETA OD LOSOSA 95g ARGETA            ;254284    ;ARGETA         ;        0.10;kg ;        2.39;       25.16;'3838471013109';HRANA;        0.00;        0.00
PAŠTETA OD TUNE 45g ARGETA              ;322085    ;ARGETA         ;        0.05;kg ;        1.29;       28.67;'38381461';HRANA;        0.00;        0.00
SUPERTUNA JUNIOR 95g ARGETA             ;326267    ;ARGETA         ;        0.10;kg ;        1.99;       20.95;'3838471019057';HRANA;        0.00;        0.00
PAŠTETA OD SRDELE 95g AQ                ;418166    ;ADRIATIC QUEEN ;        0.10;kg ;        1.49;       15.68;'3850160201017';HRANA;        0.00;        0.00
PAŠTETA OD TUNE 95g AQ                  ;418168    ;ADRIATIC QUEEN ;        0.10;kg ;        1.99;       20.95;'3850160208016';HRANA;        0.00;        0.00
TUNA PAŠTETA CLASSIC 95g EVA            ;436097    ;EVA            ;        0.10;kg ;        1.86;       19.58;'3850104274978';HRANA;        0.00;        0.00
PAŠTETA OD SARDINE 95g ARGETA           ;501737    ;ARGETA         ;        0.10;kg ;        1.49;       15.68;'3838471029919';HRANA;        0.00;        0.00
PAŠTETA OD TUNE 100g GAVRILOVIÆ         ;592257    ;GAVRILOVIÆ d.o.o.PETRINJA;        0.10;kg ;        1.99;       19.90;'3858890207620';HRANA;        0.00;        0.00
PAŠTETA TUNA CREAM 50g LINO             ;617006    ;LINO           ;        0.05;kg ;        1.15;       23.00;'3856020259396';HRANA;        0.00;        0.00
PAŠTETA TUNA CREAM 95g LINO             ;633646    ;LINO           ;        0.10;kg ;        1.89;       19.89;'3856020260460';HRANA;        0.00;        0.00
PAŠETA LOSOS 100g GAVRILOVIÆ            ;662894    ;GAVRILOVIÆ d.o.o.PETRINJA;        0.10;kg ;        2.99;       29.90;'3858892726709';HRANA;        0.00;        0.00
PAŠTETA OD PASTRVE 100g GAVRILOVIÆ      ;664284    ;GAVRILOVIÆ d.o.o.PETRINJA;        0.10;kg ;        2.99;       29.90;'3858892728451';HRANA;        0.00;        0.00
MAST 1/1 PIK                            ;08572     ;PIK VRBOVEC PLUS D.O.O.;        1.00;kg ;        2.20;        2.20;'3850139390032';HRANA;        0.00;        0.00
MAST 1/1 PODRAVKA                       ;366594    ;PODRAVKA d.d. KOPRIVNICA;        1.00;kg ;        4.29;        4.29;'3850104073069';HRANA;        0.00;        0.00
MAST 1/1 SILMA                          ;456003    ;SILMA DOO;        1.00;kg ;        1.89;        1.89;'3859892782023';HRANA;        0.00;        0.00
MAST SLAVONSKA 1kg MESO-RAD             ;536354    ;MESO-RAD DD;        1.00;kg ;        2.69;        2.69;'3859891884902';HRANA;        0.00;        0.00
SVINJSKA MAST 1kg DR.PIGLEY             ;642325    ;DR PIGLEY      ;        1.00;kg ;        2.20;        2.20;'3859892348441';HRANA;        0.00;        0.00
MAST 1kg PIVAC                          ;651764    ;PIVAC          ;        1.00;kg ;        2.20;        2.20;'3859892881276';HRANA;        0.00;        0.00
ULJE SUNCOKRET 1L ZVIJEZDA              ;03987     ;ZVIJEZDA       ;        1.00;L  ;        1.69;        1.69;'3858882210010';HRANA;        0.00;        0.00
ULJE SUNCOKRET 1L TENA  ÈEPIN           ;410055    ;TENA           ;        1.00;L  ;        1.59;        1.59;'3850171710010';HRANA;        0.00;        0.00
ULJE SUNCOKRET 1,2L ZVIJEZDA            ;508461    ;ZVIJEZDA       ;        1.20;L  ;        1.85;        1.54;'3856015313249';HRANA;        0.00;        0.00
ULJE SUNCOKRET 3L ZVIJEZDA              ;53202     ;ZVIJEZDA       ;        3.00;L  ;        5.09;        1.70;'3858882211345';HRANA;        0.00;        0.00
ULJE SUNCOKRET 1L                       ;561640    ;TVORNICA ULJA ÈEPIN  DD;        1.00;L  ;        1.49;        1.49;'3859888668119';HRANA;        0.00;        0.00
ULJE SUNCOKRET 1L HP SUNCE VINKOVACA    ;610805    ;SUNCE VINKOVACA;        1.00;L  ;        3.49;        3.49;'3857500104311';HRANA;        0.00;        0.00
SUNCOKRETOVO ULJE ZA PRŽENJE 5L         ;691792    ;TVORNICA ULJA VINKOVCI D.O.O.;        5.00;L  ;        9.99;        2.00;'3857500104335';HRANA;        0.00;        0.00
ULJE BILJNO 1L ZVIJEZDA                 ;03998     ;ZVIJEZDA       ;        1.00;L  ;        1.69;        1.69;'3858882210065';HRANA;        0.00;        0.00
ULJE OMEGOL 1L ZVIJEZDA                 ;172660    ;ZVIJEZDA       ;        1.00;L  ;        1.89;        1.89;'3858882213011';HRANA;        0.00;        0.00
JAJA XL 10/1 SAMITA                     ;243366    ;SAMITA KOMERC d.o.o. KOPRIVNICA;       10.00;KOM;        2.89;        0.29;'3859888545083';HRANA;        0.00;        0.00
JAJA L 10/1 SAMITA                      ;243368    ;SAMITA KOMERC d.o.o. KOPRIVNICA;       10.00;KOM;        2.79;        0.28;'3859888545090';HRANA;        0.00;        0.00
JAJA M 10/1 SAMITA                      ;243369    ;SAMITA KOMERC d.o.o. KOPRIVNICA;       10.00;KOM;        2.45;        0.25;'3859888545106';HRANA;        0.00;        0.00
JAJA S 10/1 SAMITA                      ;243370    ;SAMITA KOMERC d.o.o. KOPRIVNICA;       10.00;KOM;        2.39;        0.24;'3859888545113';HRANA;        0.00;        0.00
JAJA M 10/1 PODNI UZGOJ SAMITA          ;508172    ;SAMITA KOMERC d.o.o. KOPRIVNICA;       10.00;KOM;        2.19;        0.22;'3859888545205';HRANA;        0.00;        0.00
MAJONEZA TUBA 165g ZVIJEZDA             ;03187     ;ZVIJEZDA PLUS D.O.O.;        0.17;kg ;        2.49;       15.09;'3858882210263';HRANA;        0.00;        0.00
MAJONEZA DELIKATES 2kg ZVIJEZDA         ;03633     ;ZVIJEZDA PLUS D.O.O.;        2.00;kg ;       11.25;        5.63;'3858882210287';HRANA;        0.00;        0.00
MAJONEZA LAGANA 95g ZVIJEZDA            ;13075     ;ZVIJEZDA PLUS D.O.O.;        0.10;kg ;        1.19;       12.53;'3858882210324';HRANA;        0.00;        0.00
MAJONEZA GASTRO 5kg ZVIJEZDA            ;168751    ;ZVIJEZDA PLUS D.O.O.;        5.00;kg ;       16.99;        3.40;'3858882212953';HRANA;        0.00;        0.00
MAJONEZA DELIKATES 400g ZVIJEZDA        ;265653    ;ZVIJEZDA PLUS D.O.O.;        0.40;kg ;        4.29;       10.73;'3858882219020';HRANA;        0.00;        0.00
MAJONEZA TUBA ÈILI 165g ZVIJEZDA        ;359362    ;ZVIJEZDA PLUS D.O.O.;        0.17;kg ;        2.49;       15.09;'3856015304339';HRANA;        0.00;        0.00
THOMY MAJONEZA STAKLO 611g              ;394025    ;THOMY          ;        0.61;kg ;        4.92;        8.05;'8607100571137';HRANA;        0.00;        0.00
MAJONEZA ULTRA HOT 400g ZVIJEZDA        ;415665    ;ZVIJEZDA PLUS D.O.O.;        0.40;kg ;        4.49;       11.23;'3856015307873';HRANA;        0.00;        0.00
THOMY MAJONEZA DOYPACK 263g             ;500410    ;THOMY          ;        0.26;L  ;        3.10;       11.79;'3858890178678';HRANA;        0.00;        0.00
MAJONEZA SALATNA 15g ZVIJEZDA           ;538396    ;ZVIJEZDA PLUS D.O.O.;        0.02;kg ;        0.39;       26.00;'3856015316660';HRANA;        0.00;        0.00
MAJONEZA LAGANA 650g BAKINA KUHINJA     ;574557    ;STANIÆ D.O.O.;        0.65;kg ;        3.05;        4.69;'3858883226713';HRANA;        0.00;        0.00
MAJONEZA TUBA 255g ZVIJEZDA             ;582647    ;ZVIJEZDA PLUS D.O.O.;        0.26;kg ;        3.49;       13.69;'3856015321244';HRANA;        0.00;        0.00
ZVIJEZDA KETCHUP/MAJONEZA 165g TUBA     ;582648    ;ZVIJEZDA PLUS D.O.O.;        0.17;kg ;        2.49;       15.09;'3856015321275';HRANA;        0.00;        0.00
THOMY MAJONEZA 80g                      ;592978    ;THOMY          ;        0.08;kg ;        0.96;       12.00;'7613287192561';HRANA;        0.00;        0.00
MAJONEZA 620g                           ;600018    ;ZVIJEZDA PLUS D.O.O.;        0.62;kg ;        2.99;        4.82;'3859888668188';HRANA;        0.00;        0.00
THOMY MAJONEZA 761g                     ;600038    ;THOMY          ;        0.76;kg ;        4.92;        6.47;'3858890178692';HRANA;        0.00;        0.00
THOMY TOP 2 190g MAJO/KETC              ;600040    ;THOMY          ;        0.19;kg ;        0.00;        9.95;'7613287146694';HRANA;        2.45;        1.89
MAJONEZA LIGHT 620g ZVIJEZDA            ;601760    ;ZVIJEZDA PLUS D.O.O.;        0.62;kg ;        5.29;        8.53;'3856015321909';HRANA;        0.00;        0.00
MAJONEZA DELIKATES 620g ZVIJEZDA        ;601770    ;ZVIJEZDA PLUS D.O.O.;        0.62;kg ;        5.29;        8.53;'3856015321879';HRANA;        0.00;        0.00
THOMY MAJONEZA 165g TUBA                ;603740    ;THOMY          ;        0.17;kg ;        0.00;       11.45;'7613287084606';HRANA;        2.49;        1.89
THOMY MAJONEZA 20g                      ;607104    ;THOMY          ;        0.02;kg ;        0.37;       18.50;'7613287464675';HRANA;        0.00;        0.00
MAJONEZA WASABI 85g ZVIJEZDA            ;619069    ;ZVIJEZDA PLUS D.O.O.;        0.09;kg ;        1.19;       14.00;'3856015326621';HRANA;        0.00;        0.00
TUNA NAMAZ 100g ZVIJEZDA                ;637684    ;ZVIJEZDA PLUS D.O.O.;        0.10;kg ;        1.99;       19.90;'3856015329370';HRANA;        0.00;        0.00
THOMY TARTAR 80g                        ;647521    ;THOMY          ;        0.08;kg ;        1.19;       14.88;'8445291314948';HRANA;        0.00;        0.00
THOMY MAJONEZA XL 380g DOYPACK          ;684512    ;THOMY          ;        0.38;kg ;        3.39;        8.92;'7613035904958';HRANA;        0.00;        0.00
MAJONEZA ÈILI 85g ZVIJEZDA              ;690193    ;ZVIJEZDA PLUS D.O.O.;        0.09;kg ;        1.19;       14.00;'3856015324689';HRANA;        0.00;        0.00
MAJONEZA DELIKATES 85g ZVIJEZDA         ;690973    ;ZVIJEZDA PLUS D.O.O.;        0.09;kg ;        1.19;       14.00;'3856015325228';HRANA;        0.00;        0.00
THOMY TARTAR DOYPACK 220g               ;692043    ;THOMY          ;        0.22;kg ;        2.99;       13.59;'8445291136359';HRANA;        0.00;        0.00
THOMY MAJONEZA 730g                     ;699865    ;THOMY          ;        0.73;kg ;        4.99;        6.84;'7613035904972';HRANA;        0.00;        0.00
MARGARIN STOLNI SPEC.250g ZVIJEZDA      ;01184     ;ZVIJEZDA PLUS D.O.O.;        0.25;kg ;        1.15;        4.60;'3858882210102';HRANA;        0.00;        0.00
MARGARIN STOLNI 500g ZVIJEZDA           ;15198     ;ZVIJEZDA PLUS D.O.O.;        0.50;kg ;        1.99;        3.98;'3858882210553';HRANA;        0.00;        0.00
MARGARIN KLASIK 250g ZVIJEZDA           ;360795    ;ZVIJEZDA PLUS D.O.O.;        0.25;kg ;        0.89;        3.56;'3856015301901';HRANA;        0.00;        0.00
MARGARIN S AROMOM VANILIJE 250g ZVIJEZDA;379392    ;ZVIJEZDA PLUS D.O.O.;        0.25;kg ;        1.15;        4.60;'3856015305534';HRANA;        0.00;        0.00
MARGARIN SA SMANJ.UDJELOM MASTI 250g    ;574000    ;ZVIJEZDA PLUS D.O.O.;        0.25;kg ;        0.80;        3.20;'3859888668157';HRANA;        0.00;        0.00
MARGARIN ZA KOLAÈE 500g BAKINA KUHINJA  ;600004    ;STANIÆ D.O.O.;        0.50;kg ;        1.72;        3.44;'3858883228892';HRANA;        0.00;        0.00
RAMA ZA KOLAÈE 250g                     ;611277    ;STANIÆ D.O.O.;        0.25;kg ;        1.39;        5.56;'8719200198869';HRANA;        0.00;        0.00
MARGARIN ZA KOLAÈE 250g BAKINA KUHINJA  ;618935    ;STANIÆ D.O.O.;        0.25;kg ;        0.86;        3.44;'3858883228885';HRANA;        0.00;        0.00
MARGARIN STOLNI 4X250g ZVIJEZDA         ;690139    ;ZVIJEZDA PLUS D.O.O.;        1.00;kg ;        3.15;        3.15;'3856015323989';HRANA;        0.00;        0.00
MARGARIN ZA KREME 250g ZVIJEZDA         ;74392     ;ZVIJEZDA PLUS D.O.O.;        0.25;kg ;        1.15;        4.60;'3858882211611';HRANA;        0.00;        0.00
MED KESTEN 400g MARCOM                  ;133357    ;MARCOM         ;        0.40;kg ;        6.29;       15.73;'3859893871115';HRANA;        0.00;        0.00
MED CVJETNI PVC 20g UGOST.PODRAVKA      ;48055     ;PODRAVKA       ;        0.02;kg ;        0.41;       20.50;'38500213';HRANA;        0.00;        0.00
MED BAGREM 250g MARCOM                  ;50605     ;MARCOM         ;        0.25;kg ;        3.29;       13.16;'3859893871030';HRANA;        0.00;        0.00
MED CVJETNI 250g MARCOM                 ;50611     ;MARCOM         ;        0.25;kg ;        2.79;       11.16;'3859893871061';HRANA;        0.00;        0.00
MED CVJETNI HRV.KOŠNICE 900g APIMEL     ;595260    ;APIMEL         ;        0.90;kg ;        6.99;        7.77;'3859888851733';HRANA;        0.00;        0.00
MED BAGREM HRV.KOŠNICE 900g APIMEL      ;595261    ;APIMEL         ;        0.90;kg ;       10.29;       11.43;'3859888851740';HRANA;        0.00;        0.00
MED CVJETNI 900g APIMEL                 ;595262    ;APIMEL         ;        0.90;kg ;        6.69;        7.43;'3859888851061';HRANA;        0.00;        0.00
MED CVJETNI 450g APIMEL                 ;595263    ;APIMEL         ;        0.45;kg ;        3.99;        8.87;'3859888851078';HRANA;        0.00;        0.00
MED CVJETNI PVC 350g APIMEL             ;595264    ;APIMEL         ;        0.35;kg ;        3.89;       11.11;'3859888851245';HRANA;        0.00;        0.00
MED BAGREM 900g APIMEL                  ;595266    ;APIMEL         ;        0.90;kg ;        7.99;        8.88;'3859888851016';HRANA;        0.00;        0.00
MED BAGREM 450g APIMEL                  ;595267    ;APIMEL         ;        0.45;kg ;        4.99;       11.09;'3859888851023';HRANA;        0.00;        0.00
PREMIUM KADULJA 900g APIMEL             ;595268    ;APIMEL         ;        0.90;kg ;        8.99;        9.99;'3859888851535';HRANA;        0.00;        0.00
PROPOLIS SPREJ BEZALKOH.S KADULJOM 20mL ;595270    ;APIMEL         ;        0.02;L  ;        3.85;      192.50;'3859888851382';HRANA;        0.00;        0.00
MED UGOSTITELJ.CVJETNI 100X15g          ;611811    ;MARCOM         ;        1.50;kg ;       14.00;        9.33;'3859893871146';HRANA;        0.00;        0.00
MED BAGREM 900g MARCOM                  ;613124    ;MARCOM         ;        0.90;kg ;       10.99;       12.21;'3859893871016';HRANA;        0.00;        0.00
MED CVJETNI 900g MARCOM                 ;613125    ;MARCOM         ;        0.90;kg ;        7.99;        8.88;'3859893871047';HRANA;        0.00;        0.00
MED CVJETNI 400g MARCOM                 ;613126    ;MARCOM         ;        0.40;kg ;        4.49;       11.23;'3859893871054';HRANA;        0.00;        0.00
MED KESTEN 900g MARCOM                  ;613128    ;MARCOM         ;        0.90;kg ;       12.99;       14.43;'3859893871108';HRANA;        0.00;        0.00
MED KESTEN 250g MARCOM                  ;613129    ;MARCOM         ;        0.25;kg ;        3.99;       15.96;'3859893871122';HRANA;        0.00;        0.00
MED UGOSTITELJSKI 15g MARCOM            ;614030    ;MARCOM         ;        0.02;kg ;        0.14;        9.33;'3859893871139';HRANA;        0.00;        0.00
MED CVJETNI 1400g XXL APIMEL            ;619607    ;APIMEL         ;        1.40;kg ;        7.99;        5.71;'3859888851825';HRANA;        0.00;        0.00
MED BAGREM 720g MARCOM                  ;619882    ;MARCOM         ;        0.72;kg ;        8.99;       12.49;'3859893871153';HRANA;        0.00;        0.00
MED MEDLJIKOVAC 720g                    ;662917    ;MARCOM         ;        0.72;kg ;       11.99;       16.65;'3859893871160';HRANA;        0.00;        0.00
TARTAR UMAK 165g TUBA ZVIJEZDA          ;216557    ;ZVIJEZDA PLUS D.O.O.;        0.17;kg ;        2.69;       16.30;'3858882214940';HRANA;        0.00;        0.00
FRANCUSKA SALATA 220g ZVIJEZDA          ;597848    ;ZVIJEZDA PLUS D.O.O.;        0.22;kg ;        2.39;       10.86;'3856015321787';HRANA;        0.00;        0.00
THOMY TARTAR UMAK 180g TUBA             ;649454    ;THOMY          ;        0.18;kg ;        0.00;       10.50;'8445291315006';HRANA;        2.39;        1.89
MARGARITA 500g STANIÆ                   ;306274    ;STANIÆ D.O.O.;        0.50;kg ;        1.99;        3.98;'3858883227406';HRANA;        0.00;        0.00
OMEGOL NAMAZ B1 225g ZVIJEZDA           ;635229    ;ZVIJEZDA PLUS D.O.O.;        0.23;kg ;        1.29;        5.73;'3856015328625';HRANA;        0.00;        0.00
RAMA CLASSIC 400g STANIÆ                ;637196    ;STANIÆ D.O.O.;        0.40;kg ;        2.59;        6.48;'8719200265097';HRANA;        0.00;        0.00
RAMA CLASSIC 225g STANIÆ                ;637198    ;STANIÆ D.O.O.;        0.23;kg ;        1.39;        6.18;'8719200264915';HRANA;        0.00;        0.00
MARGO NOVA 400g ZVIJEZDA                ;691046    ;ZVIJEZDA PLUS D.O.O.;        0.40;kg ;        2.19;        5.48;'3856015327253';HRANA;        0.00;        0.00
MARGO NOVA 225g ZVIJEZDA                ;691047    ;ZVIJEZDA PLUS D.O.O.;        0.23;kg ;        1.29;        5.73;'3856015327284';HRANA;        0.00;        0.00
MARGO S MASLACEM 225g ZVIJEZDA          ;691097    ;ZVIJEZDA PLUS D.O.O.;        0.23;kg ;        1.99;        8.84;'3856015325419';HRANA;        0.00;        0.00
MARGO JOGURT 225g ZVIJEZDA              ;691356    ;ZVIJEZDA PLUS D.O.O.;        0.23;kg ;        1.39;        6.18;'3856015325358';HRANA;        0.00;        0.00
MARGO NOVA 225g+20%                     ;692282    ;ZVIJEZDA PLUS D.O.O.;        0.27;kg ;        1.29;        4.78;'3856015332844';HRANA;        0.00;        0.00
MARGO BUTTERY 400g ZVIJEZDA             ;692339    ;ZVIJEZDA PLUS D.O.O.;        0.40;kg ;        2.19;        5.48;'3856015332974';HRANA;        0.00;        0.00
OMEGOL IMUNO NAMAZ 225g ZVIJEZDA        ;692340    ;ZVIJEZDA PLUS D.O.O.;        0.23;kg ;        0.00;        5.73;'3856015333001';HRANA;        1.99;        1.29
CRNO ULJE 0.25 PREHRANA                 ;09438     ;PREHRANA       ;        0.25;L  ;        5.04;       20.16;'3859891093427';HRANA;        0.00;        0.00
CRNO ULJE 0.5 PREHRANA                  ;09576     ;PREHRANA       ;        0.50;L  ;        7.43;       14.86;'3859891093410';HRANA;        0.00;        0.00
SALATNO ULJE 1/2 PREHRANA               ;09723     ;PREHRANA       ;        0.50;L  ;        5.71;       11.42;'3859891093441';HRANA;        0.00;        0.00
ULJE MASLINOVO EXTRA DJ.1L ZVIJEZDA     ;150556    ;ZVIJEZDA PLUS D.O.O.;        1.00;L  ;       13.99;       13.99;'3858882211550';HRANA;        0.00;        0.00
ULJE MASLINOVO 0,5L EKST.DJEV. ZVIJEZDA ;158899    ;ZVIJEZDA PLUS D.O.O.;        0.50;L  ;        7.99;       15.98;'3858882211574';HRANA;        0.00;        0.00
BUÈINO ULJE 0.25 HLADNIÆ                ;20024     ;HLADNIÆ        ;        0.25;L  ;        5.79;       23.16;'3859888867062';HRANA;        0.00;        0.00
BUÈINO ULJE 0,5L SILADI                 ;335781    ;SILADI         ;        0.50;L  ;        8.99;       17.98;'3859894079039';HRANA;        0.00;        0.00
SALATNO ULJE 1L PREHRANA                ;367419    ;PREHRANA       ;        1.00;L  ;        7.43;        7.43;'3859891815524';HRANA;        0.00;        0.00
MASLINOVO ULJE TRADICIJA 1L ORGULA      ;519785    ;ORGULA         ;        1.00;L  ;       12.99;       12.99;'3859890446217';HRANA;        0.00;        0.00
ULJE KOKOS.BEZ MIRISA300ML EKOZONA      ;552013    ;BIOVEGA DOO;        0.30;L  ;        3.39;       11.30;'3858888737924';HRANA;        0.00;        0.00
ULJE KOKOSOVO EKST.DJEVIÈ.300mL EKOZONA ;552014    ;BIOVEGA DOO;        0.30;L  ;        4.35;       14.50;'3858888737931';HRANA;        0.00;        0.00
CRNO ULJE 500mL HLADNIÆ                 ;619122    ;HLADNIÆ        ;        0.50;L  ;        8.79;       17.58;'3859888867222';HRANA;        0.00;        0.00
ULJE MASL.E.D. BIO JUNIOR 500mL         ;691814    ;ORGULA         ;        0.50;L  ;        7.99;       15.98;'3859893678202';HRANA;        0.00;        0.00
MASLINOVO ULJE E.D.1L DE CAROLIS        ;692119    ;DE CAROLIS     ;        1.00;L  ;        9.99;        9.99;'8004581880015';HRANA;        0.00;        0.00
KRUŠKA WILLIAMS                         ;00100     ;STJEMA PROMET D.O.O.;        1.00;kg ;        1.99;        1.99;'';HRANA;        0.00;        0.00
BANANA                                  ;00101     ;BONITA         ;        1.00;kg ;        1.46;        1.46;'';HRANA;        0.00;        0.00
LIMUN                                   ;00102     ;DODIR PRIRODE D.O.O.;        1.00;kg ;        1.49;        1.49;'';HRANA;        0.00;        0.00
NARANÈA GRÈKA                           ;00103     ;SETOVIA VOÆE DOO;        1.00;kg ;        1.49;        1.49;'';HRANA;        0.00;        0.00
JABUKA IDARED                           ;00106     ;FRAGARIA d.o.o. ZAGREB;        1.00;kg ;        0.00;        1.29;'';HRANA;        1.69;        1.29
MANDARINA RFS                           ;00114     ;DODIR PRIRODE D.O.O.;        1.00;kg ;        1.29;        1.29;'';HRANA;        0.00;        0.00
JAGODA 250g                             ;00127     ;S.G. PROMET D.O.O.;        0.25;kg ;        3.49;       13.96;'3858893252160';HRANA;        0.00;        0.00
ANANAS                                  ;00140     ;DODIR PRIRODE D.O.O.;        1.00;kg ;        1.79;        1.79;'';HRANA;        0.00;        0.00
ŠLJIVA                                  ;00142     ;STJEMA PROMET D.O.O.;        1.00;kg ;        1.49;        1.49;'';HRANA;        0.00;        0.00
GROŽÐE ROZE                             ;00158     ;STJEMA PROMET D.O.O.;        1.00;kg ;        2.29;        2.29;'';HRANA;        0.00;        0.00
GREJP CRVENI                            ;00163     ;DODIR PRIRODE D.O.O.;        1.00;kg ;        1.89;        1.89;'';HRANA;        0.00;        0.00
ŠIPAK                                   ;00173     ;STJEMA PROMET D.O.O.;        1.00;kg ;        2.49;        2.49;'';HRANA;        0.00;        0.00
KLEMENTINE                              ;00450     ;DODIR PRIRODE D.O.O.;        1.00;kg ;        0.00;        0.99;'';HRANA;        1.59;        0.99
KESTEN RFS                              ;00473     ;SETOVIA VOÆE DOO;        1.00;kg ;        4.49;        4.49;'';HRANA;        0.00;        0.00
POMELO                                  ;00489     ;S.G. PROMET D.O.O.;        1.00;kg ;        3.59;        3.59;'';HRANA;        0.00;        0.00
KIWI RFS                                ;139039    ;DODIR PRIRODE D.O.O.;        1.00;kg ;        2.49;        2.49;'';HRANA;        0.00;        0.00
JABUKA GALA                             ;142197    ;POLJOPRIVREDNA ZADRUGA JABUKAHR;        1.00;kg ;        1.69;        1.69;'';HRANA;        0.00;        0.00
JABUKA CRVENI DELISHES                  ;149275    ;FRAGARIA d.o.o. ZAGREB;        1.00;kg ;        1.79;        1.79;'';HRANA;        0.00;        0.00
JABUKA JONAGOLD                         ;150600    ;BIOENERGA D.O.O.;        1.00;kg ;        1.69;        1.69;'';HRANA;        0.00;        0.00
NARANÈA JAR                             ;167496    ;DODIR PRIRODE D.O.O.;        1.00;kg ;        1.49;        1.49;'';HRANA;        0.00;        0.00
KIWI PAK. 1/1                           ;185755    ;DODIR PRIRODE D.O.O.;        1.00;kg ;        2.29;        2.29;'3850334083449';HRANA;        0.00;        0.00
NARANÈA PAKIRANA 2/1                    ;190728    ;SETOVIA VOÆE DOO;        2.00;kg ;        2.49;        1.25;'3830034710043';HRANA;        0.00;        0.00
KRUŠKA ABATA                            ;210911    ;STJEMA PROMET D.O.O.;        1.00;kg ;        2.49;        2.49;'';HRANA;        0.00;        0.00
JABUKA BREBURN                          ;220823    ;ŠPORER KATICA OPG;        1.00;kg ;        1.69;        1.69;'';HRANA;        0.00;        0.00
GROŽÐE BIJELO                           ;226973    ;SETOVIA VOÆE DOO;        1.00;kg ;        2.99;        2.99;'';HRANA;        0.00;        0.00
LIMUN PAKIRANI 500g                     ;295612    ;SETOVIA VOÆE DOO;        0.50;kg ;        0.89;        1.78;'';HRANA;        0.00;        0.00
BOROVNICA 125g                          ;317931    ;S.G. PROMET D.O.O.;        0.13;kg ;        1.29;        9.92;'3859890192589';HRANA;        0.00;        0.00
JABUKA CRVENA 2kg PVC                   ;385629    ;POLJOPRIVREDNA ZADRUGA JABUKAHR;        2.00;kg ;        2.19;        1.10;'3859893211157';HRANA;        0.00;        0.00
JABUKA ZLATNI DELISHES                  ;385982    ;POLJOPRIVREDNA ZADRUGA JABUKAHR;        1.00;kg ;        1.79;        1.79;'';HRANA;        0.00;        0.00
MANDARINA SNIŽENO                       ;406354    ;SETOVIA VOÆE DOO;        1.00;kg ;        0.70;        0.70;'';HRANA;        0.00;        0.00
JABUKA CRIPPS PINK                      ;452500    ;POLJOPRIVREDNA ZADRUGA JABUKAHR;        1.00;kg ;        1.99;        1.99;'';HRANA;        0.00;        0.00
NARANÈA ŠPANJOLSKA                      ;522536    ;STJEMA PROMET D.O.O.;        1.00;kg ;        1.99;        1.99;'';HRANA;        0.00;        0.00
GROŽÐE BIJELO SNIŽENO                   ;524313    ;STJEMA PROMET D.O.O.;        1.00;kg ;        1.20;        1.20;'';HRANA;        0.00;        0.00
NARANÈA SNIŽENO                         ;525119    ;DODIR PRIRODE D.O.O.;        1.00;kg ;        0.70;        0.70;'';HRANA;        0.00;        0.00
AVOKADO KOM                             ;533155    ;SETOVIA VOÆE DOO;        1.00;KOM;        1.19;        1.19;'';HRANA;        0.00;        0.00
DUNJA                                   ;545729    ;STJEMA PROMET D.O.O.;        1.00;kg ;        2.29;        2.29;'';HRANA;        0.00;        0.00
ŠIPAK SNIŽENO                           ;549050    ;STJEMA PROMET D.O.O.;        1.00;kg ;        1.20;        1.20;'';HRANA;        0.00;        0.00
KRUŠKA PAKIRANA 1kg                     ;555000    ;POLJOPRIVREDNA ZADRUGA JABUKAHR;        1.00;kg ;        1.79;        1.79;'';HRANA;        0.00;        0.00
JABUKA ZELENA 2kg PVC                   ;555006    ;POLJOPRIVREDNA ZADRUGA JABUKAHR;        2.00;kg ;        2.19;        1.10;'3859893211171';HRANA;        0.00;        0.00
KRUŠKA LIMONERA                         ;558325    ;STJEMA PROMET D.O.O.;        1.00;kg ;        2.29;        2.29;'';HRANA;        0.00;        0.00
MANGO KOM                               ;607381    ;S.G. PROMET D.O.O.;        1.00;KOM;        0.99;        0.99;'';HRANA;        0.00;        0.00
KRUŠKA CONFERENCE                       ;642001    ;DODIR PRIRODE D.O.O.;        1.00;kg ;        1.99;        1.99;'';HRANA;        0.00;        0.00
JAPANSKA JABUKA-KAKI                    ;64482     ;STJEMA PROMET D.O.O.;        1.00;kg ;        2.19;        2.19;'';HRANA;        0.00;        0.00
JABUKA GRANNY SMITH                     ;77510     ;POLJOPRIVREDNA ZADRUGA JABUKAHR;        1.00;kg ;        1.79;        1.79;'';HRANA;        0.00;        0.00
LIMETA                                  ;97026     ;SETOVIA VOÆE DOO;        1.00;kg ;        2.49;        2.49;'';HRANA;        0.00;        0.00
KRASTAVAC                               ;00108     ;SETOVIA VOÆE DOO;        1.00;kg ;        1.69;        1.69;'';HRANA;        0.00;        0.00
RAJÈICA DOMAÆA                          ;00109     ;KTC AGRO D.O.O.;        1.00;kg ;        0.00;        1.29;'3601';HRANA;        1.99;        1.29
LUK CRVENI                              ;00110     ;FURDI JOSIP "FURDI" POLJOP. GOSP.;        1.00;kg ;        0.84;        0.84;'';HRANA;        0.00;        0.00
CVJETAÈA                                ;00111     ;BAIS VLADIMIR POLJOP.GOSP.GRUNT;        0.00;kg ;        1.49;        0.00;'';HRANA;        0.00;        0.00
KUPUS                                   ;00113     ;FABUŠ DAMIR POLJODOM;        1.00;kg ;        0.38;        0.38;'';HRANA;        0.00;        0.00
ÈEŠNJAK                                 ;00117     ;TONY-WAY D.O.O.;        1.00;kg ;        4.29;        4.29;'';HRANA;        0.00;        0.00
CELER KORJEN                            ;00118     ;DODIR PRIRODE D.O.O.;        1.00;kg ;        0.89;        0.89;'';HRANA;        0.00;        0.00
PAPRIKA ZELENA                          ;00120     ;HALAÈEK VLADO OPG;        1.00;kg ;        2.29;        2.29;'';HRANA;        0.00;        0.00
MRKVA RFS                               ;00121     ;DODIR PRIRODE D.O.O.;        1.00;kg ;        0.79;        0.79;'';HRANA;        0.00;        0.00
PAPRIKA CRVENA                          ;00130     ;HALAÈEK VLADO OPG;        1.00;kg ;        2.99;        2.99;'';HRANA;        0.00;        0.00
PORILUK                                 ;00134     ;BAIS VLADIMIR POLJOP.GOSP.GRUNT;        1.00;kg ;        1.49;        1.49;'';HRANA;        0.00;        0.00
KELJ                                    ;00139     ;HALAÈEK VLADO OPG;        1.00;kg ;        0.69;        0.69;'';HRANA;        0.00;        0.00
RADIÈ                                   ;00152     ;SETOVIA VOÆE DOO;        1.00;kg ;        2.79;        2.79;'';HRANA;        0.00;        0.00
GRAH BIJELI RFS                         ;00155     ;MARJAN-VOÆE d.o.o.ZAGREB;        1.00;kg ;        2.79;        2.79;'';HRANA;        0.00;        0.00
GRAH ZELENÈEC RFS                       ;00156     ;TONY-WAY D.O.O.;        1.00;kg ;        3.85;        3.85;'';HRANA;        0.00;        0.00
TIKVICA                                 ;00157     ;STJEMA PROMET D.O.O.;        1.00;kg ;        1.69;        1.69;'';HRANA;        0.00;        0.00
KUPUS CRVENI                            ;00160     ;DODIR PRIRODE D.O.O.;        1.00;kg ;        0.79;        0.79;'';HRANA;        0.00;        0.00
HREN                                    ;00340     ;FARMERAJ D.O.O.;        1.00;kg ;        5.49;        5.49;'';HRANA;        0.00;        0.00
LUK LJUBIÈASTI                          ;00503     ;FURDI JOSIP "FURDI" POLJOP. GOSP.;        1.00;kg ;        0.99;        0.99;'';HRANA;        0.00;        0.00
CIKLA RFS                               ;01713     ;FURDI JOSIP "FURDI" POLJOP. GOSP.;        1.00;kg ;        0.00;        0.39;'';HRANA;        0.79;        0.39
KUPUS KINESKI                           ;02662     ;STRUNJAK STANISLAV;        1.00;kg ;        1.49;        1.49;'';HRANA;        0.00;        0.00
ÈEŠNJAK 250g                            ;128997    ;TONY-WAY D.O.O.;        0.25;kg ;        1.29;        5.16;'';HRANA;        0.00;        0.00
ÈEŠNJAK DOMAÆI                          ;130579    ;STJEMA PROMET D.O.O.;        1.00;kg ;        5.39;        5.39;'';HRANA;        0.00;        0.00
TIKVA KABOCHA                           ;184346    ;AGRO PODRAVINA D.O.O.;        1.00;kg ;        1.29;        1.29;'';HRANA;        0.00;        0.00
LUK CRVENI 5kg                          ;187435    ;DESYRE DOO NEDELJANEC;        5.00;kg ;        3.99;        0.80;'3859891254095';HRANA;        0.00;        0.00
PAPRIKA ROG ZELENA                      ;226414    ;STRUNJAK STANISLAV;        1.00;kg ;        1.19;        1.19;'';HRANA;        0.00;        0.00
ÐUMBIR                                  ;229441    ;DODIR PRIRODE D.O.O.;        1.00;kg ;        2.99;        2.99;'';HRANA;        0.00;        0.00
SALATA ICEBERG                          ;230280    ;DODIR PRIRODE D.O.O.;        1.00;KOM;        0.99;        0.99;'';HRANA;        0.00;        0.00
KRUMPIR 5kg RACHEL                      ;233549    ;AGRO-KRNJAK D.O.O.;        5.00;kg ;        3.99;        0.80;'3859891078035';HRANA;        0.00;        0.00
TIKVA HOKAIDO                           ;354209    ;AGRO PODRAVINA D.O.O.;        1.00;kg ;        0.99;        0.99;'';HRANA;        0.00;        0.00
TIKVA OKRUGLA                           ;358963    ;NENADOVIÆ MARIJANA;        1.00;kg ;        0.59;        0.59;'';HRANA;        0.00;        0.00
KRUMPIR 3kg ZA PEÈENJE                  ;373577    ;DESYRE DOO NEDELJANEC;        3.00;kg ;        2.69;        0.90;'3859891254200';HRANA;        0.00;        0.00
KRUMPIR 3kg ZA KUHANJE                  ;373578    ;DESYRE DOO NEDELJANEC;        3.00;kg ;        2.69;        0.90;'3859891254194';HRANA;        0.00;        0.00
SALATA ENDIVIJA KOM                     ;383630    ;SETOVIA VOÆE DOO;        1.00;KOM;        0.99;        0.99;'';HRANA;        0.00;        0.00
SALATA PUTERICA KOM                     ;383631    ;S.G. PROMET D.O.O.;        1.00;KOM;        0.89;        0.89;'';HRANA;        0.00;        0.00
SALATA KRISTALKA KOM                    ;383632    ;HALAÈEK VLADO OPG;        1.00;KOM;        0.69;        0.69;'';HRANA;        0.00;        0.00
PAPRIKA 3 BOJE 500g                     ;385958    ;STJEMA PROMET D.O.O.;        0.50;kg ;        2.39;        4.78;'8033803723724';HRANA;        0.00;        0.00
LUK CRVENI 1kg                          ;387434    ;DESYRE DOO NEDELJANEC;        1.00;kg ;        1.05;        1.05;'3859891254347';HRANA;        0.00;        0.00
LUK CRVENI 2kg                          ;387435    ;DESYRE DOO NEDELJANEC;        2.00;kg ;        1.99;        1.00;'3859891254354';HRANA;        0.00;        0.00
TIKVA BUTER                             ;404137    ;NENADOVIÆ MARIJANA;        1.00;kg ;        0.99;        0.99;'';HRANA;        0.00;        0.00
GRAH ŠARENI PINTO                       ;415218    ;TONY-WAY D.O.O.;        1.00;kg ;        1.99;        1.99;'';HRANA;        0.00;        0.00
KRUMPIR 10kg                            ;485001    ;FURDI JOSIP "FURDI" POLJOP. GOSP.;       10.00;kg ;        6.90;        0.69;'3859891241026';HRANA;        0.00;        0.00
PAPRIKA SNIŽENO                         ;524314    ;DODIR PRIRODE D.O.O.;        1.00;kg ;        1.00;        1.00;'';HRANA;        0.00;        0.00
CIKLA SNIŽENO                           ;536328    ;FURDI JOSIP "FURDI" POLJOP. GOSP.;        1.00;kg ;        0.30;        0.30;'';HRANA;        0.00;        0.00
TIKVA PRINÈEVA KRUNA                    ;549273    ;AGRO PODRAVINA D.O.O.;        0.00;kg ;        0.89;        0.00;'';HRANA;        0.00;        0.00
KUPUS MLADI                             ;74834     ;DODIR PRIRODE D.O.O.;        1.00;kg ;        0.79;        0.79;'';HRANA;        0.00;        0.00
KORABA                                  ;79618     ;S.G. PROMET D.O.O.;        1.00;kg ;        1.99;        1.99;'';HRANA;        0.00;        0.00
PAPRIKA BABURA ŽUTA                     ;82020     ;SETOVIA VOÆE DOO;        1.00;kg ;        0.00;        1.49;'';HRANA;        1.89;        1.49
GRAH ŠARENI KANADA RFS                  ;92680     ;TONY-WAY D.O.O.;        1.00;kg ;        1.99;        1.99;'3859890118039';HRANA;        0.00;        0.00
PAPRIKA ROG CRVENA                      ;99095     ;DODIR PRIRODE D.O.O.;        1.00;kg ;        2.99;        2.99;'';HRANA;        0.00;        0.00
POVRÆE ZA FRANCUSKU SAL.450g PODRAVKA   ;01290     ;PODRAVKA       ;        0.45;kg ;        1.89;        4.20;'3858885110164';HRANA;        0.00;        0.00
KROKETI OD KRUMPIRA 2,5kg LEDO          ;105575    ;LEDO PLUS D.O.O.;        2.50;kg ;        7.59;        3.04;'3850116684192';HRANA;        0.00;        0.00
BROKULA 2.5kg LEDO                      ;106670    ;LEDO PLUS D.O.O.;        2.50;kg ;        9.59;        3.84;'3850116104027';HRANA;        0.00;        0.00
POVRÆE ZA FRANCUSKU SALATU 1000g HORVAT ;244918    ;FROZY          ;        1.00;kg ;        2.49;        2.49;'3859889284479';HRANA;        0.00;        0.00
GRAŠAK 400g FROZY HORVAT                ;276171    ;FROZY          ;        0.40;kg ;        1.20;        3.00;'3859889284585';HRANA;        0.00;        0.00
GRAŠAK-MRKVA 400g FROZY HORVAT          ;276172    ;FROZY          ;        0.40;kg ;        1.19;        2.98;'3859889284592';HRANA;        0.00;        0.00
MAHUNE ZELENE 400g FROZY HORVAT         ;276173    ;FROZY          ;        0.40;kg ;        1.25;        3.13;'3859889284615';HRANA;        0.00;        0.00
MAHUNE ŽUTE 400g FROZY                  ;276288    ;FROZY          ;        0.40;kg ;        1.25;        3.13;'3859889284622';HRANA;        0.00;        0.00
POVRÆE ZA FRANC.SALATU 400g HORVAT      ;306349    ;FROZY          ;        0.40;kg ;        1.19;        2.98;'3859889284608';HRANA;        0.00;        0.00
CVJETAÈA UGL 2,5kg                      ;333619    ;LEDO PLUS D.O.O.;        2.50;kg ;        7.09;        2.84;'3850116610337';HRANA;        0.00;        0.00
GRAŠAK-MRKVA 2.5kg LEDO                 ;36831     ;LEDO PLUS D.O.O.;        2.50;kg ;        6.49;        2.60;'3850116998350';HRANA;        0.00;        0.00
MRKVA KOCKA 2,5kg LEDO                  ;36834     ;LEDO PLUS D.O.O.;        2.50;kg ;        5.19;        2.08;'3850116998312';HRANA;        0.00;        0.00
ROYAL MIX 400g STANIÆ                   ;528030    ;STANIÆ D.O.O.;        0.40;kg ;        1.59;        3.98;'3858883228557';HRANA;        0.00;        0.00
ÐUVEÈ 400g STANIÆ                       ;528031    ;STANIÆ D.O.O.;        0.40;kg ;        1.35;        3.38;'3858883228755';HRANA;        0.00;        0.00
GRAŠAK 400g BAK.KUHINJA STANIÆ          ;529431    ;BAKINA KUHINJA ;        0.40;kg ;        1.25;        3.13;'3858883228762';HRANA;        0.00;        0.00
KUKURUZ ŠEÆERAC 2,5kg LEDO              ;543152    ;LEDO PLUS D.O.O.;        2.50;kg ;        7.39;        2.96;'3850116998114';HRANA;        0.00;        0.00
MIJEŠANO ZA JUHU UG LEDO                ;563582    ;LEDO PLUS D.O.O.;        2.50;kg ;        6.49;        2.60;'3850116103099';HRANA;        0.00;        0.00
KROKETI 750g AVIKO                      ;571117    ;AVIKO          ;        0.75;kg ;        2.52;        3.36;'8710449135608';HRANA;        0.00;        0.00
GRAŠAK 2,5kg LEDO                       ;583406    ;LEDO PLUS D.O.O.;        2.50;kg ;        7.19;        2.88;'3850116035451';HRANA;        0.00;        0.00
MAHUNA ZELENA 2,5kg LEDO NOVO           ;583733    ;LEDO PLUS D.O.O.;        2.50;kg ;        7.19;        2.88;'3850116035512';HRANA;        0.00;        0.00
MAHUNA ŽUTA 2,5kg LEDO                  ;584094    ;LEDO PLUS D.O.O.;        2.50;kg ;        7.19;        2.88;'3850116035482';HRANA;        0.00;        0.00
BULGUR MJEŠAVINA 400g LEDO              ;588889    ;LEDO PLUS D.O.O.;        0.40;kg ;        2.99;        7.48;'3850116036052';HRANA;        0.00;        0.00
QUINOA MJEŠAVINA 400g LEDO              ;588890    ;LEDO PLUS D.O.O.;        0.40;kg ;        2.99;        7.48;'3850116034041';HRANA;        0.00;        0.00
MEKSIÈKI MIX 400g BONDUELLE             ;592308    ;BONDUELLE      ;        0.40;kg ;        1.99;        4.98;'3083680585903';HRANA;        0.00;        0.00
CARSKA MJEŠAVINA 1kg FROZY              ;594261    ;FROZY          ;        1.00;kg ;        2.99;        2.99;'3858891040929';HRANA;        0.00;        0.00
POVRÆE MIJEŠANO ZA JUHU 400g LEDO       ;617715    ;LEDO PLUS D.O.O.;        0.40;kg ;        2.29;        5.73;'3850116053462';HRANA;        0.00;        0.00
GLJIVE MIJEŠ.S VRGANJIMA 2,5kg          ;618125    ;STANIÆ D.O.O.;        2.50;kg ;       11.89;        4.76;'3830054730076';HRANA;        0.00;        0.00
CARSKA MJEŠAVINA 400g LEDO              ;618653    ;LEDO PLUS D.O.O.;        0.40;kg ;        2.29;        5.73;'3850116053318';HRANA;        0.00;        0.00
KINESKA MJEŠAVINA 400g LEDO             ;618655    ;LEDO PLUS D.O.O.;        0.40;kg ;        2.79;        6.98;'3850116053400';HRANA;        0.00;        0.00
KROKETI OD KRUMPIRA ZAM 1kg             ;648496    ;ZLATO POLJE    ;        1.00;kg ;        4.29;        4.29;'3838700369298';HRANA;        0.00;        0.00
KROKETI ZA PEÆNICU 750g LEDO            ;652462    ;LEDO PLUS D.O.O.;        0.75;kg ;        4.09;        5.45;'3850116067711';HRANA;        0.00;        0.00
VEGGIE LOVE TOSKANA 480g LEDO           ;653815    ;LEDO PLUS D.O.O.;        0.48;kg ;        3.99;        8.31;'3850116068282';HRANA;        0.00;        0.00
KRALJEVSKI MIX O PLANT 400g             ;655176    ;O'PLANT        ;        0.40;kg ;        1.89;        4.73;'3856020279097';HRANA;        0.00;        0.00
GRAŠAK I MRKVA O PLANT 400g             ;655198    ;O'PLANT        ;        0.40;kg ;        1.69;        4.23;'3856020279035';HRANA;        0.00;        0.00
GRAŠAK O PLANT 400g                     ;655204    ;O'PLANT        ;        0.40;kg ;        1.79;        4.48;'3856020279004';HRANA;        0.00;        0.00
ŠPINAT 400g O PLANT                     ;656524    ;O'PLANT        ;        0.40;kg ;        1.89;        4.73;'3856020279189';HRANA;        0.00;        0.00
POVRÆE ZA FRANC. SALATU 400g O PLANT    ;658484    ;O'PLANT        ;        0.40;kg ;        1.89;        4.73;'3856020279066';HRANA;        0.00;        0.00
MEKSIÈKI MIX 400g O PLANT               ;658486    ;O'PLANT        ;        0.40;kg ;        2.59;        6.48;'3856020279127';HRANA;        0.00;        0.00
BROKULA 400g O PLANT                    ;658487    ;O'PLANT        ;        0.40;kg ;        2.19;        5.48;'3856020279219';HRANA;        0.00;        0.00
MEDALJONI OD KRUMPIRA 600g LEDO         ;658878    ;LEDO           ;        0.60;kg ;        3.99;        6.65;'3850116068589';HRANA;        0.00;        0.00
BROKULA 400g LEDO                       ;690976    ;LEDO PLUS D.O.O.;        0.40;kg ;        2.79;        6.98;'3850116053103';HRANA;        0.00;        0.00
GRAŠAK 400g LEDO                        ;690977    ;LEDO PLUS D.O.O.;        0.40;kg ;        1.99;        4.98;'3850116053165';HRANA;        0.00;        0.00
MAHUNA ZELENA 400g LEDO                 ;690978    ;LEDO PLUS D.O.O.;        0.40;kg ;        1.99;        4.98;'3850116053196';HRANA;        0.00;        0.00
MAHUNA ŽUTA 400g LEDO                   ;690979    ;LEDO PLUS D.O.O.;        0.40;kg ;        1.99;        4.98;'3850116053226';HRANA;        0.00;        0.00
ŠPINAT 400g LEDO                        ;690980    ;LEDO PLUS D.O.O.;        0.40;kg ;        1.99;        4.98;'3850116053257';HRANA;        0.00;        0.00
ŠPINAT BRIKET 650g LEDO                 ;690981    ;LEDO PLUS D.O.O.;        0.65;kg ;        3.79;        5.83;'3850116053288';HRANA;        0.00;        0.00
BLITVA BRIKET 650g LEDO                 ;690982    ;LEDO PLUS D.O.O.;        0.65;kg ;        3.79;        5.83;'3850116053042';HRANA;        0.00;        0.00
GRAŠAK-MRKVA 400g LEDO                  ;690983    ;LEDO PLUS D.O.O.;        0.40;kg ;        1.99;        4.98;'3850116053370';HRANA;        0.00;        0.00
POVRÆE MIJEŠANO ZA SALATU 400g LEDO     ;690984    ;LEDO PLUS D.O.O.;        0.40;kg ;        1.99;        4.98;'3850116053493';HRANA;        0.00;        0.00
MEKSIÈKA MJEŠAVINA 400g LEDO            ;690985    ;LEDO PLUS D.O.O.;        0.40;kg ;        2.79;        6.98;'3850116053431';HRANA;        0.00;        0.00
MJEŠAVINA SA HELJDOM 350g LEDO          ;691044    ;LEDO PLUS D.O.O.;        0.35;kg ;        2.99;        8.54;'3850116057774';HRANA;        0.00;        0.00
PROVANSA MIX 400g LEDO                  ;691398    ;LEDO PLUS D.O.O.;        0.40;kg ;        2.99;        7.48;'3850116059785';HRANA;        0.00;        0.00
GURMAN MIX 400g LEDO                    ;691474    ;LEDO PLUS D.O.O.;        0.40;kg ;        2.99;        7.48;'3850116059815';HRANA;        0.00;        0.00
4 GODIŠNJA DOBA 400g LEDO               ;691501    ;LEDO PLUS D.O.O.;        0.40;kg ;        2.99;        7.48;'3850116059754';HRANA;        0.00;        0.00
CARSKO POVRÆE 2,5kg LEDO NOVO           ;691785    ;LEDO PLUS D.O.O.;        2.50;kg ;        7.29;        2.92;'3850116064567';HRANA;        0.00;        0.00
KROKETI 2,5kg KUKTA DIGIT ADRIA         ;691791    ;DIGIT ADRIA DOO;        2.50;kg ;        6.19;        2.48;'5999553897272';HRANA;        0.00;        0.00
VEGGIE LOVE SKANDINAVIJA 480g           ;692069    ;LEDO PLUS D.O.O.;        0.48;kg ;        3.99;        8.31;'3850116065267';HRANA;        0.00;        0.00
VEGGIE LOVE KORZIKA 480g                ;692070    ;LEDO PLUS D.O.O.;        0.48;kg ;        3.99;        8.31;'3850116065236';HRANA;        0.00;        0.00
KRASTAVCI LIM.4kg PODRAVKA (VP)         ;01856     ;PODRAVKA d.d. KOPRIVNICA;        2.00;kg ;        9.99;        5.00;'3850104050206';HRANA;        0.00;        0.00
KRASTAVCI DELIKATES 670g PODRAVKA       ;01859     ;PODRAVKA d.d. KOPRIVNICA;        0.37;kg ;        2.99;        8.08;'3850104050244';HRANA;        0.00;        0.00
KRASTAVCI 2450g PODRAVKA                ;188214    ;PODRAVKA d.d. KOPRIVNICA;        1.30;kg ;        7.99;        6.15;'3850104222603';HRANA;        0.00;        0.00
KRASTAVCI 1500g PODRAVKA                ;195127    ;PODRAVKA d.d. KOPRIVNICA;        0.80;kg ;        6.59;        8.24;'3850104222597';HRANA;        0.00;        0.00
KRASTAVCI DELIKATES 670g ZVIJEZDA       ;269482    ;ZVIJEZDA PLUS D.O.O.;        0.35;kg ;        2.45;        7.00;'3856015303240';HRANA;        0.00;        0.00
KRASTAVCI KLASIK 670g  ZVIJEZDA         ;411329    ;ZVIJEZDA PLUS D.O.O.;        0.33;kg ;        2.69;        8.15;'3856015305732';HRANA;        0.00;        0.00
KRASTAVCI KLASIK 660g PODRAVKA          ;427270    ;PODRAVKA d.d. KOPRIVNICA;        0.33;kg ;        2.59;        7.85;'3850104273957';HRANA;        0.00;        0.00
KRASTAVCI DELIKATES 330g PODRAVKA       ;45302     ;PODRAVKA d.d. KOPRIVNICA;        0.18;kg ;        2.49;       14.23;'3850104093012';HRANA;        0.00;        0.00
KRASTAVCI 6-9cm 670g GIANA              ;609266    ;GIANA D.O.O.;        0.36;kg ;        2.19;        6.08;'8595241528878';HRANA;        0.00;        0.00
KRASTAVCI DELIKATES 540g DOORA          ;625913    ;DOORA          ;        0.29;kg ;        2.55;        8.79;'3858894541669';HRANA;        0.00;        0.00
KRASTAVCI DELIKATES 2350g DOORA         ;636813    ;DOORA          ;        1.25;kg ;        8.39;        6.71;'3858894541331';HRANA;        0.00;        0.00
KRASTAVCI DELIKATES 1580g DOORA         ;638261    ;DOORA          ;        0.85;kg ;        6.99;        8.22;'3858894540952';HRANA;        0.00;        0.00
DŽEM MARELICA 20g PVC PODRAVKA          ;393455    ;PODRAVKA       ;        0.02;kg ;        0.20;       10.00;'3850104264498';HRANA;        0.00;        0.00
VOÆNI NAMAZ MARELICA 3kg PODRAVKA       ;393639    ;PODRAVKA       ;        3.00;kg ;       12.39;        4.13;'3850104264665';HRANA;        0.00;        0.00
VOÆNI NAMAZ MARELICA PVC 500g PODRAVKA  ;437172    ;PODRAVKA       ;        0.50;kg ;        3.19;        6.38;'3850104273520';HRANA;        0.00;        0.00
VOÆNI NAMAZ ŠIPAK PVC 500g PODRAVKA     ;437181    ;PODRAVKA       ;        0.50;kg ;        3.19;        6.38;'3850104273544';HRANA;        0.00;        0.00
VOÆNI NAMAZ MIJEŠ.VOÆE PVC 500g PODRAVKA;437182    ;PODRAVKA       ;        0.50;kg ;        3.19;        6.38;'3850104273537';HRANA;        0.00;        0.00
VOÆNI NAMAZ JAGODA 700g PVC FANA        ;602359    ;FANA           ;        0.70;kg ;        2.79;        3.99;'3871054000950';HRANA;        0.00;        0.00
VOÆNI NAMAZ MARELICA 700g PVC FANA      ;602360    ;FANA           ;        0.70;kg ;        2.79;        3.99;'3871054000769';HRANA;        0.00;        0.00
VOÆNI NAMAZ MIJEŠANO VOÆE 700g PVC FANA ;602361    ;FANA           ;        0.70;kg ;        2.59;        3.70;'3871054000011';HRANA;        0.00;        0.00
VOÆNI NAMAZ ŠIPAK 700g PVC FANA         ;602362    ;FANA           ;        0.70;kg ;        2.59;        3.70;'3871054000813';HRANA;        0.00;        0.00
VOÆNI NAMAZ ŠLJIVA 700g PVC FANA        ;602363    ;FANA           ;        0.70;kg ;        2.59;        3.70;'3871054000820';HRANA;        0.00;        0.00
VOÆNI NAMAZ BRESKVA 700g PVC FANA       ;602364    ;FANA           ;        0.70;kg ;        2.79;        3.99;'3871054000998';HRANA;        0.00;        0.00
DŽEM MIJEŠANO VOÆE 360g PODRAVKA        ;611462    ;PODRAVKA       ;        0.36;kg ;        1.85;        5.14;'3856020252274';HRANA;        0.00;        0.00
DŽEM MIJEŠANO VOÆE 690g PODRAVKA        ;611463    ;PODRAVKA       ;        0.69;kg ;        2.90;        4.20;'3856020252304';HRANA;        0.00;        0.00
DŽEM MARELICA 360g PODRAVKA             ;611464    ;PODRAVKA       ;        0.36;kg ;        2.19;        6.08;'3856020252441';HRANA;        0.00;        0.00
PEKMEZ OD ŠLJIVA 350g PODRAVKA          ;611465    ;PODRAVKA       ;        0.35;kg ;        3.19;        9.11;'3856020252793';HRANA;        0.00;        0.00
DŽEM ŠIPAK 360g PODRAVKA                ;611466    ;PODRAVKA       ;        0.36;kg ;        2.12;        5.89;'3856020252212';HRANA;        0.00;        0.00
DŽEM ŠIPAK 670g PODRAVKA                ;611467    ;PODRAVKA       ;        0.67;kg ;        2.81;        4.19;'3856020252243';HRANA;        0.00;        0.00
PEKMEZ OD ŠLJIVA 660g PODRAVKA          ;611468    ;PODRAVKA       ;        0.66;kg ;        4.69;        7.11;'3856020252847';HRANA;        0.00;        0.00
DŽEM MARELICA 670g PODRAVKA             ;612354    ;PODRAVKA       ;        0.67;kg ;        2.81;        4.19;'3856020252502';HRANA;        0.00;        0.00
DŽEM MIJEŠANI 680g DOORA                ;634713    ;DOORA          ;        0.68;kg ;        2.85;        4.19;'3858894541737';HRANA;        0.00;        0.00
PEKMEZ ŠLJIVA 680g DOORA                ;636595    ;DOORA          ;        0.68;kg ;        4.10;        6.03;'3858894541751';HRANA;        0.00;        0.00
DŽEM MARELICA 680g DOORA                ;636600    ;DOORA          ;        0.68;kg ;        3.96;        5.82;'3858894541720';HRANA;        0.00;        0.00
DOORA DŽEM ŠIPAK 680g                   ;640520    ;DOORA          ;        0.68;kg ;        4.80;        7.06;'3858894541744';HRANA;        0.00;        0.00
DZEM MARELICA SQUEEZE 330g              ;644880    ;PODRAVKA       ;        0.33;kg ;        2.89;        8.76;'3856020270124';HRANA;        0.00;        0.00
DZEM JAGODA SQUEEZE 330g                ;644881    ;PODRAVKA       ;        0.33;kg ;        2.89;        8.76;'3856020270155';HRANA;        0.00;        0.00
DŽEM VIŠNJA 420g DOORA                  ;654540    ;DOORA          ;        0.42;kg ;        0.00;        4.02;'3858894541263';HRANA;        2.39;        1.69
DŽEM JAGODA 420g DOORA                  ;654541    ;DOORA          ;        0.42;kg ;        0.00;        4.50;'3858894541225';HRANA;        2.59;        1.89
DŽEM EXTRA 670g MIJEŠANI FAMILIJA       ;655916    ;TOP KAN DOO;        0.67;kg ;        2.39;        3.57;'3858894142194';HRANA;        0.00;        0.00
DŽEM EXTRA 670g MARELICA FAMILIJA       ;655917    ;TOP KAN DOO;        0.67;kg ;        2.39;        3.57;'3858894142217';HRANA;        0.00;        0.00
DŽEM EXTRA JAGODA 580g PODRAVKA         ;658615    ;PODRAVKA d.d. KOPRIVNICA;        0.58;kg ;        5.49;        9.47;'3856020280444';HRANA;        0.00;        0.00
ESPRESSO KAVA 1/1 FRANCK                ;01378     ;FRANCK d.d.;        1.00;kg ;       38.49;       38.49;'3858881080188';HRANA;        0.00;        0.00
KAVA ESPRESSO EXTRA 140g                ;140284    ;FRANCK d.d.;        0.14;kg ;        9.49;       67.79;'3858881082410';HRANA;        0.00;        0.00
KAVA ESPRESSO EXTRA STRETTO 140g        ;385250    ;FRANCK d.d.;        0.14;kg ;        9.69;       69.21;'3858881086715';HRANA;        0.00;        0.00
KAVA ESPRESSO 1/1 ANAMAR.               ;52018     ;ANAMARIA COMPANY D.O.O;        1.00;kg ;       15.99;       15.99;'3858881771581';HRANA;        0.00;        0.00
KAVA LAVAZZA QUALITA ROSSA 250g         ;556691    ;LAVAZZA        ;        0.25;kg ;       10.29;       41.16;'8000070035805';HRANA;        0.00;        0.00
KAVA LAVAZZA CREMA GUSTO 250g           ;556692    ;LAVAZZA        ;        0.25;kg ;        8.99;       35.96;'8000070038769';HRANA;        0.00;        0.00
NESCAFE DG STARBUCKS 12/1 127,8g        ;604306    ;STARBUCKS      ;        0.13;kg ;        6.49;       51.10;'7613287002488';HRANA;        0.00;        0.00
NESCAFE DG SBUX MACHIATTO 129g          ;610794    ;STARBUCKS      ;        0.13;kg ;        6.49;       50.31;'7613287002457';HRANA;        0.00;        0.00
KAVA LAVAZZA CREMA E GUSTO 2X250g DUO   ;611863    ;LAVAZZA        ;        0.50;kg ;       15.49;       30.98;'8000070038875';HRANA;        0.00;        0.00
KAVA LAVAZZA CREMA E GUSTO 1kg CLASS.   ;611865    ;LAVAZZA        ;        1.00;kg ;       39.99;       39.99;'8000070051003';HRANA;        0.00;        0.00
KAVA JM BUONAROMA 220g                  ;636204    ;JULIUS MEINL   ;        0.22;kg ;        6.29;       28.59;'9000403977443';HRANA;        0.00;        0.00
KAVA JM PREMIUM ESPR.MOKA 220g          ;645854    ;JULIUS MEINL   ;        0.22;kg ;        6.99;       31.77;'9000403975456';HRANA;        0.00;        0.00
SUHA ŠLJIVA BK 500g NATURA              ;02376     ;NATURA         ;        0.50;kg ;        5.43;       10.86;'3859890587323';HRANA;        0.00;        0.00
SUHE GROŽÐICE 200g NATURA               ;128316    ;NATURA         ;        0.20;kg ;        1.25;        6.25;'8697435900016';HRANA;        0.00;        0.00
ORAH MLJEVENI 200g NATURA               ;137741    ;NATURA         ;        0.20;kg ;        2.89;       14.45;'3859890587347';HRANA;        0.00;        0.00
SUHA ŠLJIVA B.K. 200g ŠAFRAM            ;199029    ;ŠAFRAM         ;        0.20;kg ;        2.10;       10.50;'3859890104230';HRANA;        0.00;        0.00
BRUSNICA SUHA 100g NATURA               ;201576    ;NATURA         ;        0.10;kg ;        1.72;       17.20;'3859890587972';HRANA;        0.00;        0.00
ORAH NADJEV 200g ŠAFRAM                 ;264661    ;ŠAFRAM         ;        0.20;kg ;        3.05;       15.25;'3859890104681';HRANA;        0.00;        0.00
MAK NADJEV 200g ŠAFRAM                  ;264662    ;ŠAFRAM         ;        0.20;kg ;        2.29;       11.45;'3859890104674';HRANA;        0.00;        0.00
SUHO GROŽÐE 200g SULTAN KRESTO          ;28986     ;KRESTO         ;        0.20;kg ;        1.09;        5.45;'3858882290814';HRANA;        0.00;        0.00
KOKOS BRAŠNO 200g PREMIUM KRESTO        ;29537     ;KRESTO         ;        0.20;kg ;        1.06;        5.30;'3858882290807';HRANA;        0.00;        0.00
KOKOS BRAŠNO 200g ŠAFRAM                ;33247     ;ŠAFRAM         ;        0.20;kg ;        1.29;        6.45;'3859888163386';HRANA;        0.00;        0.00
SUHO GROŽÐE 200g ŠAFRAM                 ;33283     ;ŠAFRAM         ;        0.20;kg ;        1.59;        7.95;'3859888163683';HRANA;        0.00;        0.00
ORAH MLJEVENI 200g KRESTO               ;33861     ;KRESTO         ;        0.20;kg ;        2.29;       11.45;'3858882290661';HRANA;        0.00;        0.00
MAK PLAVI 200g ZRNO ŠAFRAM              ;34108     ;ŠAFRAM         ;        0.20;kg ;        1.72;        8.60;'3859888163638';HRANA;        0.00;        0.00
ROGAÈ MLJEVENI 200g ŠAFRAM              ;34109     ;ŠAFRAM         ;        0.20;kg ;        0.99;        4.95;'3859888163645';HRANA;        0.00;        0.00
MAK MLJEVENI 200g ŠAFRAM                ;36923     ;ŠAFRAM         ;        0.20;kg ;        2.39;       11.95;'3859888163157';HRANA;        0.00;        0.00
KOKOS BRAŠNO "Š"EKSTRA 200g             ;521475    ;Š-EXTRA        ;        0.20;kg ;        1.19;        5.95;'3859892109875';HRANA;        0.00;        0.00
SUHO GROŽÐE "Š" EKSTRA 200g             ;521477    ;Š-EXTRA        ;        0.20;kg ;        0.00;        4.45;'3859892109882';HRANA;        1.15;        0.89
BRUSNICA 200g NATURA                    ;521899    ;NATURA         ;        0.20;kg ;        2.49;       12.45;'3859892798468';HRANA;        0.00;        0.00
BADEM JEZGRA 200g NATURA                ;521918    ;NATURA         ;        0.20;kg ;        3.49;       17.45;'3859892798789';HRANA;        0.00;        0.00
LJEŠNJAK SIROVI 150g NATURA             ;521921    ;NATURA         ;        0.15;kg ;        3.69;       24.60;'3859892798833';HRANA;        0.00;        0.00
BOLERO MIX 150g NATURA                  ;521923    ;NATURA         ;        0.15;kg ;        3.49;       23.27;'3859892798857';HRANA;        0.00;        0.00
SUHO VOÆE MIX 150g NATURA               ;525079    ;NATURA         ;        0.15;kg ;        2.24;       14.93;'3859892798864';HRANA;        0.00;        0.00
TROPIC MIX 150g NATURA                  ;525080    ;NATURA         ;        0.15;kg ;        2.49;       16.60;'3859892798918';HRANA;        0.00;        0.00
SUHO GROŽÐE ZLATNO 150g NATURA          ;536667    ;NATURA         ;        0.15;kg ;        1.99;       13.27;'3859893124259';HRANA;        0.00;        0.00
ORAH JEZGRA 150g NATURA                 ;536668    ;NATURA         ;        0.15;kg ;        2.69;       17.93;'3859893124242';HRANA;        0.00;        0.00
KOKOS BRAŠNO 200g NATURA                ;541740    ;NATURA         ;        0.20;kg ;        1.29;        6.45;'3859893124525';HRANA;        0.00;        0.00
MAK MLJEVENI 200g KRESTO                ;57780     ;KRESTO         ;        0.20;kg ;        1.99;        9.95;'3858882290784';HRANA;        0.00;        0.00
DATULJA BEZ KOŠTICE 500g NATURA         ;603746    ;NATURA         ;        0.50;kg ;        2.46;        4.92;'3859893512339';HRANA;        0.00;        0.00
MAK MLJEVENI Š-EXTRA 200g ŠAFRAM        ;612672    ;Š-EXTRA        ;        0.20;kg ;        1.86;        9.30;'3858893690375';HRANA;        0.00;        0.00
SUHO GROŽÐE SULTAN 500g KRESTO          ;615104    ;KRESTO         ;        0.50;kg ;        2.75;        5.50;'3858882291880';HRANA;        0.00;        0.00
SUHA SMOKVA 400g NATURA                 ;624890    ;NATURA         ;        0.40;kg ;        3.59;        8.98;'3858893920342';HRANA;        0.00;        0.00
MAK MLJEVENI 500g XXL                   ;650623    ;ŠAFRAM         ;        0.50;kg ;        3.69;        7.38;'3858893691372';HRANA;        0.00;        0.00
ROGAÈ MLJEVENI 500g XXL                 ;650624    ;ŠAFRAM         ;        0.50;kg ;        1.69;        3.38;'3858893691389';HRANA;        0.00;        0.00
BUKOVAÈE PAK.500g FRIDRIH               ;172165    ;FRIDRIH        ;        0.50;kg ;        2.69;        5.38;'3859889614719';HRANA;        0.00;        0.00
BUKOVAÈE PAK.250g FRIDRIH               ;172166    ;FRIDRIH        ;        0.25;kg ;        1.60;        6.40;'3859889614726';HRANA;        0.00;        0.00
ŠAMPINJONI RFS FRIDRIH                  ;22832     ;FRIDRIH DOO;        1.00;kg ;        3.79;        3.79;'3859889614252';HRANA;        0.00;        0.00
ŠAMPINJONI 500g FRIDRIH                 ;22833     ;FRIDRIH        ;        0.50;kg ;        1.86;        3.72;'3859889614115';HRANA;        0.00;        0.00
ŠAMPINJONI 250g FRIDRIH                 ;22834     ;FRIDRIH        ;        0.25;kg ;        1.35;        5.40;'3859889614139';HRANA;        0.00;        0.00
ŠAMPINJONI SMEÐI 400g FRIDRIH           ;385980    ;FRIDRIH        ;        0.40;kg ;        2.30;        5.75;'3859889614184';HRANA;        0.00;        0.00
ŠAMPINJONI 1kg FRIDRIH                  ;606084    ;FRIDRIH        ;        1.00;kg ;        3.75;        3.75;'3859889614108';HRANA;        0.00;        0.00
ŠAMPINJONI BIJELI-SMEÐI MIX 400g        ;656966    ;FRIDRIH DOO;        0.40;kg ;        2.19;        5.48;'3859889614658';HRANA;        0.00;        0.00
ÈAJ ŠIPAK 60g FRANCK                    ;03152     ;FRANCK d.d.;        0.06;kg ;        2.29;       38.17;'3858881081383';HRANA;        0.00;        0.00
ÈAJ KAMILICA 20g FRANCK                 ;03153     ;FRANCK d.d.;        0.02;kg ;        1.79;       89.50;'3858881081420';HRANA;        0.00;        0.00
ÈAJ JABUKA-CIMET 60g OMOT FRANCK        ;138854    ;FRANCK d.d.;        0.06;kg ;        2.49;       41.50;'3858881082694';HRANA;        0.00;        0.00
ÈAJ TREŠNJA 55g OMOT FRANCK             ;203014    ;FRANCK d.d.;        0.06;kg ;        2.49;       45.27;'3858881083790';HRANA;        0.00;        0.00
ÈAJ JAGODA-VANIL.55g OMOT FRANCK        ;213642    ;FRANCK d.d.;        0.06;kg ;        2.49;       45.27;'3858881083837';HRANA;        0.00;        0.00
ÈAJ BRUSNICA 40g PODRAVKA               ;213714    ;PODRAVKA d.d. KOPRIVNICA;        0.04;kg ;        2.29;       57.25;'3850104229169';HRANA;        0.00;        0.00
ÈAJ FILTER 20/1 ŠUMSKO VOÆE             ;214437    ;AGRISTAR DOO;        0.06;kg ;        2.09;       34.83;'3858886500087';HRANA;        0.00;        0.00
ÈAJ FILTER 20/1 KOPRIVA AGRISTAR        ;214439    ;AGRISTAR DOO;        0.03;kg ;        1.39;       46.33;'3858886500124';HRANA;        0.00;        0.00
ÈAJ BOROVNICA 55g OMOT FRANCK           ;235323    ;FRANCK d.d.;        0.06;kg ;        2.49;       45.27;'3858881083851';HRANA;        0.00;        0.00
ÈAJ ŠUMSKO VOÆE 55g OMOT FRANCK         ;236688    ;FRANCK d.d.;        0.06;kg ;        2.49;       45.27;'3858881083813';HRANA;        0.00;        0.00
ÈAJ ZELENI FILTER 35g OMOT FRANCK       ;237131    ;FRANCK d.d.;        0.04;kg ;        2.29;       65.43;'3858881083752';HRANA;        0.00;        0.00
ÈAJ KAMILICA FILTER 20/1 AGRISTAR       ;244985    ;AGRISTAR DOO;        0.02;kg ;        1.25;       62.50;'3858886500032';HRANA;        0.00;        0.00
ÈAJ 12 BILJAKA 40g AGRISTAR             ;269785    ;AGRISTAR DOO;        0.04;kg ;        2.09;       52.25;'3858886503729';HRANA;        0.00;        0.00
ÈAJ MATIÈNJAK - AGRISTAR                ;269786    ;AGRISTAR DOO;        0.02;kg ;        1.29;       64.50;'3858886503736';HRANA;        0.00;        0.00
ÈAJ ŠUMSKO VOÆE 50g PODRAVKA            ;274680    ;PODRAVKA d.d. KOPRIVNICA;        0.05;kg ;        2.29;       45.80;'3850104425110';HRANA;        0.00;        0.00
ÈAJ ŠIPAK 60g OMOT FRANCK               ;27634     ;FRANCK d.d.;        0.06;kg ;        2.39;       39.83;'3858881081864';HRANA;        0.00;        0.00
ÈAJ PLANINSKI RAJ TEEKANNE 36g          ;291053    ;FILIR D.O.O.;        0.04;kg ;        1.75;       48.61;'5901086001491';HRANA;        0.00;        0.00
ÈAJ KAMILICA XXL AGRISTAR 40*1g         ;314859    ;AGRISTAR DOO;        0.04;kg ;        1.99;       49.75;'3858886503934';HRANA;        0.00;        0.00
ÈAJ KOPRIVA XXL 40/1 AGRISTAR           ;314871    ;AGRISTAR DOO;        0.06;kg ;        2.09;       34.83;'3858886503927';HRANA;        0.00;        0.00
ÈAJ ŠUMSKO VOÆE XXL 80g                 ;318714    ;AGRISTAR DOO;        0.08;kg ;        3.19;       39.88;'3858886503910';HRANA;        0.00;        0.00
ÈAJ FILTER KAMILICA 40g MAXI            ;324322    ;FRANCK d.d.;        0.04;kg ;        2.79;       69.75;'3858881086098';HRANA;        0.00;        0.00
ÈAJ FILTER ŠIPAK 120g MAXI              ;324324    ;FRANCK d.d.;        0.12;kg ;        0.00;       24.92;'3858881086081';HRANA;        3.29;        2.99
ÈAJ ZELENI 36g KOVERTIRAN               ;329092    ;PODRAVKA d.d. KOPRIVNICA;        0.04;kg ;        1.59;       44.17;'3850104249006';HRANA;        0.00;        0.00
ÈAJ KADULJA 20/1                        ;343894    ;AGRISTAR DOO;        0.03;kg ;        1.65;       55.00;'3858886500117';HRANA;        0.00;        0.00
ÈAJ SLJEZOV 50g                         ;343904    ;AGRISTAR DOO;        0.05;kg ;        1.89;       37.80;'3858886500216';HRANA;        0.00;        0.00
ÈAJ MENTA XXL 40/1 AGRISTAR             ;348932    ;AGRISTAR DOO;        0.06;kg ;        2.09;       34.83;'3858886504023';HRANA;        0.00;        0.00
ÈAJ NARODNI XXL 40/1 AGRISTAR           ;348933    ;AGRISTAR DOO;        0.06;kg ;        2.39;       39.83;'3858886504047';HRANA;        0.00;        0.00
ÈAJ ŠUMSKO VOÆE K.110g MAXI FRANCK      ;351827    ;FRANCK d.d.;        0.11;kg ;        3.79;       34.45;'3858881085695';HRANA;        0.00;        0.00
ÈAJ ZELENI K.70g MAXI FRANCK            ;351828    ;FRANCK d.d.;        0.07;kg ;        3.19;       45.57;'3858881086661';HRANA;        0.00;        0.00
ÈAJ KOMORAÈ FILTER K. 30g OMOT          ;356662    ;FRANCK d.d.;        0.03;kg ;        2.49;       83.00;'3858881086753';HRANA;        0.00;        0.00
ÈAJ KOPRIVA K.30g OMOT FRANCK           ;356759    ;FRANCK d.d.;        0.03;kg ;        2.49;       83.00;'3858881086760';HRANA;        0.00;        0.00
ÈAJ UVIN K.30g OMOT FRANCK              ;356760    ;FRANCK d.d.;        0.03;kg ;        2.49;       83.00;'3850291049786';HRANA;        0.00;        0.00
ÈAJ MAJÈINA DUŠICA K.30g OMOT FRANCK    ;356761    ;FRANCK d.d.;        0.03;kg ;        2.49;       83.00;'3858881086777';HRANA;        0.00;        0.00
PLANINSKI ÈAJ 44g AGRISTAR              ;358598    ;AGRISTAR DOO;        0.04;kg ;        1.89;       42.95;'3858886504085';HRANA;        0.00;        0.00
ÈAJ ZELENI 20/1 AGRISTAR 30g            ;364769    ;AGRISTAR DOO;        0.03;kg ;        1.39;       46.33;'3858886500070';HRANA;        0.00;        0.00
ÈAJ MAL.KUP.VAN.OMOT 50g PODRAVKA       ;385334    ;PODRAVKA d.d. KOPRIVNICA;        0.05;kg ;        2.29;       45.80;'3850104263262';HRANA;        0.00;        0.00
ÈAJ JABUKA-CIMET OMOT 50g PODRAVKA      ;385335    ;PODRAVKA d.d. KOPRIVNICA;        0.05;kg ;        2.29;       45.80;'3850104263064';HRANA;        0.00;        0.00
ÈAJ LIMUN-LIMETA 50g PODRAVKA           ;406801    ;PODRAVKA d.d. KOPRIVNICA;        0.05;kg ;        2.29;       45.80;'3850104267062';HRANA;        0.00;        0.00
ÈAJ UROSAL 30g PODRAVKA                 ;420427    ;PODRAVKA d.d. KOPRIVNICA;        0.03;kg ;        1.26;       42.00;'3850104268007';HRANA;        0.00;        0.00
ÈAJ KAMILICA XXL 40g PODRAVKA           ;451972    ;PODRAVKA d.d. KOPRIVNICA;        0.04;kg ;        2.49;       62.25;'3850104249105';HRANA;        0.00;        0.00
ÈAJ BRUSNICA XXL 80g PODRAVKA           ;451973    ;PODRAVKA d.d. KOPRIVNICA;        0.08;kg ;        3.39;       42.38;'3850104270345';HRANA;        0.00;        0.00
ÈAJ KAMILICA 20g PODRAVKA               ;48688     ;PODRAVKA d.d. KOPRIVNICA;        0.02;kg ;        1.45;       72.50;'3850104072727';HRANA;        0.00;        0.00
ÈAJ ŠIPAK 60g PODRAVKA                  ;48698     ;PODRAVKA d.d. KOPRIVNICA;        0.06;kg ;        1.85;       30.83;'3850104072710';HRANA;        0.00;        0.00
ÈAJ ŠUMSKO VOÆE 60g NATURAVITA          ;506080    ;NATURAVITA     ;        0.06;kg ;        0.00;       26.50;'3858884090573';HRANA;        1.99;        1.59
ÈAJ ŠIPAK HIBISKUS 50g NATURAVITA       ;506082    ;NATURAVITA     ;        0.05;kg ;        0.00;       31.80;'3858884090535';HRANA;        1.99;        1.59
ÈAJ ZELENI MAXI 80g NATURAVITA          ;506085    ;NATURAVITA     ;        0.08;kg ;        2.39;       29.88;'3858884090672';HRANA;        0.00;        0.00
ÈAJ KAMILICA 20g NATURAVITA             ;506086    ;NATURAVITA     ;        0.02;kg ;        1.19;       59.50;'3858884090528';HRANA;        0.00;        0.00
ÈAJ UVIN H FILTER 30g NATURAVITA        ;506087    ;NATURAVITA     ;        0.03;kg ;        1.97;       65.67;'3858884090641';HRANA;        0.00;        0.00
ÈAJ ZELENI S OKUSOM LIMUNA 40g          ;506090    ;NATURAVITA     ;        0.04;kg ;        0.00;       39.75;'3858884090597';HRANA;        1.99;        1.59
ÈAJ METVICA MAXI 60g NATURAVITA         ;506091    ;NATURAVITA     ;        0.06;kg ;        2.39;       39.83;'3858884090665';HRANA;        0.00;        0.00
ÈAJ ZELENI 40g NATURAVITA               ;506093    ;NATURAVITA     ;        0.04;kg ;        0.00;       33.75;'3858884090580';HRANA;        1.69;        1.35
ÈAJ KAMILICA MAXI 40g NATURAVITA        ;506094    ;NATURAVITA     ;        0.04;kg ;        2.39;       59.75;'3858884090689';HRANA;        0.00;        0.00
ÈAJ ŠUMSKO VOÆE MAXI 120g NATURAVITA    ;506095    ;NATURAVITA     ;        0.12;kg ;        2.99;       24.92;'3858884090696';HRANA;        0.00;        0.00
ÈAJ BRUSNICA I NAR MAXI 92g NATURAVITA  ;506096    ;NATURAVITA     ;        0.09;kg ;        2.99;       32.50;'3858884090658';HRANA;        0.00;        0.00
ÈAJ METVICA 30g NATURAVITA              ;506098    ;NATURAVITA     ;        0.03;kg ;        0.00;       39.67;'3858884090542';HRANA;        1.49;        1.19
ÈAJ ZELENI S ÐUMBIROM 40g NATURAVITA    ;506099    ;NATURAVITA     ;        0.04;kg ;        0.00;       39.75;'3858884090603';HRANA;        1.99;        1.59
ÈAJ ŠIPAK S HIBISKUSOM MAXI 100g        ;506103    ;NATURAVITA     ;        0.10;kg ;        2.99;       29.90;'3858884090627';HRANA;        0.00;        0.00
ÈAJ BRUSNICA XXL 40/1 AGRISTAR          ;507934    ;AGRISTAR DOO;        0.06;kg ;        2.99;       49.83;'3858886504658';HRANA;        0.00;        0.00
ÈAJ KOPRIVA LIST AGRISTAR 50g           ;508486    ;AGRISTAR DOO;        0.05;kg ;        0.00;       19.80;'3858886500438';HRANA;        1.29;        0.99
ÈAJ JAGODA-VANILIJA 50g DAR PRIRODE     ;512578    ;ESPRESSO DOO;        0.05;kg ;        1.99;       39.80;'3859892997212';HRANA;        0.00;        0.00
ÈAJ KAMILICA 20g ESPRESSO               ;512581    ;ESPRESSO DOO;        0.02;kg ;        0.65;       32.50;'3859892997380';HRANA;        0.00;        0.00
ÈAJ ŠIPAK 40g ESPRESSO                  ;512582    ;ESPRESSO DOO;        0.04;kg ;        0.80;       20.00;'3859892997397';HRANA;        0.00;        0.00
ÈAJ Š.VOÆE 40g ESPRESSO                 ;515275    ;ESPRESSO DOO;        0.04;kg ;        0.95;       23.75;'3859892997588';HRANA;        0.00;        0.00
ÈAJ BOROVNICA 40g ESPRESSO              ;516751    ;ESPRESSO DOO;        0.04;kg ;        0.99;       24.75;'3859892997595';HRANA;        0.00;        0.00
ÈAJ ZELENI I ÐUMBIR S LIMUNOM 40g AGRIST;520113    ;AGRISTAR DOO;        0.04;kg ;        1.99;       49.75;'3858886504825';HRANA;        0.00;        0.00
ÈAJ KOMORAÈ-ANIS-KIM 40g AGRISTAR       ;520114    ;AGRISTAR DOO;        0.04;kg ;        1.99;       49.75;'3858886504849';HRANA;        0.00;        0.00
ÈAJ KAMILICA ÐUMBIR MED 40g FRANCK      ;520254    ;FRANCK d.d.;        0.04;kg ;        2.49;       62.25;'3858881088306';HRANA;        0.00;        0.00
ÈAJ ÐUMBIR-CIMET-KLINÈIÆ 40g AGRISTAR   ;520794    ;AGRISTAR DOO;        0.04;kg ;        1.99;       49.75;'3858886504832';HRANA;        0.00;        0.00
ÈAJ ŠUMSKO VOÆE XXL PODRAVKA 100g       ;525179    ;PODRAVKA d.d. KOPRIVNICA;        0.10;kg ;        3.39;       33.90;'3856020201531';HRANA;        0.00;        0.00
ÈAJ CRNI-NARANÈA 30g AGRIST.**          ;555904    ;AGRISTAR DOO;        0.03;kg ;        1.33;       44.33;'3858886504993';HRANA;        0.00;        0.00
ÈAJ VRBOVICA 30g AGRISTAR               ;555906    ;AGRISTAR DOO;        0.03;kg ;        1.49;       49.67;'3858886504979';HRANA;        0.00;        0.00
ÈAJ DETOX 40g FRANCK                    ;571037    ;FRANCK d.d.;        0.04;kg ;        2.99;       74.75;'3850291049069';HRANA;        0.00;        0.00
ÈAJ LIMUNSKA TRAVA-ÐUMBIR 40g FRANCK    ;576701    ;FRANCK d.d.;        0.04;kg ;        2.49;       62.25;'3850291050027';HRANA;        0.00;        0.00
ÈAJ ARONIJA 40g DAR PRIRODE             ;578585    ;ESPRESSO DOO;        0.04;kg ;        1.72;       43.00;'3859892997403';HRANA;        0.00;        0.00
ÈAJ ŠUMSKO VOÆE 50g DAR PRIRODE         ;578586    ;ESPRESSO DOO;        0.05;kg ;        1.99;       39.80;'3859892997106';HRANA;        0.00;        0.00
ÈAJ KAMILICA 20g DAR PRIRODE            ;578587    ;ESPRESSO DOO;        0.02;kg ;        1.19;       59.50;'3859892997083';HRANA;        0.00;        0.00
ÈAJ MENTA 26g DAR PRIRODE               ;578589    ;ESPRESSO DOO;        0.03;kg ;        1.19;       39.67;'3859892997113';HRANA;        0.00;        0.00
ÈAJ ÐUMBIR 30g DAR PRIRODE              ;578590    ;ESPRESSO DOO;        0.03;kg ;        1.99;       66.33;'3859892997540';HRANA;        0.00;        0.00
ÈAJ DINARSKI 30g PODRAVKA**             ;579425    ;PODRAVKA d.d. KOPRIVNICA;        0.03;kg ;        2.29;       76.33;'3856020233983';HRANA;        0.00;        0.00
ÈAJ VELEBITSKI 30g PODRAVKA**           ;579426    ;PODRAVKA d.d. KOPRIVNICA;        0.03;kg ;        2.29;       76.33;'3856020233952';HRANA;        0.00;        0.00
ÈAJ KURKUMA-ÐUMBIR 34g AGRISTAR         ;580139    ;AGRISTAR DOO;        0.03;kg ;        1.99;       58.53;'3858886501046';HRANA;        0.00;        0.00
ÈAJ ÐUMBIR LIMUN 20*2,5g NATURAVITA     ;582288    ;NATURAVITA     ;        0.05;kg ;        0.00;       31.80;'3858884091617';HRANA;        2.04;        1.59
ÈAJ NATURAVITA NAR/CIM/KURKUMA 50g      ;583416    ;NATURAVITA     ;        0.05;kg ;        0.00;       31.80;'3858884091600';HRANA;        2.04;        1.59
ÈAJ SAN 40g PODRAVKA                    ;594724    ;PODRAVKA d.d. KOPRIVNICA;        0.04;kg ;        2.69;       67.25;'3850104301278';HRANA;        0.00;        0.00
ÈAJ ÐUMBIR NARANÈA 40g AGRISTAR         ;595787    ;AGRISTAR DOO;        0.04;kg ;        1.99;       49.75;'3858886504801';HRANA;        0.00;        0.00
ÈAJ DETOX NATURAVITA 30g                ;603344    ;NATURAVITA     ;        0.03;kg ;        2.49;       83.00;'3858884092119';HRANA;        0.00;        0.00
ÈAJ SLIM NATURAVITA 30g                 ;603345    ;NATURAVITA     ;        0.03;kg ;        2.49;       83.00;'3858884092126';HRANA;        0.00;        0.00
PAKET ÈAJ USKRSNI 50g + ŠALICA**        ;604549    ;AGRISTAR DOO;        0.05;kg ;        3.39;       67.80;'3858886500063';HRANA;        0.00;        0.00
ÈAJ KAMILICA K.OMOT 20g FRANCK          ;61106     ;FRANCK d.d.;        0.02;kg ;        1.89;       94.50;'3858881082038';HRANA;        0.00;        0.00
ÈAJ MANGO-BRESKVA 50g PODRAVKA          ;612013    ;PODRAVKA d.d. KOPRIVNICA;        0.05;kg ;        2.69;       53.80;'3856020249014';HRANA;        0.00;        0.00
ÈAJ MALINA-BRUSNICA 50g PODRAVKA        ;612015    ;PODRAVKA d.d. KOPRIVNICA;        0.05;kg ;        2.69;       53.80;'3856020249045';HRANA;        0.00;        0.00
ÈAJ DIVLJA JAGODA ACAI 50g PODRAVKA     ;612017    ;PODRAVKA d.d. KOPRIVNICA;        0.05;g  ;        2.69;       53.80;'3856020249076';HRANA;        0.00;        0.00
ÈAJ STRESS FREE NATURAVITA 20*1,5g      ;619395    ;NATURAVITA     ;        0.03;kg ;        2.70;       90.00;'3858884092249';HRANA;        0.00;        0.00
ÈAJ JAGODA-VANILIJA 20X2,5g NATURAVITA  ;619399    ;NATURAVITA     ;        0.05;kg ;        0.00;       31.80;'3858884092232';HRANA;        1.99;        1.59
ÈAJ KAMILICA 22g TEEKANNE               ;627485    ;TEEKANNE       ;        0.02;kg ;        1.75;       79.55;'5901086400119';HRANA;        0.00;        0.00
ÈAJ ŠIPAK 54g TEEKANNE                  ;627486    ;TEEKANNE       ;        0.05;kg ;        2.15;       39.81;'5901086000098';HRANA;        0.00;        0.00
ÈAJ BRONHO 24g PODRAVKA                 ;638243    ;PODRAVKA d.d. KOPRIVNICA;        0.02;kg ;        2.69;      112.08;'3856020252960';HRANA;        0.00;        0.00
ÈAJ IMUNO 50g PODRAVKA                  ;638244    ;PODRAVKA d.d. KOPRIVNICA;        0.05;kg ;        2.69;       53.80;'3838700168181';HRANA;        0.00;        0.00
ÈAJ MARELICA 60g OMOT FRANCK            ;64487     ;FRANCK d.d.;        0.06;kg ;        2.49;       41.50;'3858881082076';HRANA;        0.00;        0.00
ÈAJ INDIJSKI 30g OMOT FRANCK            ;64489     ;FRANCK d.d.;        0.03;kg ;        2.19;       73.00;'3858881082045';HRANA;        0.00;        0.00
ÈAJ KAMILICA CVIJET 50g AGRISTAR        ;648178    ;AGRISTAR DOO;        0.05;kg ;        0.00;       31.80;'3858886500971';HRANA;        1.99;        1.59
ÈAJ VRBOVICA BILJKA 50g AGRISTAR        ;648667    ;AGRISTAR DOO;        0.05;kg ;        1.79;       35.80;'3858886500988';HRANA;        0.00;        0.00
ÈAJ TEEKANNE WINTER MAGIC 30/1          ;649499    ;FILIR D.O.O.;        0.07;kg ;        3.89;       54.79;'5901086075317';HRANA;        0.00;        0.00
ÈAJ CIMET FANTAZIJA XXL 100g**          ;650697    ;AGRISTAR DOO;        0.10;kg ;        2.99;       29.90;'3858886509615';HRANA;        0.00;        0.00
ÈAJ PLANINSKI K.35g OMOT FRANCK         ;650791    ;FRANCK d.d.;        0.04;kg ;        2.49;       71.14;'3850291055527';HRANA;        0.00;        0.00
ÈAJ BRUSNICA OMOT 52g FRANCK            ;651291    ;FRANCK d.d.;        0.05;kg ;        2.49;       47.88;'3850291055428';HRANA;        0.00;        0.00
ÈAJ MENTA KUT.26g FRANCK                ;651585    ;FRANCK d.d.;        0.03;kg ;        1.79;       68.85;'3850291055411';HRANA;        0.00;        0.00
ÈAJ MENTA OMOT 26g FRANCK               ;651587    ;FRANCK d.d.;        0.03;kg ;        1.89;       72.69;'3850291055510';HRANA;        0.00;        0.00
ÈAJ MENTA MAXI 52g FRANCK               ;651588    ;FRANCK d.d.;        0.05;kg ;        2.79;       55.80;'3850291055435';HRANA;        0.00;        0.00
ÈAJ BRUSNICA K.104g MAXI FRANCK         ;651589    ;FRANCK d.d.;        0.10;kg ;        3.79;       36.44;'3850291055404';HRANA;        0.00;        0.00
ÈAJ JABUKA CIMET 60g NATURAVITA         ;651735    ;NATURAVITA     ;        0.06;kg ;        0.00;       29.17;'3858884092270';HRANA;        2.19;        1.75
ÈAJ STOLISNIK BILJKA 50g AGRISTAR       ;653756    ;AGRISTAR DOO;        0.05;kg ;        1.69;       33.80;'3858886500100';HRANA;        0.00;        0.00
ÈAJ ÈAROBNI VINOGRAD 50g                ;663284    ;PODRAVKA d.d. KOPRIVNICA;        0.05;kg ;        2.69;       53.80;'3838700393446';HRANA;        0.00;        0.00
ÈAJ OÈARAVAJUÆI VOÆNJAK 50g             ;663285    ;PODRAVKA d.d. KOPRIVNICA;        0.05;kg ;        2.69;       53.80;'3838700393439';HRANA;        0.00;        0.00
ÈAJ ZELENI MENTA 35g OMOT FRANCK        ;663350    ;FRANCK d.d.;        0.04;kg ;        2.29;       65.43;'3850291056241';HRANA;        0.00;        0.00
ÈAJ ZELENI ŠUMSKO V.35g OMOT FRANCK     ;663351    ;FRANCK d.d.;        0.04;kg ;        2.29;       65.43;'3850291055947';HRANA;        0.00;        0.00
ADVENTSKI KALENDAR AGRISTAR             ;664137    ;AGRISTAR DOO;        0.00;   ;        9.99;        0.00;'3858886508212';HRANA;        0.00;        0.00
PERŠIN SUŠENI LISTIÆI 150g ŠAFRAM       ;08863     ;ŠAFRAM D.O.O. ZAGREB;        0.15;kg ;        3.18;       21.20;'3859890104063';HRANA;        0.00;        0.00
PAPRIKA LJUTA 500g ŠAFRAM               ;137950    ;ŠAFRAM D.O.O. ZAGREB;        0.50;kg ;        8.29;       16.58;'3859890104124';HRANA;        0.00;        0.00
PAPRIKA SLATKA 500g ŠAFRAM              ;137969    ;ŠAFRAM D.O.O. ZAGREB;        0.50;kg ;        8.29;       16.58;'3859890104117';HRANA;        0.00;        0.00
PIMENT MLJEVENI 15g ŠAFRAM              ;138515    ;ŠAFRAM D.O.O. ZAGREB;        0.02;kg ;        0.61;       40.67;'3859890104254';HRANA;        0.00;        0.00
KLINÈIÆ CIJELI 20g ŠAFRAM               ;183516    ;ŠAFRAM D.O.O. ZAGREB;        0.02;kg ;        1.26;       63.00;'3859890104247';HRANA;        0.00;        0.00
CIMET U KORI 20g ŠAFRAM                 ;183517    ;ŠAFRAM D.O.O. ZAGREB;        0.02;kg ;        0.90;       45.00;'3859890104261';HRANA;        0.00;        0.00
ZAÈIN ZA DOMAÆU KOBAS.100g DERMA        ;19152     ;DERMA d.d. VARAŽDIN;        0.10;kg ;        1.69;       16.90;'3858881730700';HRANA;        0.00;        0.00
ZAÈIN ZA KRVAVICE 100g DERMA            ;19153     ;DERMA d.d. VARAŽDIN;        0.10;kg ;        2.59;       25.90;'3858881730694';HRANA;        0.00;        0.00
PAPRIKA SLATKA 50g ŠAFRAM               ;208464    ;ŠAFRAM D.O.O. ZAGREB;        0.05;kg ;        0.99;       19.80;'3859890104193';HRANA;        0.00;        0.00
LOVOROV LIST 50g ŠAFRAM                 ;249057    ;ŠAFRAM D.O.O. ZAGREB;        0.05;kg ;        1.86;       37.20;'3859890104162';HRANA;        0.00;        0.00
ZAÈIN ZA DOM.SLAV.KOB.S ÈEŠ.170g FAMI   ;285483    ;PROTECT PHARMA DOO;        0.17;kg ;        1.90;       11.18;'3858883733808';HRANA;        0.00;        0.00
ZAÈIN ZA DOM.SLAV.KOBASICE 170g FAMI    ;286904    ;PROTECT PHARMA DOO;        0.17;kg ;        1.90;       11.18;'3858883733815';HRANA;        0.00;        0.00
ZAÈIN ZA KULEN 180g FAMI                ;287770    ;PROTECT PHARMA DOO;        0.18;kg ;        1.90;       10.56;'3858883733822';HRANA;        0.00;        0.00
PAPRIKA SLATKA 100g ŠAFRAM              ;32216     ;ŠAFRAM D.O.O. ZAGREB;        0.10;kg ;        1.25;       12.50;'3859888163065';HRANA;        0.00;        0.00
PAPRIKA SLATKA 200g ŠAFRAM              ;32217     ;ŠAFRAM D.O.O. ZAGREB;        0.20;kg ;        0.00;       10.95;'3859888163072';HRANA;        3.19;        2.19
PAPRIKA LJUTA 100g ŠAFRAM               ;32218     ;ŠAFRAM D.O.O. ZAGREB;        0.10;kg ;        1.25;       12.50;'3859888163058';HRANA;        0.00;        0.00
PAPAR MLJEVENI 100g ŠAFRAM              ;32219     ;ŠAFRAM D.O.O. ZAGREB;        0.10;kg ;        2.29;       22.90;'3859888163034';HRANA;        0.00;        0.00
PAPRIKA DELIKATES 100g ŠAFRAM           ;32291     ;ŠAFRAM D.O.O. ZAGREB;        0.10;kg ;        1.99;       19.90;'3859888163317';HRANA;        0.00;        0.00
PAPAR MLJEVENI 50g ŠAFRAM               ;32292     ;ŠAFRAM D.O.O. ZAGREB;        0.05;kg ;        1.72;       34.40;'3859888163089';HRANA;        0.00;        0.00
PAPAR ZRNO 50g ŠAFRAM                   ;33019     ;ŠAFRAM D.O.O. ZAGREB;        0.05;kg ;        1.99;       39.80;'3859888163119';HRANA;        0.00;        0.00
PAPRIKA SLATKA 1/1 ŠAFRAM SEZONA        ;34338     ;ŠAFRAM D.O.O. ZAGREB;        1.00;kg ;       13.99;       13.99;'3859888163041';HRANA;        0.00;        0.00
PAPAR MLJEVENI 1/1 ŠAFRAM               ;34339     ;ŠAFRAM D.O.O. ZAGREB;        1.00;kg ;       19.91;       19.91;'3859888163027';HRANA;        0.00;        0.00
ÈEŠNJAK GRANULAT 28g KOTANYI            ;34427     ;KOTANYI D.O.O. ZAGREB;        0.03;kg ;        1.29;       46.07;'9001414015261';HRANA;        0.00;        0.00
LOVOROV LIST 5g KOTANYI                 ;34431     ;KOTANYI D.O.O. ZAGREB;        0.01;kg ;        0.99;      198.00;'9001414015346';HRANA;        0.00;        0.00
ORIGANO USITNJENI 8g KOTANYI            ;34435     ;KOTANYI D.O.O. ZAGREB;        0.01;kg ;        0.99;      123.75;'9001414015421';HRANA;        0.00;        0.00
PERŠIN 7g KOTANYI                       ;34436     ;KOTANYI D.O.O. ZAGREB;        0.01;kg ;        0.99;      141.43;'9001414015445';HRANA;        0.00;        0.00
MAJÈINA DUŠICA 14g KOTANY               ;34438     ;KOTANYI D.O.O. ZAGREB;        0.01;kg ;        0.99;       70.71;'9001414015599';HRANA;        0.00;        0.00
CIMET MLJEVENI 25g KOTANYI              ;34440     ;KOTANYI D.O.O. ZAGREB;        0.03;kg ;        1.29;       51.60;'9001414015650';HRANA;        0.00;        0.00
BOSILJAK MRVLJENI 9g KOTANYI            ;34442     ;KOTANYI D.O.O. ZAGREB;        0.01;kg ;        0.99;      110.00;'9001414018002';HRANA;        0.00;        0.00
MEDENJACI 27g KOTANYI                   ;34450     ;KOTANYI D.O.O. ZAGREB;        0.03;kg ;        1.29;       47.78;'9001414015223';HRANA;        0.00;        0.00
ZAÈIN ZA SALATU 16g KOTANYI             ;34456     ;KOTANYI D.O.O. ZAGREB;        0.02;kg ;        1.09;       68.13;'9001414016022';HRANA;        0.00;        0.00
PAPAR MLJEVENI 10g ŠAFRAM               ;36917     ;ŠAFRAM D.O.O. ZAGREB;        0.01;kg ;        0.49;       49.00;'3859888163096';HRANA;        0.00;        0.00
CIMET 10g MLJEV.ŠAFRAM                  ;36924     ;ŠAFRAM D.O.O. ZAGREB;        0.01;kg ;        0.39;       39.00;'3859888163300';HRANA;        0.00;        0.00
LOVOR LIST 10g ŠAFRAM                   ;39247     ;ŠAFRAM D.O.O. ZAGREB;        0.01;kg ;        0.65;       65.00;'3859888163690';HRANA;        0.00;        0.00
ORIGANO USITNJENI 16g ST.ŠAFRAM         ;411847    ;ŠAFRAM D.O.O. ZAGREB;        0.02;kg ;        1.26;       78.75;'3859892109127';HRANA;        0.00;        0.00
PAPAR ŠARENA MJEŠAVINA MLINAC 40g ŠAFRAM;411849    ;ŠAFRAM D.O.O. ZAGREB;        0.04;kg ;        3.05;       76.25;'3859892109110';HRANA;        0.00;        0.00
CIMET MLJEVENI 50g ST.ŠAFRAM            ;411850    ;ŠAFRAM D.O.O. ZAGREB;        0.05;kg ;        1.39;       27.80;'3859892109141';HRANA;        0.00;        0.00
BOSILJAK USITNJENI 15g ST ŠAFRAM        ;413477    ;ŠAFRAM D.O.O. ZAGREB;        0.02;kg ;        1.26;       84.00;'3859892109172';HRANA;        0.00;        0.00
CURRY 40g STAKLO ŠAFRAM                 ;413478    ;ŠAFRAM D.O.O. ZAGREB;        0.04;kg ;        1.72;       43.00;'3859892109189';HRANA;        0.00;        0.00
KURKUMA 50g ST ŠAFRAM                   ;413479    ;ŠAFRAM D.O.O. ZAGREB;        0.05;kg ;        1.72;       34.40;'3859892109196';HRANA;        0.00;        0.00
KOPAR USITNJENI 16g ST ŠAFRAM           ;413481    ;ŠAFRAM D.O.O. ZAGREB;        0.02;kg ;        1.39;       86.88;'3859892109219';HRANA;        0.00;        0.00
RUŽMARIN CIJELI 35g ST ŠAFRAM           ;413482    ;ŠAFRAM D.O.O. ZAGREB;        0.04;kg ;        1.26;       36.00;'3859892109226';HRANA;        0.00;        0.00
ÈEŠNJAK U GRANULAMA 70g ST ŠAFRAM       ;413484    ;ŠAFRAM D.O.O. ZAGREB;        0.07;kg ;        1.99;       28.43;'3859892109257';HRANA;        0.00;        0.00
PAPAR CRNI ZRNO 40g MLIN ŠAFRAM         ;413485    ;ŠAFRAM D.O.O. ZAGREB;        0.04;kg ;        2.52;       63.00;'3859892109103';HRANA;        0.00;        0.00
ÐUMBIR MLJEVENI 40g ST ŠAFRAM           ;435342    ;ŠAFRAM D.O.O. ZAGREB;        0.04;kg ;        1.72;       43.00;'3859892109271';HRANA;        0.00;        0.00
PAPRIKA SLATKA 100g PET ŠAFRAM          ;449026    ;ŠAFRAM D.O.O. ZAGREB;        0.10;kg ;        1.72;       17.20;'3859892109363';HRANA;        0.00;        0.00
KUHANO VINO 35g KOTANYI                 ;45598     ;KOTANYI D.O.O. ZAGREB;        0.04;kg ;        1.29;       36.86;'9001414017982';HRANA;        0.00;        0.00
LOVOR 20g DERMA                         ;48786     ;DERMA d.d. VARAŽDIN;        0.02;kg ;        1.09;       54.50;'3858881730618';HRANA;        0.00;        0.00
PAPAR ZELENI ZRNO 12g KOTANYI           ;49957     ;KOTANYI D.O.O. ZAGREB;        0.01;kg ;        1.49;      124.17;'9001414010075';HRANA;        0.00;        0.00
PAPAR ŠARENI MLINAC 40g PODRAVKA        ;502182    ;PODRAVKA d.d. KOPRIVNICA;        0.04;kg ;        4.19;      104.75;'3850104294730';HRANA;        0.00;        0.00
CIMET MLJEVENI 30g DERMA                ;505969    ;DERMA d.d. VARAŽDIN;        0.03;kg ;        0.89;       29.67;'3858881735408';HRANA;        0.00;        0.00
CIMET MLJEVENI 70g DERMA                ;505970    ;DERMA d.d. VARAŽDIN;        0.07;kg ;        1.59;       22.71;'3858881735415';HRANA;        0.00;        0.00
HIMALAJSKA SOL SITNA 250g PET           ;514134    ;ŠAFRAM D.O.O. ZAGREB;        0.25;kg ;        2.25;        9.00;'3859892109394';HRANA;        0.00;        0.00
GORUŠICA 10g DERMA                      ;514554    ;DERMA d.d. VARAŽDIN;        0.01;kg ;        0.19;       19.00;'3858881735132';HRANA;        0.00;        0.00
PAPAR MLJEVENI 70g DERMA                ;516479    ;DERMA d.d. VARAŽDIN;        0.07;kg ;        0.00;       16.43;'3858881735453';HRANA;        1.69;        1.15
PAPAR CRNI ZRNO 70g DERMA               ;516736    ;DERMA d.d. VARAŽDIN;        0.07;kg ;        2.49;       35.57;'3858881735477';HRANA;        0.00;        0.00
ÈEŠNJAK GRANULAT 70g DERMA              ;516737    ;DERMA d.d. VARAŽDIN;        0.07;kg ;        1.99;       28.43;'3858881735439';HRANA;        0.00;        0.00
ORIGANO 30g DERMA                       ;517497    ;DERMA d.d. VARAŽDIN;        0.03;kg ;        0.99;       33.00;'3858881735507';HRANA;        0.00;        0.00
ÈEŠNJAK U PRAHU 30g DERMA               ;518280    ;DERMA d.d. VARAŽDIN;        0.03;kg ;        0.00;       21.67;'3858881735767';HRANA;        0.99;        0.65
PAPAR CRNI ZRNO 30g DERMA               ;518359    ;DERMA d.d. VARAŽDIN;        0.03;kg ;        1.29;       43.00;'3858881735460';HRANA;        0.00;        0.00
PAPAR CRNI MLJEVENI 30g DERMA           ;520979    ;DERMA d.d. VARAŽDIN;        0.03;kg ;        0.89;       29.67;'3858881735446';HRANA;        0.00;        0.00
PERŠIN USITNJENI 7g PODRAVKA            ;538317    ;PODRAVKA d.d. KOPRIVNICA;        0.01;kg ;        0.89;      127.14;'3850104294549';HRANA;        0.00;        0.00
VLASAC SJECKANI 3g PODRAVKA             ;538319    ;PODRAVKA d.d. KOPRIVNICA;        0.00;kg ;        0.89;      296.67;'3850104294525';HRANA;        0.00;        0.00
PAPRIKA SLATKA MLJEVENA 100g PODRAVKA   ;538322    ;PODRAVKA d.d. KOPRIVNICA;        0.10;kg ;        1.69;       16.90;'3850104294631';HRANA;        0.00;        0.00
ÈEŠNJAK GRANULE 25g PODRAVKA            ;538326    ;PODRAVKA d.d. KOPRIVNICA;        0.03;kg ;        0.99;       39.60;'3850104294440';HRANA;        0.00;        0.00
LOVOROV LIST 5g PODRAVKA                ;538327    ;PODRAVKA d.d. KOPRIVNICA;        0.01;kg ;        0.89;      178.00;'3850104294457';HRANA;        0.00;        0.00
ORIGANO USITNJENI 5g PODRAVKA           ;538328    ;PODRAVKA d.d. KOPRIVNICA;        0.01;kg ;        0.89;      178.00;'3850104294570';HRANA;        0.00;        0.00
PAPAR CRNI MLJEVENI 100g PODRAVKA       ;538329    ;PODRAVKA d.d. KOPRIVNICA;        0.10;kg ;        3.59;       35.90;'3850104294617';HRANA;        0.00;        0.00
ÈEŠNJAK GRANULAT 30g DERMA              ;539120    ;DERMA d.d. VARAŽDIN;        0.03;kg ;        0.79;       26.33;'3858881735422';HRANA;        0.00;        0.00
PAPRIKA LJUTA MLJEVENA 100g PODRAVKA    ;553473    ;PODRAVKA d.d. KOPRIVNICA;        0.10;kg ;        1.69;       16.90;'3850104294624';HRANA;        0.00;        0.00
PAPAR BIJELI MLJEVENI 70g DERMA         ;563472    ;DERMA d.d. VARAŽDIN;        0.07;kg ;        2.25;       32.14;'3858881735491';HRANA;        0.00;        0.00
BOSILJAK USITNJENI 7g ŠAFRAM            ;563821    ;ŠAFRAM D.O.O. ZAGREB;        0.01;kg ;        0.60;       85.71;'3859892109332';HRANA;        0.00;        0.00
MAŽURAN USITNJENI 5g ŠAFRAM             ;563822    ;ŠAFRAM D.O.O. ZAGREB;        0.01;kg ;        0.60;      120.00;'3859893282119';HRANA;        0.00;        0.00
VLASAC SJECKANI 5g ŠAFRAM               ;563823    ;ŠAFRAM D.O.O. ZAGREB;        0.01;kg ;        0.60;      120.00;'3859893282041';HRANA;        0.00;        0.00
PAPAR ŠARENA MJEŠAVINA 20g ŠAFRAM       ;563824    ;ŠAFRAM D.O.O. ZAGREB;        0.02;kg ;        0.93;       46.50;'3859892109349';HRANA;        0.00;        0.00
PAPRIKA DIMLJENA SL.MLJEV.40g ŠAFRAM    ;563825    ;ŠAFRAM D.O.O. ZAGREB;        0.04;kg ;        0.86;       21.50;'3859893282126';HRANA;        0.00;        0.00
CURRY MJEŠAVINA ZAÈINA 25g ŠAFRAM       ;563827    ;ŠAFRAM D.O.O. ZAGREB;        0.03;kg ;        0.60;       24.00;'3859893282065';HRANA;        0.00;        0.00
ÐUMBIR MLJEVENI 20g ŠAFRAM              ;563828    ;ŠAFRAM D.O.O. ZAGREB;        0.02;kg ;        0.60;       30.00;'3859893282072';HRANA;        0.00;        0.00
KURKUMA MLJEVENA 30g ŠAFRAM             ;563830    ;ŠAFRAM D.O.O. ZAGREB;        0.03;kg ;        0.60;       20.00;'3859892109356';HRANA;        0.00;        0.00
DALMATINSKA MJEŠ.ZAÈINA 14g ŠAFRAM      ;563831    ;ŠAFRAM D.O.O. ZAGREB;        0.01;kg ;        0.60;       42.86;'3859893282096';HRANA;        0.00;        0.00
KOPAR USITNJENI 10g ŠAFRAM              ;563832    ;ŠAFRAM D.O.O. ZAGREB;        0.01;kg ;        0.60;       60.00;'3859893282133';HRANA;        0.00;        0.00
MUŠKATNI ORAŠÈIÆ MLJEVENI 15g ŠAFRAM    ;563833    ;ŠAFRAM D.O.O. ZAGREB;        0.02;kg ;        0.97;       64.67;'3859893282102';HRANA;        0.00;        0.00
VLASAC 5g KOTANYI                       ;56791     ;KOTANYI D.O.O. ZAGREB;        0.01;kg ;        0.99;      198.00;'9001414015568';HRANA;        0.00;        0.00
CAYENNE PAPAR 38g KOTANYI STAKLO        ;56798     ;KOTANYI D.O.O. ZAGREB;        0.04;kg ;        2.39;       62.89;'9001414040089';HRANA;        0.00;        0.00
CHILI U PRAHU 50g BOÈICA KOTANYI        ;56800     ;KOTANYI D.O.O. ZAGREB;        0.05;kg ;        2.39;       47.80;'9001414040102';HRANA;        0.00;        0.00
ORIGANO 150g ŠAFRAM                     ;57790     ;ŠAFRAM D.O.O. ZAGREB;        0.15;kg ;        2.92;       19.47;'3859888163225';HRANA;        0.00;        0.00
ORIGANO 5g ŠAFRAM                       ;58259     ;ŠAFRAM D.O.O. ZAGREB;        0.01;kg ;        0.40;       80.00;'3859888163140';HRANA;        0.00;        0.00
PAPRIKA SLATKA MLJEVENA 200g PODRAVKA   ;588348    ;PODRAVKA d.d. KOPRIVNICA;        0.20;kg ;        2.99;       14.95;'3850104294648';HRANA;        0.00;        0.00
BOSILJAK USITNJENI 5g PODRAVKA          ;593167    ;PODRAVKA d.d. KOPRIVNICA;        0.01;kg ;        0.89;      178.00;'3850104294563';HRANA;        0.00;        0.00
MAJÈINA DUŠICA 15g PODRAVKA             ;593168    ;PODRAVKA d.d. KOPRIVNICA;        0.02;kg ;        0.89;       59.33;'3850104294396';HRANA;        0.00;        0.00
KIM 10g ŠAFRAM                          ;59757     ;ŠAFRAM D.O.O. ZAGREB;        0.01;kg ;        0.40;       40.00;'3859888163133';HRANA;        0.00;        0.00
PAPAR CRNI ZRNO MLINAC 42g PODRAVKA     ;606445    ;PODRAVKA d.d. KOPRIVNICA;        0.04;kg ;        4.19;       99.76;'3856020233051';HRANA;        0.00;        0.00
PAPAR ŠARENI U ZRNU 14g PODRAVKA        ;617455    ;PODRAVKA d.d. KOPRIVNICA;        0.01;kg ;        1.49;      106.43;'3856020202644';HRANA;        0.00;        0.00
KURKUMA 110g PODRAVKA                   ;627198    ;PODRAVKA d.d. KOPRIVNICA;        0.11;kg ;        2.69;       24.45;'3856020256326';HRANA;        0.00;        0.00
PAPRIKA SLATKA EXTRA 100g PL ŠAFRAM     ;632587    ;ŠAFRAM D.O.O. ZAGREB;        0.10;kg ;        0.87;        8.70;'3859892109868';HRANA;        0.00;        0.00
PAPAR MLJEVENI EXTRA 100g PL ŠAFRAM     ;632588    ;ŠAFRAM D.O.O. ZAGREB;        0.10;kg ;        1.26;       12.60;'3859892109929';HRANA;        0.00;        0.00
PAPAR ZRNO 50g PODRAVKA                 ;643615    ;PODRAVKA d.d. KOPRIVNICA;        0.05;kg ;        2.39;       47.80;'3856020202071';HRANA;        0.00;        0.00
MIX ZAÈINA ZA GIN TONIC 15g AGRISTAR    ;644199    ;AGRISTAR DOO;        0.02;kg ;        2.79;      186.00;'3858886506133';HRANA;        0.00;        0.00
PAPRIKA SLATKA DIMLJENA 120g PODRAVKA   ;651458    ;PODRAVKA d.d. KOPRIVNICA;        0.12;kg ;        2.49;       20.75;'3856020276416';HRANA;        0.00;        0.00
PAPAR CRNI MLJEVENI 50g PODRAVKA        ;653610    ;PODRAVKA d.d. KOPRIVNICA;        0.05;kg ;        2.29;       45.80;'3850104294822';HRANA;        0.00;        0.00
PAPRIKA EXTRA LJUTA 100g ŠAFRAM         ;657126    ;ŠAFRAM D.O.O. ZAGREB;        0.10;kg ;        1.79;       17.90;'3858893691471';HRANA;        0.00;        0.00
KUMIN CIJELI 100g ŠAFRAM                ;657128    ;ŠAFRAM D.O.O. ZAGREB;        0.10;kg ;        2.29;       22.90;'3858893691464';HRANA;        0.00;        0.00
KORIJANDER MLJEVENI 100g ŠAFRAM         ;657132    ;ŠAFRAM D.O.O. ZAGREB;        0.10;kg ;        0.99;        9.90;'3858893691495';HRANA;        0.00;        0.00
LUK PRŽENI CRVENI 70g ŠAFRAM            ;657134    ;ŠAFRAM D.O.O. ZAGREB;        0.07;kg ;        1.29;       18.43;'3858893691501';HRANA;        0.00;        0.00
KOPAR 11g KOTANYI                       ;74026     ;KOTANYI D.O.O. ZAGREB;        0.01;kg ;        0.99;       90.00;'9001414015100';HRANA;        0.00;        0.00
PAPAR ŠARENI ZRNO MLINAC 35g KOTANYI    ;74029     ;KOTANYI D.O.O. ZAGREB;        0.04;kg ;        4.29;      122.57;'9001414041130';HRANA;        0.00;        0.00
PAPAR CRNI ZRNO MLINAC 36g KOTANYI      ;74030     ;KOTANYI D.O.O. ZAGREB;        0.04;kg ;        4.29;      119.17;'9001414041116';HRANA;        0.00;        0.00
CHILI S MORSKOM SOLI MLINAC 35g KOTANYI ;74031     ;KOTANYI D.O.O. ZAGREB;        0.04;kg ;        3.99;      114.00;'9001414041154';HRANA;        0.00;        0.00
PAPRIKA LJUTA TUCANA 50g ŠAFRAM         ;78012     ;ŠAFRAM D.O.O. ZAGREB;        0.05;kg ;        0.00;       13.80;'3859888163287';HRANA;        1.09;        0.69
PAPRIKA ÈILI LJUTA MLJEV.25g ŠAFRAM     ;78013     ;ŠAFRAM D.O.O. ZAGREB;        0.03;kg ;        0.69;       27.60;'3859888163256';HRANA;        0.00;        0.00
PERŠIN SUŠENI 7g ŠAFRAM                 ;78328     ;ŠAFRAM D.O.O. ZAGREB;        0.01;kg ;        0.52;       74.29;'3859888163263';HRANA;        0.00;        0.00
ÈEŠNJAK U GRANULAMA 30g ŠAFRAM          ;78329     ;ŠAFRAM D.O.O. ZAGREB;        0.03;kg ;        0.80;       26.67;'3859888163270';HRANA;        0.00;        0.00
PAPAR ZRNO 10g ŠAFRAM                   ;87512     ;ŠAFRAM D.O.O. ZAGREB;        0.01;kg ;        0.60;       60.00;'3859888163850';HRANA;        0.00;        0.00
JUBILARNA KAVA 250g VAC.FRANCK          ;01379     ;FRANCK d.d.;        0.25;kg ;        5.39;       21.56;'3858881080263';HRANA;        0.00;        0.00
JUBILARNA KAVA ZA FILTER AP.250g        ;02245     ;FRANCK d.d.;        0.25;kg ;        7.79;       31.16;'3858881080270';HRANA;        0.00;        0.00
BARCAFFE 100g                           ;08679     ;BARCAFFE       ;        0.10;kg ;        2.69;       26.90;'3838975531628';HRANA;        0.00;        0.00
JUBILARNA MLJ.VAC.250g BEZ KOFEINA      ;16882     ;FRANCK d.d.;        0.25;kg ;        7.79;       31.16;'3858881080225';HRANA;        0.00;        0.00
ARABESCA MLJ.KAVA 250g                  ;274047    ;ARABESCA D.O.O.;        0.25;kg ;        4.69;       18.76;'3859889500043';HRANA;        0.00;        0.00
GLORIA KAVA 250g FRANCK                 ;286178    ;FRANCK d.d.;        0.25;kg ;        5.09;       20.36;'3858881084872';HRANA;        0.00;        0.00
ARABESCA MLJEVENA KAVA 100g             ;322541    ;ARABESCA D.O.O.;        0.10;kg ;        2.20;       22.00;'3859889500067';HRANA;        0.00;        0.00
JUBILARNA MLJEV.VAK.500g                ;32680     ;FRANCK d.d.;        0.50;kg ;       10.19;       20.38;'3858881080072';HRANA;        0.00;        0.00
ARABESCA MLJEVENA KAVA 200g             ;334212    ;ARABESCA D.O.O.;        0.20;kg ;        4.29;       21.45;'3859889500074';HRANA;        0.00;        0.00
JUBILARNA MLJEVENA KAVA 400g            ;353247    ;FRANCK d.d.;        0.40;kg ;        8.29;       20.73;'3858881085596';HRANA;        0.00;        0.00
JUBILARNA MLJEVENA KAVA 175g            ;353476    ;FRANCK d.d.;        0.18;kg ;        4.39;       25.09;'3858881085589';HRANA;        0.00;        0.00
GLORIA KAVA MLJEVENA 175g FRANCK        ;353738    ;FRANCK d.d.;        0.18;kg ;        4.09;       23.37;'3858881085602';HRANA;        0.00;        0.00
GLORIA MLJEVENA KAVA 400g FRANCK        ;353740    ;FRANCK d.d.;        0.40;kg ;        7.79;       19.48;'3850291052380';HRANA;        0.00;        0.00
ARABESCA MLJEVENA KAVA 400g             ;368725    ;ARABESCA D.O.O.;        0.40;kg ;        0.00;       16.23;'3858886801917';HRANA;        7.99;        6.49
BARCAFFE CLASSIC 250g VAC**             ;375039    ;BARCAFFE       ;        0.25;kg ;        5.29;       21.16;'3838975531703';HRANA;        0.00;        0.00
BARCAFFE MLJ.KAVA 500g                  ;380079    ;BARCAFFE       ;        0.50;kg ;       10.99;       21.98;'3838471021272';HRANA;        0.00;        0.00
KAVA MLJ.400g F.O. SANTAMARIA           ;385171    ;ANAMARIA COMPANY D.O.O;        0.40;kg ;        7.29;       18.23;'3858881773202';HRANA;        0.00;        0.00
ARABESCA MLJEVENA KAVA 175g             ;385228    ;ARABESCA D.O.O.;        0.18;kg ;        3.79;       21.66;'3858886801924';HRANA;        0.00;        0.00
BARCAFE MLJEVENA KAVA 175g              ;385263    ;BARCAFFE       ;        0.18;kg ;        4.59;       26.23;'3838471022699';HRANA;        0.00;        0.00
KAVA MLJEVENA ZLATNA DŽEZVA 200g        ;415928    ;POHIT d.o.o.;        0.20;kg ;        4.29;       21.45;'3870007014303';HRANA;        0.00;        0.00
KAVA MLJEVENA KAVIANA 500g              ;426882    ;ANAMARIA COMPANY D.O.O;        0.50;kg ;        6.79;       13.58;'3858881774438';HRANA;        0.00;        0.00
KAVA MLJEVENA KAVIANA 200g              ;427006    ;ANAMARIA COMPANY D.O.O;        0.20;kg ;        3.33;       16.65;'3858881774445';HRANA;        0.00;        0.00
BARCAFFE BLACK&EASY 8g                  ;442481    ;BARCAFFE       ;        0.01;kg ;        0.40;       50.00;'3838471028844';HRANA;        0.00;        0.00
KAVA MLJEVENA CREMA 175g FRANCK         ;452209    ;FRANCK d.d.;        0.18;kg ;        4.39;       25.09;'3858881087637';HRANA;        0.00;        0.00
KAVA MLJEVENA CREMA 250g VAK. FRANCK    ;452210    ;FRANCK d.d.;        0.25;kg ;        5.39;       21.56;'3858881087644';HRANA;        0.00;        0.00
KAVA MLJ.CREMA 9g                       ;501175    ;FRANCK d.d.;        0.01;kg ;        0.45;       50.00;'3858881087866';HRANA;        0.00;        0.00
BARCAFFE BLACK&EASY SUGAR 11g           ;510874    ;BARCAFFE       ;        0.01;kg ;        0.40;       36.36;'3838471030359';HRANA;        0.00;        0.00
KAVA MLJEVENA 400g ANAMARIJA            ;517495    ;ANAMARIA COMPANY D.O.O;        0.40;kg ;        0.00;       14.98;'3858881775275';HRANA;        7.79;        5.99
KAVA MLJ.500g F.O.ANAMAR.               ;52014     ;ANAMARIA COMPANY D.O.O;        0.50;kg ;        9.29;       18.58;'3858881770034';HRANA;        0.00;        0.00
KAVA MLJ.250g F.O.ANAMAR.               ;52015     ;ANAMARIA COMPANY D.O.O;        0.25;kg ;        4.99;       19.96;'3858881770027';HRANA;        0.00;        0.00
BARCAFFE MLJEVENA KAVA 400g             ;540573    ;BARCAFFE       ;        0.40;kg ;        8.99;       22.48;'3838471032308';HRANA;        0.00;        0.00
KAVA MLJEVENA ANAMARIA XXL 600g         ;556496    ;ANAMARIA COMPANY D.O.O;        0.60;kg ;       11.79;       19.65;'3858881775060';HRANA;        0.00;        0.00
KAVA JUBILARNA INTENSE 250g FR          ;556514    ;FRANCK d.d.;        0.25;kg ;        5.39;       21.56;'3858881088641';HRANA;        0.00;        0.00
KAVA JUBILARNA SENSUAL 250g FRA         ;556515    ;FRANCK d.d.;        0.25;kg ;        5.39;       21.56;'3858881088658';HRANA;        0.00;        0.00
KAVA MLJEVENA GLORIA XXL 600g           ;567586    ;FRANCK d.d.;        0.60;kg ;       10.29;       17.15;'3850291048956';HRANA;        0.00;        0.00
BARCAFFE BLACK&EASY MILK 11g            ;568630    ;BARCAFFE       ;        0.01;kg ;        0.40;       36.36;'3838471037716';HRANA;        0.00;        0.00
COFFEE&GO ORIGINAL MLJ. KAVA 9g FRANCK  ;573413    ;FRANCK d.d.;        0.01;kg ;        0.45;       50.00;'3850291049281';HRANA;        0.00;        0.00
JUBILARNA KAVA 500g FRANCK              ;587491    ;FRANCK d.d.;        0.50;kg ;        0.00;       15.38;'3858881088177';HRANA;       10.29;        7.69
ARABESCA AROMA KAVA 350g                ;593098    ;ARABESCA       ;        0.35;kg ;        7.99;       22.83;'3858886803881';HRANA;        0.00;        0.00
BARCAFFE BLACK&EASY STRONG 10g(55)      ;600385    ;BARCAFFE       ;        0.01;kg ;        0.40;       40.00;'3838471041430';HRANA;        0.00;        0.00
KAVA CREMA FRANCK 400g                  ;604189    ;FRANCK d.d.;        0.40;kg ;        8.29;       20.73;'3850291051956';HRANA;        0.00;        0.00
GLORIA MLJEVENA KAVA 500g               ;609000    ;FRANCK d.d.;        0.50;kg ;        9.49;       18.98;'3858881088184';HRANA;        0.00;        0.00
KAVA JULIUS M. CLASSIC ORIENT 250g      ;610926    ;JULIUS MEINL   ;        0.25;kg ;        5.49;       21.96;'9000403951238';HRANA;        0.00;        0.00
CIKORIJA FRANCK 250g VREÆICA            ;628659    ;FRANCK d.d.;        0.25;kg ;        2.49;        9.96;'3850291054087';HRANA;        0.00;        0.00
KAVA MLJEVENA CLASSIC 500g ARABESCA**   ;632791    ;ARABESCA D.O.O.;        0.50;kg ;        7.99;       15.98;'3858886804390';HRANA;        0.00;        0.00
KAVA MLJEVENA ZLATNA DŽEZVA 500g        ;633376    ;POHIT d.o.o.;        0.50;kg ;        9.79;       19.58;'3870007014235';HRANA;        0.00;        0.00
KAVA MLJEVENA ANAMARIA 175g             ;635145    ;ANAMARIA COMPANY D.O.O;        0.18;kg ;        3.89;       22.23;'3858881775985';HRANA;        0.00;        0.00
ARABESCA CLASSIC KAVA 700g XXXL         ;641547    ;ARABESCA D.O.O.;        0.70;kg ;       14.56;       20.80;'3858886804741';HRANA;        0.00;        0.00
KAVA MLJ.CREMA+ŠEÆER 9g                 ;645522    ;FRANCK d.d.;        0.01;kg ;        0.45;       50.00;'3850291054117';HRANA;        0.00;        0.00
KAVA MLJ.CREMA+ŠEÆER+MLIJEKO 9g         ;645523    ;FRANCK d.d.;        0.01;kg ;        0.45;       50.00;'3850291054100';HRANA;        0.00;        0.00
KAVA JN CAFE CREMA 500g ZRNO            ;652116    ;JULIUS MEINL   ;        0.50;kg ;       18.99;       37.98;'9000403975531';HRANA;        0.00;        0.00
KAVA JM VIENNA MELANGE 220g             ;652117    ;JULIUS MEINL   ;        0.22;kg ;        6.29;       28.59;'9000403975524';HRANA;        0.00;        0.00
BARCAFFE 2IN1 CLASSIC 14g               ;655719    ;BARCAFFE       ;        0.01;kg ;        0.28;       20.00;'3838471057516';HRANA;        0.00;        0.00
BARCAFFE 3IN1 CLASSIC 18g               ;655720    ;BARCAFFE       ;        0.02;kg ;        0.28;       15.56;'3838471057547';HRANA;        0.00;        0.00
BARCAFFE 3U1 CLASSIC MULTIP.180g        ;655721    ;ATLANTIC TRADE d.o.o.;        0.18;kg ;        2.76;       15.33;'3838471057431';HRANA;        0.00;        0.00
BARCAFFE CLASSIC 300g                   ;658690    ;ATLANTIC TRADE d.o.o.;        0.30;kg ;        6.99;       23.30;'3838471054874';HRANA;        0.00;        0.00
GLORIA MLJEVENA KAVA 1kg MEGA PACK      ;658718    ;FRANCK d.d.;        1.00;kg ;       18.98;       18.98;'3850291056081';HRANA;        0.00;        0.00
JUBILARNA KAVA 2X250g+ŠALICA            ;663536    ;FRANCK d.d.;        0.50;kg ;       10.78;       21.56;'3850291056333';HRANA;        0.00;        0.00
NESCAFE CLASSIC 100g LIMENKA            ;03632     ;NESCAFE        ;        0.10;kg ;        6.49;       64.90;'7891000255049';HRANA;        0.00;        0.00
INSTANT 3U1 ANAMARIA 180g               ;158370    ;ANAMARIA COMPANY D.O.O;        0.18;kg ;        2.29;       12.72;'3858881770881';HRANA;        0.00;        0.00
KAVA 3 U 1 18g STICK ANAMARIA           ;158379    ;ANAMARIA COMPANY D.O.O;        0.02;kg ;        0.25;       13.89;'3858881770874';HRANA;        0.00;        0.00
JACOBS MONARCH 200g INSTANT             ;198607    ;JACOBS         ;        0.20;kg ;       14.95;       74.75;'8711000513880';HRANA;        0.00;        0.00
JACOBS CRONAT GOLD INSTANT 75g          ;201000    ;JACOBS         ;        0.08;kg ;        0.00;       66.53;'8711000532751';HRANA;        6.49;        4.99
KAVA 2U1 INSTANT 12g ANAMARIJA          ;233466    ;ANAMARIA COMPANY D.O.O;        0.01;kg ;        0.25;       20.83;'3858881771826';HRANA;        0.00;        0.00
KAVA 2U1 INSTANT VREÆICA 120g ANAMARIJA ;233467    ;ANAMARIA COMPANY D.O.O;        0.12;kg ;        2.29;       19.08;'3858881771833';HRANA;        0.00;        0.00
INSTANT KAVA 3U1 18g FRANCK             ;237353    ;FRANCK d.d.;        0.02;kg ;        0.39;       21.67;'3858881083646';HRANA;        0.00;        0.00
NESCAFE GOLD 75g                        ;277238    ;NESCAFE        ;        0.08;kg ;        5.39;       71.87;'5998710981533';HRANA;        0.00;        0.00
INSTANT KAVA 3U1 180g VREÆ.FRANCK       ;277371    ;FRANCK d.d.;        0.18;kg ;        2.29;       12.72;'3858881084452';HRANA;        0.00;        0.00
INSTANT ICE COFFEE 18g FRANCK 1/20      ;322538    ;FRANCK d.d.;        0.02;kg ;        0.39;       21.67;'3858881083660';HRANA;        0.00;        0.00
KAVA INSTANT 3U1 MACCHIATO 15g**        ;376699    ;ANAMARIA COMPANY D.O.O;        0.02;kg ;        0.20;       13.33;'3858881774551';HRANA;        0.00;        0.00
JACOBS CREMA GOLD 100g                  ;419584    ;JACOBS         ;        0.10;kg ;        8.75;       87.50;'8711000521137';HRANA;        0.00;        0.00
JACOBS CREMA GOLD 200g                  ;419585    ;JACOBS         ;        0.20;kg ;       14.95;       74.75;'8711000521106';HRANA;        0.00;        0.00
KAVA INSTANT 3U1 STRONG 18g             ;441506    ;ANAMARIA COMPANY D.O.O;        0.02;kg ;        0.25;       13.89;'3858881774575';HRANA;        0.00;        0.00
JACOBS CRONAT GOLD 100g                 ;44662     ;JACOBS         ;        0.10;kg ;        8.70;       87.00;'8711000532874';HRANA;        0.00;        0.00
JACOBS CRONAT GOLD 200g                 ;44663     ;JACOBS         ;        0.20;kg ;       14.95;       74.75;'8711000532904';HRANA;        0.00;        0.00
INSTANT BIANKA CLASSIC 110g FRANCK      ;500267    ;FRANCK d.d.;        0.11;kg ;        3.49;       31.73;'3858881087538';HRANA;        0.00;        0.00
INSTANT BIANKA 100% CIKORIJA 125g FRANCK;500752    ;FRANCK d.d.;        0.13;kg ;        3.49;       27.92;'3858881087545';HRANA;        0.00;        0.00
JACOBS INST.COFFEE 2U1 140g             ;535731    ;JACOBS         ;        0.14;kg ;        4.55;       32.50;'8711000516584';HRANA;        0.00;        0.00
KAVA 3U1 STRONG 180g FRANCK VREÆICA     ;558865    ;FRANCK d.d.;        0.18;kg ;        2.29;       12.72;'3858881084681';HRANA;        0.00;        0.00
NESCAFE CLASSIC 2g                      ;560199    ;NESCAFE        ;        0.00;kg ;        0.39;      195.00;'7613036442275';HRANA;        0.00;        0.00
INSTANT KAVA CLASSIC GOLDEN 3U1 180g    ;562508    ;ANAMARIA COMPANY D.O.O;        0.18;kg ;        1.99;       11.06;'3858881775305';HRANA;        0.00;        0.00
NESCAFE CLASSIC 200g LIM                ;566032    ;NESCAFE        ;        0.20;kg ;       10.90;       54.50;'7891000255025';HRANA;        0.00;        0.00
NESCAFE 3U1 BROWN SUGAR 16,5g           ;573492    ;NESCAFE        ;        0.02;kg ;        0.35;       20.59;'5941017016415';HRANA;        0.00;        0.00
NESCAFE 2U1 8g                          ;573494    ;NESCAFE        ;        0.01;kg ;        0.35;       43.75;'59945345';HRANA;        0.00;        0.00
NESCAFE 3U1 BROWN SUGAR VR. 10*16,5g    ;573495    ;NESCAFE        ;        0.17;kg ;        3.14;       19.03;'7613036844475';HRANA;        0.00;        0.00
NESCAFE 2U1 VR. 10*8g                   ;573496    ;NESCAFE        ;        0.08;kg ;        3.14;       39.25;'7613036870115';HRANA;        0.00;        0.00
KAVA 3U1 ANAMARIA 10+2 216g             ;576697    ;ANAMARIA COMPANY D.O.O;        0.22;kg ;        2.29;       10.60;'3858881775572';HRANA;        0.00;        0.00
NESCAFE GOLD BEZ KOFEINA 200g           ;589498    ;NESCAFE        ;        0.20;kg ;       18.79;       93.95;'7613033006951';HRANA;        0.00;        0.00
NESCAFE GOLD 100g BEZ KOFEINA           ;601581    ;NESCAFE        ;        0.10;kg ;        7.99;       79.90;'7613036330688';HRANA;        0.00;        0.00
NESCAFE CLASSIC INS.200g + ŠALICA       ;605055    ;ALCA ZAGREB D.O.O.;        0.20;kg ;       10.90;       54.50;'7613287579430';HRANA;        0.00;        0.00
JACOBS INS.CRONAT GOLD 2X200            ;606316    ;ORBICO d.o.o.;        0.40;kg ;       28.19;       70.48;'3858889578496';HRANA;        0.00;        0.00
NESCAFE 3U1 CREAMY LATTE 150g           ;618205    ;NESCAFE        ;        0.15;kg ;        3.14;       20.93;'8445290099785';HRANA;        0.00;        0.00
BARCAFFE BC CLASSIC 200g INSTANT        ;628230    ;BARCAFFE       ;        0.20;kg ;        6.55;       32.75;'3838471049474';HRANA;        0.00;        0.00
BARCAFFE BC GOLD 200g INSTANT           ;628231    ;BARCAFFE       ;        0.20;kg ;        8.79;       43.95;'3838471049665';HRANA;        0.00;        0.00
NESCAFE GOLD CLASSIC 190g STAKLO        ;628326    ;NESCAFE        ;        0.19;kg ;       14.49;       76.26;'8445290491275';HRANA;        0.00;        0.00
NESCAFE GOLD CREMA 190g STAKLO          ;628327    ;NESCAFE        ;        0.19;kg ;       14.49;       76.26;'8445290503565';HRANA;        0.00;        0.00
NESCAFE CREMA 95g                       ;628346    ;NESCAFE        ;        0.10;kg ;        6.69;       70.42;'8445290699862';HRANA;        0.00;        0.00
NESCAFE CREMA 190g                      ;628348    ;NESCAFE        ;        0.19;kg ;       11.99;       63.11;'8445290699787';HRANA;        0.00;        0.00
NESCAFE GOLD CLASSIC 95g                ;628350    ;NESCAFE        ;        0.10;kg ;        0.00;       68.32;'8445290492722';HRANA;        7.99;        6.49
NESCAFE GOLD CREMA 95g                  ;628352    ;NESCAFE        ;        0.10;kg ;        0.00;       68.32;'8445290502353';HRANA;        7.99;        6.49
NESCAFE CLASSIC 200+20g LIM.            ;628435    ;NESCAFE        ;        0.22;kg ;       10.90;       49.55;'7891000365779';HRANA;        0.00;        0.00
NESCAFE 3U1 CREAMY LATTE 15g            ;629150    ;NESCAFE        ;        0.02;kg ;        0.35;       23.33;'8445290099754';HRANA;        0.00;        0.00
NESCAFE 3U1 STRONG 140g                 ;633603    ;NESCAFE        ;        0.14;kg ;        3.14;       22.43;'8445290749413';HRANA;        0.00;        0.00
NESCAFE 3U1 STRONG 14g                  ;633744    ;NESCAFE        ;        0.01;kg ;        0.35;       25.00;'7613038158884';HRANA;        0.00;        0.00
ARABESCA 3U1 CLASSIC 396g 24/1          ;634880    ;ARABESCA D.O.O.;        0.40;kg ;        6.99;       17.65;'3858886804314';HRANA;        0.00;        0.00
ARABESCA 2U1 LATTE 10g                  ;635827    ;ARABESCA D.O.O.;        0.01;kg ;        0.35;       35.00;'3858886804222';HRANA;        0.00;        0.00
ARABESCA 3U1 CLASSIC 16,5g              ;635828    ;ARABESCA D.O.O.;        0.02;kg ;        0.35;       21.88;'3858886804192';HRANA;        0.00;        0.00
ARABESCA 3U1 MACHIATO 14g               ;635829    ;ARABESCA D.O.O.;        0.01;kg ;        0.35;       25.00;'3858886804215';HRANA;        0.00;        0.00
ARABESCA 3U1 STRONG 15g                 ;635830    ;ARABESCA D.O.O.;        0.02;kg ;        0.35;       23.33;'3858886804208';HRANA;        0.00;        0.00
JACOBS CRONAT GOLD INS.250g             ;643455    ;JACOBS         ;        0.25;kg ;        0.00;       51.96;'8711000571170';HRANA;       11.59;       12.99
INSTANT KAVA CLASS.200g VREÆICA ANAMARIA;644520    ;ANAMARIA COMPANY D.O.O;        0.20;kg ;        7.79;       38.95;'3858881776005';HRANA;        0.00;        0.00
INSTANT KAVA GOLD 200g VREÆICA ANAMARIA ;644523    ;ANAMARIA COMPANY D.O.O;        0.20;kg ;        7.79;       38.95;'3858881776098';HRANA;        0.00;        0.00
NESCAFE 3U1 FRAPPE 15g                  ;644976    ;NESCAFE        ;        0.02;kg ;        0.35;       23.33;'8445291182646';HRANA;        0.00;        0.00
INSTANT GOLD 200g FRANCK BOÈ.           ;645006    ;FRANCK d.d.;        0.20;kg ;        9.79;       48.95;'3850291055237';HRANA;        0.00;        0.00
NESCAFE 3U1 CLASSIC 15,5g               ;645020    ;NESCAFE        ;        0.02;kg ;        0.35;       23.33;'8445291259331';HRANA;        0.00;        0.00
NESCAFE 3U1 FRAPE CARAMEL 15g           ;645023    ;NESCAFE        ;        0.02;kg ;        0.35;       23.33;'8445291184091';HRANA;        0.00;        0.00
JACOBS INSTANT MONCH 2g                 ;645118    ;JACOBS         ;        0.00;   ;        0.40;        0.00;'8711000538012';HRANA;        0.00;        0.00
NESCAFE CLASSIC 150g VREÆICA            ;645365    ;NESCAFE        ;        0.15;kg ;        7.99;       53.27;'8445290829818';HRANA;        0.00;        0.00
NESCAFE GOLD 150g VREÆICA               ;645366    ;NESCAFE        ;        0.15;kg ;        0.00;       59.93;'8445290795083';HRANA;       10.99;        8.99
NESCAFE 3U1 FRAPPE CLASS.120g VREÆICA   ;645367    ;NESCAFE        ;        0.12;kg ;        3.14;       26.17;'8445291183049';HRANA;        0.00;        0.00
INSTANT KAVA GOLD 100g FRANCK BOÆ.      ;646244    ;FRANCK d.d.;        0.10;kg ;        5.49;       54.90;'3850291055244';HRANA;        0.00;        0.00
INSTANT KAVA CLASS.200g LIM.FRANCK      ;646245    ;FRANCK d.d.;        0.20;kg ;        8.19;       40.95;'3850291055220';HRANA;        0.00;        0.00
INSTANT KAVA BEZ KOF.BOÆ.100g FRANCK    ;646247    ;FRANCK d.d.;        0.10;kg ;        5.49;       54.90;'3850291055251';HRANA;        0.00;        0.00
NESCAFE 3U1 CLASSIC VR.155g             ;646254    ;NESCAFE        ;        0.16;kg ;        3.14;       20.26;'8445291261044';HRANA;        0.00;        0.00
INSTANT KAVA CREMA BOÈ.80g              ;646686    ;FRANCK d.d.;        0.08;L  ;        5.29;       66.13;'3850291055268';HRANA;        0.00;        0.00
INSTANT KAVA CLASS.100g LIM.FRANCK      ;646883    ;FRANCK d.d.;        0.10;kg ;        4.49;       44.90;'3850291055213';HRANA;        0.00;        0.00
JACOBS INSTANT NAPITAK 2U1 12,4g        ;655887    ;JACOBS         ;        0.01;kg ;        0.45;       37.50;'8711000578513';HRANA;        0.00;        0.00
JACOBS INST NAPITAK MILKA 3U1 12,4g     ;655888    ;JACOBS         ;        0.01;kg ;        0.45;       37.50;'8711000577875';HRANA;        0.00;        0.00
JACOBS INSTANT NAPITAK 3U1 12,6g        ;655889    ;JACOBS         ;        0.01;kg ;        0.45;       37.50;'8711000577950';HRANA;        0.00;        0.00
JACOBS INST NAPITAK ICE COFFEE 3U1 12,7G;655890    ;JACOBS         ;        0.01;kg ;        0.45;       37.50;'8711000577998';HRANA;        0.00;        0.00
INSTANT KAVA LEDENA FRANCK BOÆICA 85g   ;656385    ;FRANCK d.d.;        0.09;L  ;        5.49;       64.59;'3850291055619';HRANA;        0.00;        0.00
INSTANT 3U1 MACCHIATO 150g ANAMARIA     ;662925    ;ANAMARIA COMPANY D.O.O;        0.15;kg ;        2.29;       15.27;'3858881776319';HRANA;        0.00;        0.00
SOL 1/1 KK MORSKA                       ;05637     ;SOLANA PAG;        1.00;kg ;        0.80;        0.80;'3859888155114';HRANA;        0.00;        0.00
NITRITNA SOL 5/1 DERMA SEZONA           ;114264    ;DERMA d.d. VARAŽDIN;        5.00;kg ;        8.59;        1.72;'3858881732315';HRANA;        0.00;        0.00
SOL TUZLA 1/1 KK                        ;157788    ;TUZLANSKA SOL  ;        1.00;kg ;        0.76;        0.76;'3870009000014';HRANA;        0.00;        0.00
SOL 1kg K.K.KRUPNA PAG                  ;180597    ;SOLANA PAG;        1.00;kg ;        0.85;        0.85;'3859888155107';HRANA;        0.00;        0.00
SOL KUHINJSKA 1/1 DERMA                 ;198944    ;DERMA d.d. VARAŽDIN;        1.00;kg ;        0.86;        0.86;'3858881730014';HRANA;        0.00;        0.00
NITRITNA SOL 1/1 DERMA SEZONA           ;302594    ;DERMA d.d. VARAŽDIN;        1.00;kg ;        1.99;        1.99;'3858881734517';HRANA;        0.00;        0.00
SOL KUHINJSKA TUZLA 5/1                 ;571649    ;TUZLANSKA SOL  ;        5.00;kg ;        2.79;        0.56;'3870009000328';HRANA;        0.00;        0.00
SOL KAMENA DOZA 250g TUZLA              ;571704    ;TUZLANSKA SOL  ;        0.25;kg ;        0.75;        3.00;'3870009000144';HRANA;        0.00;        0.00
SOL MORSKA 1kg PVC                      ;572875    ;SOLANA PAG;        1.00;kg ;        0.49;        0.49;'3859888668133';HRANA;        0.00;        0.00
SOL MORSKA 5kg PVC                      ;574007    ;SOLANA PAG;        5.00;kg ;        2.25;        0.45;'3859888668140';HRANA;        0.00;        0.00
SOL KRUPNA 5/1 MORSKA SOLANA PAG        ;595339    ;SOLANA PAG;        5.00;kg ;        2.98;        0.60;'3859888155435';HRANA;        0.00;        0.00
ŠEÆER 1/1 AGRAGOLD                      ;318301    ;AGRAGOLD d.o.o.ZAGREB;        1.00;kg ;        0.99;        0.99;'9007829025017';HRANA;        0.00;        0.00
ŠEÆER 1/1 TEREOS                        ;426666    ;GIANA D.O.O.;        1.00;kg ;        0.99;        0.99;'8594000230250';HRANA;        0.00;        0.00
ŠEÆER KONZUMNI BIJELI KIARA 1kg         ;608591    ;AGRAGOLD d.o.o.ZAGREB;        1.00;kg ;        0.00;        0.74;'9007829023099';HRANA;        0.72;        0.74
LARA ŠEÆER BIJELI U KOCKI 500g          ;652588    ;LARA           ;        0.50;kg ;        2.68;        5.36;'3859892259518';HRANA;        0.00;        0.00
LARA ŠEÆER BIJELI U KOCKI 1kg           ;652589    ;LARA           ;        1.00;kg ;        3.95;        3.95;'3859892259198';HRANA;        0.00;        0.00
KONCENTRAT RAJÈICA 190g TUBA PODRAVKA   ;01843     ;PODRAVKA d.d. KOPRIVNICA;        0.19;kg ;        2.19;       11.53;'3850104053221';HRANA;        0.00;        0.00
KONCENTRAT RAJÈICA 120g TUBA PODRAVKA   ;01844     ;PODRAVKA d.d. KOPRIVNICA;        0.12;kg ;        1.89;       15.75;'3850104053214';HRANA;        0.00;        0.00
PELAT LIM. 400g PODRAVKA                ;14903     ;PODRAVKA d.d. KOPRIVNICA;        0.24;kg ;        1.59;        6.63;'3850104073724';HRANA;        0.00;        0.00
PASIRANA RAJÈICA 200g BRIK PODRAVKA     ;164447    ;PODRAVKA d.d. KOPRIVNICA;        0.20;kg ;        0.79;        3.95;'3850104213120';HRANA;        0.00;        0.00
SJECKANA RAJÈICA 400g LIM. PODRAVKA     ;234493    ;PODRAVKA d.d. KOPRIVNICA;        0.40;kg ;        1.99;        4.98;'3850104238802';HRANA;        0.00;        0.00
PASIRANA RAJÈICA STAKLO 680g PODRAVKA   ;274331    ;PODRAVKA d.d. KOPRIVNICA;        0.68;kg ;        2.59;        3.81;'3850104242915';HRANA;        0.00;        0.00
PASIRANA RAJÈICA TB 200gX3 PODRAVKA     ;296088    ;PODRAVKA d.d. KOPRIVNICA;        0.60;kg ;        1.99;        3.32;'3850104238260';HRANA;        0.00;        0.00
PASIRANA RAJÈICA 500g LARA              ;393280    ;LARA           ;        0.50;kg ;        1.09;        2.18;'3859890236870';HRANA;        0.00;        0.00
PASIRANA RAJÈICA 500g GIANA             ;429125    ;GIANA D.O.O.;        0.50;kg ;        0.99;        1.98;'8595241508351';HRANA;        0.00;        0.00
PELATI RAJÈICE 400g STRIANESE           ;523821    ;STRIANESE      ;        0.40;kg ;        1.19;        2.98;'8003716001004';HRANA;        0.00;        0.00
PELATI RAJÈICE 400g MUTTI               ;585797    ;MUTTI          ;        0.26;kg ;        1.89;        7.27;'8005110060007';HRANA;        0.00;        0.00
PASIRANA RAJÈICA STAKLO 700g MUTTI      ;589434    ;MUTTI          ;        0.70;kg ;        2.99;        4.27;'80042563';HRANA;        0.00;        0.00
PASIRANA RAJÈICA STAKLO 400g MUTTI      ;600485    ;MUTTI          ;        0.40;kg ;        2.35;        5.88;'8005110630408';HRANA;        0.00;        0.00
PASIRANA RAJÈICA 500g BAŠ TO            ;615190    ;BAŠ TO         ;        0.50;kg ;        0.79;        1.58;'3859892918750';HRANA;        0.00;        0.00
PASIRANA RAJÈICA 680g GIANA             ;626065    ;GIANA D.O.O.;        0.68;kg ;        1.99;        2.93;'8595241530345';HRANA;        0.00;        0.00
KONCENTRAT RAJÈICE 200g MUTTI           ;628652    ;MUTTI          ;        0.20;kg ;        2.39;       11.95;'8005110120015';HRANA;        0.00;        0.00
KONCENTRAT RAJÈICE 130g VALFRUTTA       ;634845    ;VALFRUTTA      ;        0.13;kg ;        1.09;        8.38;'8001440127007';HRANA;        0.00;        0.00
PASTA POVRTNA 190g PODRAVKA             ;636820    ;PODRAVKA d.d. KOPRIVNICA;        0.19;kg ;        1.99;       10.47;'3856020263416';HRANA;        0.00;        0.00
PASTA ÈEŠNJAK 90g PODRAVKA              ;636822    ;PODRAVKA d.d. KOPRIVNICA;        0.09;kg ;        1.69;       18.78;'3856020263539';HRANA;        0.00;        0.00
KONCENTRAT RAJÈICE 370g PODRAVKA        ;642018    ;PODRAVKA d.d. KOPRIVNICA;        0.37;kg ;        3.49;        9.43;'3856020269166';HRANA;        0.00;        0.00
KONCENTRAT RAJÈICE 720g PODRAVKA        ;642020    ;PODRAVKA d.d. KOPRIVNICA;        0.72;kg ;        4.99;        6.93;'3856020269197';HRANA;        0.00;        0.00
PASIRANA RAJÈICA T.BRIK 500g PODRAVKA   ;64661     ;PODRAVKA d.d. KOPRIVNICA;        0.50;kg ;        1.09;        2.18;'3850104073656';HRANA;        0.00;        0.00
PASIRANA RAJÈICA 680g E BUONO           ;653179    ;TOP KAN DOO;        0.68;kg ;        1.65;        2.43;'3858894141982';HRANA;        0.00;        0.00
PELATI 400g E BUONO                     ;653194    ;TOP KAN DOO;        0.40;kg ;        0.89;        2.23;'3858894141968';HRANA;        0.00;        0.00
PASTA OD PAPRIKE 190g PODRAVKA          ;653601    ;PODRAVKA d.d. KOPRIVNICA;        0.19;kg ;        1.99;       10.47;'3856020278199';HRANA;        0.00;        0.00
KONCENTRAT RAJÈICE TROSTRUKI 280g MUTTI ;654095    ;MUTTI          ;        0.28;kg ;        3.99;       14.25;'80042518';HRANA;        0.00;        0.00
PASIRANA RAJÈICA STAKLO 400g PODRAVKA   ;656201    ;PODRAVKA d.d. KOPRIVNICA;        0.40;kg ;        0.00;        3.23;'3856020280321';HRANA;        1.89;        1.29
KONCENTRAT RAJÈICA LIM.4.5kg(VP)        ;91672     ;PODRAVKA d.d. KOPRIVNICA;        4.50;kg ;       20.25;        4.50;'3850104073984';HRANA;        0.00;        0.00
KETCHUP PIZZA 490g ZVIJEZDA             ;158790    ;ZVIJEZDA PLUS D.O.O.;        0.49;kg ;        1.99;        4.06;'3858882212502';HRANA;        0.00;        0.00
KETCHUP BLAGI 5kg GASTRO ZVIJEZDA       ;191821    ;ZVIJEZDA PLUS D.O.O.;        5.00;kg ;       10.49;        2.10;'3858882216289';HRANA;        0.00;        0.00
KETCHUP BLAGI 1000g PODRAVKA            ;242679    ;PODRAVKA d.d. KOPRIVNICA;        1.00;kg ;        2.99;        2.99;'3850104240836';HRANA;        0.00;        0.00
KETCHUP BLAGI 500g ZVIJEZDA             ;33150     ;ZVIJEZDA PLUS D.O.O.;        0.50;kg ;        1.99;        3.98;'3858882210874';HRANA;        0.00;        0.00
KETCHUP BLAGI 900g GIANA                ;412237    ;GIANA D.O.O.;        0.90;kg ;        0.00;        1.83;'8595241501529';HRANA;        2.09;        1.65
KETCHUP BLAGI 500g PODRAVKA             ;421842    ;PODRAVKA d.d. KOPRIVNICA;        0.50;kg ;        1.99;        3.98;'3850104268731';HRANA;        0.00;        0.00
KETCHUP LJUTI 500g PODRAVKA             ;423875    ;PODRAVKA d.d. KOPRIVNICA;        0.50;kg ;        1.99;        3.98;'3850104268915';HRANA;        0.00;        0.00
KETCHUP BLAGI 1000g ZVIJEZDA            ;51387     ;ZVIJEZDA PLUS D.O.O.;        1.00;kg ;        2.99;        2.99;'3858882210881';HRANA;        0.00;        0.00
KETCHUP LJUTI 500g ZVIJEZDA             ;51388     ;ZVIJEZDA PLUS D.O.O.;        0.50;kg ;        1.99;        3.98;'3858882210898';HRANA;        0.00;        0.00
KETCHUP LJUTI 900g GIANA                ;587311    ;GIANA D.O.O.;        0.90;kg ;        2.09;        2.32;'8595241527604';HRANA;        0.00;        0.00
KETCHUP KIDS 500g ZVIJEZDA              ;611269    ;ZVIJEZDA PLUS D.O.O.;        0.50;kg ;        1.99;        3.98;'3856015323200';HRANA;        0.00;        0.00
KETCHUP JALAPENO 500g PODRAVKA          ;627195    ;PODRAVKA d.d. KOPRIVNICA;        0.50;kg ;        1.99;        3.98;'3856020255961';HRANA;        0.00;        0.00
KETCHUP PIZZA 500g PODRAVKA             ;632964    ;PODRAVKA d.d. KOPRIVNICA;        0.50;kg ;        1.99;        3.98;'3850104268939';HRANA;        0.00;        0.00
KETCHUP BLAGI 450g HEINZ                ;645089    ;HEINZ          ;        0.45;kg ;        2.99;        6.64;'8715700421551';HRANA;        0.00;        0.00
KETCHUP LJUTI 455g HEINZ                ;647915    ;HEINZ          ;        0.46;kg ;        2.99;        6.57;'5900783009564';HRANA;        0.00;        0.00
ZIK ZAK BLAGI 310g PODRAVKA             ;652141    ;PODRAVKA d.d. KOPRIVNICA;        0.31;kg ;        2.49;        8.03;'3856020275709';HRANA;        0.00;        0.00
ZIK ZAK LJUTI 310g PODRAVKA             ;652143    ;PODRAVKA d.d. KOPRIVNICA;        0.31;kg ;        2.49;        8.03;'3856020275730';HRANA;        0.00;        0.00
KETCHUP BLAGI XXL 1kg HEINZ             ;655957    ;HEINZ          ;        1.00;kg ;        5.89;        5.89;'8715700421483';HRANA;        0.00;        0.00
SENF ESTRAGON 700g PODRAVKA             ;02886     ;PODRAVKA d.d. KOPRIVNICA;        0.70;kg ;        3.99;        5.70;'3850104023415';HRANA;        0.00;        0.00
SENF ESTRAGON 140g PVC PODRAVKA         ;03301     ;PODRAVKA d.d. KOPRIVNICA;        0.14;kg ;        1.89;       13.50;'3850104023033';HRANA;        0.00;        0.00
SENF ESTRAGON ST.200g PODRAVKA          ;105379    ;PODRAVKA d.d. KOPRIVNICA;        0.20;kg ;        2.19;       10.95;'3850104092176';HRANA;        0.00;        0.00
SENF ESTRAGON 350g MAUTNER              ;542791    ;MAUTNER        ;        0.35;kg ;        1.99;        5.69;'9011900184401';HRANA;        0.00;        0.00
SENF TUBA 200g THOMY                    ;595280    ;THOMY          ;        0.20;kg ;        2.29;       11.45;'7613287084163';HRANA;        0.00;        0.00
SENF DELIKATES 190g ZVIJEZDA            ;655861    ;ZVIJEZDA PLUS D.O.O.;        0.19;kg ;        1.59;        8.37;'3856015332493';HRANA;        0.00;        0.00
SENF DELIKATES 290g ZVIJEZDA            ;655863    ;ZVIJEZDA PLUS D.O.O.;        0.29;kg ;        1.99;        6.86;'3856015332523';HRANA;        0.00;        0.00
SENF KRIGLA 250g JUTRO                  ;663626    ;JUTRO          ;        0.25;kg ;        2.59;       10.36;'4025891136153';HRANA;        0.00;        0.00
SENF ÈAŠA 265g JUTRO                    ;91323     ;JUTRO          ;        0.27;kg ;        2.19;        8.26;'4025891003257';HRANA;        0.00;        0.00
AJVAR BLAGI 4kg LIM.PODRAVKA(VP)        ;01787     ;PODRAVKA d.d. KOPRIVNICA;        4.00;kg ;       19.59;        4.90;'3850104051005';HRANA;        0.00;        0.00
AJVAR BLAGI 690g PODRAVKA               ;06783     ;PODRAVKA d.d. KOPRIVNICA;        0.69;kg ;        3.79;        5.49;'3850104051012';HRANA;        0.00;        0.00
AJVAR BLAGI 350g PODRAVKA               ;06784     ;PODRAVKA d.d. KOPRIVNICA;        0.35;kg ;        2.49;        7.11;'3850104051029';HRANA;        0.00;        0.00
AJVAR BLAGI 350g  ZVIJEZDA              ;269477    ;ZVIJEZDA PLUS D.O.O.;        0.35;kg ;        2.49;        7.11;'3858882216104';HRANA;        0.00;        0.00
AJVAR LJUTI 350g PODRAVKA               ;37681     ;PODRAVKA d.d. KOPRIVNICA;        0.35;kg ;        2.49;        7.11;'3850104050565';HRANA;        0.00;        0.00
AJVAR LJUTI 690g PODRAVKA               ;37682     ;PODRAVKA d.d. KOPRIVNICA;        0.69;kg ;        3.79;        5.49;'3850104050572';HRANA;        0.00;        0.00
AJVAR UPRŽENI 300g BAKINA TAJNA         ;377371    ;BAKINA TAJNA   ;        0.30;kg ;        5.49;       18.30;'8606102785030';HRANA;        0.00;        0.00
ÐUVEÈ LIMENKA 3,95kg (VP)               ;390485    ;PODRAVKA d.d. KOPRIVNICA;        3.95;kg ;       11.79;        2.98;'3850104260285';HRANA;        0.00;        0.00
AJVAR BLAGI DOMAÆI 290g MAMA S          ;571441    ;MAMA'S         ;        0.29;kg ;        4.99;       17.21;'5310146002635';HRANA;        0.00;        0.00
AJVAR BLAGI DOMAÆI 550g MAMA S          ;571442    ;MAMA'S         ;        0.55;kg ;        0.00;       14.35;'5310146002611';HRANA;        9.99;        7.89
AJVAR LJUTI DOMAÆI 290g MAMA S          ;571443    ;MAMA'S         ;        0.29;kg ;        4.99;       17.21;'5310146002642';HRANA;        0.00;        0.00
AJVAR BLAGI 680g GIANA                  ;578466    ;GIANA D.O.O.;        0.68;kg ;        2.99;        4.40;'8595241527147';HRANA;        0.00;        0.00
AJVAR LJUTI SQUEEZE 310g PODRAVKA       ;619219    ;PODRAVKA d.d. KOPRIVNICA;        0.31;kg ;        2.39;        7.71;'3856020233679';HRANA;        0.00;        0.00
AJVAR BLAGI 680g FAMILIJA               ;635304    ;FAMILIJA       ;        0.68;kg ;        2.65;        3.90;'3859892918200';HRANA;        0.00;        0.00
AJVAR LJUTI 680g FAMILIJA               ;635309    ;FAMILIJA       ;        0.68;kg ;        2.65;        3.90;'3859892918064';HRANA;        0.00;        0.00
AJVAR LJUTI 560g DOORA                  ;636756    ;DOORA          ;        0.56;kg ;        3.49;        6.23;'3858894541638';HRANA;        0.00;        0.00
AJVAR BLAGI 560g DOORA                  ;638715    ;DOORA          ;        0.56;kg ;        3.49;        6.23;'3858894541621';HRANA;        0.00;        0.00
ÐUVEÈ 340g PODRAVKA                     ;641963    ;PODRAVKA d.d. KOPRIVNICA;        0.34;kg ;        2.09;        6.15;'3856020267971';HRANA;        0.00;        0.00
ÐUVEÈ 690g PODRAVKA                     ;641964    ;PODRAVKA d.d. KOPRIVNICA;        0.69;kg ;        3.59;        5.20;'3856020221393';HRANA;        0.00;        0.00
AJVAR DOMAÆI BLAGI 290g DOORA           ;642824    ;DOORA          ;        0.29;kg ;        4.29;       14.79;'3858894540488';HRANA;        0.00;        0.00
AJVAR PEÈ.PAPRIKA BLAGI 290g PODRAVKA   ;642826    ;PODRAVKA d.d. KOPRIVNICA;        0.29;kg ;        5.19;       17.90;'3856020253714';HRANA;        0.00;        0.00
AJVAR PEÈ.PAPRIKA LJUTI 290g PODRAVKA   ;642827    ;PODRAVKA d.d. KOPRIVNICA;        0.29;kg ;        5.19;       17.90;'3856020253745';HRANA;        0.00;        0.00
AJVAR LJUTI 690g VITAMINKA              ;75383     ;VITAMINKA      ;        0.69;kg ;        5.09;        7.38;'3870545000257';HRANA;        0.00;        0.00
AJVAR BLAGI 690g VITAMINKA              ;75384     ;VITAMINKA      ;        0.69;kg ;        5.09;        7.38;'3870545000288';HRANA;        0.00;        0.00
HREN STAKLENKA 345g PODRAVKA            ;139570    ;PODRAVKA d.d. KOPRIVNICA;        0.35;kg ;        2.69;        7.80;'3850104209451';HRANA;        0.00;        0.00
HREN STAKLENKA 660g PODRAVKA            ;140255    ;PODRAVKA d.d. KOPRIVNICA;        0.66;kg ;        4.49;        6.80;'3850104209468';HRANA;        0.00;        0.00
HREN STAKLENKA 200g PODRAVKA            ;140496    ;PODRAVKA d.d. KOPRIVNICA;        0.20;kg ;        1.99;        9.95;'3850104209444';HRANA;        0.00;        0.00
HREN LUDBREŠKI S JABUKOM 200g           ;612845    ;AGRO ALTERA DOO;        0.20;kg ;        2.55;       12.75;'3859893697067';HRANA;        0.00;        0.00
HREN LUDBREŠKI 200g AGRO ALTERA         ;624884    ;AGRO ALTERA DOO;        0.20;kg ;        2.39;       11.95;'3859893697005';HRANA;        0.00;        0.00
HREN LUDBREŠKI 550g AGRO ALTERA         ;624885    ;AGRO ALTERA DOO;        0.55;kg ;        5.15;        9.36;'3859893697913';HRANA;        0.00;        0.00
HREN LUDBREŠKI EXTRA LJUTI 200g         ;624886    ;AGRO ALTERA DOO;        0.20;kg ;        2.55;       12.75;'3859893697890';HRANA;        0.00;        0.00
HREN LUBREŠKI S PERŠINOM 200g           ;624887    ;AGRO ALTERA DOO;        0.20;kg ;        2.55;       12.75;'3859893697838';HRANA;        0.00;        0.00
HREN UMAK 260g ZVIJEZDA                 ;634249    ;ZVIJEZDA PLUS D.O.O.;        0.26;kg ;        2.15;        8.27;'3856015328410';HRANA;        0.00;        0.00
TARTAR UMAK 260g ZVIJEZDA               ;634250    ;ZVIJEZDA PLUS D.O.O.;        0.26;kg ;        2.15;        8.27;'3856015328441';HRANA;        0.00;        0.00
HREN 260g ZVIJEZDA                      ;634251    ;ZVIJEZDA PLUS D.O.O.;        0.26;kg ;        2.09;        8.04;'3856015328472';HRANA;        0.00;        0.00
KOMPOT VIŠNJA BK 680g PODRAVKA          ;193073    ;PODRAVKA       ;        0.34;kg ;        0.00;        8.21;'3850104223518';HRANA;        3.19;        2.79
KOMPOT ANANAS KOCKE 565g GIANA          ;375822    ;GIANA          ;        0.34;kg ;        1.95;        5.74;'8594012791701';HRANA;        0.00;        0.00
KOMPOT BRESKVA POL.820g GIANA (OM470G)  ;385244    ;GIANA          ;        0.47;kg ;        2.90;        6.17;'8594012791640';HRANA;        0.00;        0.00
KOMPOT MARELICA POL.820g GIANA          ;404026    ;GIANA          ;        0.47;kg ;        3.05;        6.49;'8594012794269';HRANA;        0.00;        0.00
KOMPOT MARELICA POL.820g BELSUN         ;527692    ;BELSUN         ;        0.48;kg ;        3.45;        7.19;'4002442811066';HRANA;        0.00;        0.00
KOMPOT ANANAS KOCKE 560g BELSUN         ;576597    ;BELSUN         ;        0.34;kg ;        2.52;        7.41;'4002442813305';HRANA;        0.00;        0.00
KOMPOT ANANAS KOLUT 560g BELSUN         ;576599    ;BELSUN         ;        0.34;kg ;        2.65;        7.79;'4002442811547';HRANA;        0.00;        0.00
KOMPOT VOÆNI KOKTEL 410g GIANA          ;614442    ;GIANA          ;        0.25;kg ;        1.60;        6.40;'8594012794733';HRANA;        0.00;        0.00
KOMPOT VIŠNJA BK 560g DOORA             ;640285    ;DOORA          ;        0.28;kg ;        2.59;        9.25;'3858894541652';HRANA;        0.00;        0.00
KOMPOT BRESKVA POL.820g ISKA (OM 480g)  ;652356    ;ISKA           ;        0.48;kg ;        3.18;        6.63;'4002442816795';HRANA;        0.00;        0.00
KOMPOT ANANAS KOLUTOVI 565mL GIANA      ;653258    ;GIANA          ;        0.34;kg ;        1.99;        5.85;'8595241521039';HRANA;        0.00;        0.00
DEL MONTE KOMADIÆI ANANASA U SOKU 560g  ;654443    ;FIBIS D.O.O.;        0.56;kg ;        2.79;        4.98;'024000001645';HRANA;        0.00;        0.00
DEL MONTE KOLUTI ANANASA U SOKU 565g    ;654444    ;FIBIS D.O.O.;        0.57;kg ;        2.89;        5.12;'024000011859';HRANA;        0.00;        0.00
DEL MONTE POLOVICE BRESKVI U SIRUPU 420G;654445    ;FIBIS D.O.O.;        0.42;kg ;        1.95;        4.64;'024000181521';HRANA;        0.00;        0.00
DEL MONTE POL.KRUŠKI U SIRUPU 420g      ;654446    ;FIBIS D.O.O.;        0.42;kg ;        2.49;        5.93;'024000027584';HRANA;        0.00;        0.00
DEL MONTE ANANAS KOMADIÆI U SOKU 3X435g ;654447    ;FIBIS D.O.O.;        1.31;kg ;        5.99;        4.59;'8721098930544';HRANA;        0.00;        0.00
KOMPOT ANANAS KOLUT 850g EXCELSIOR      ;658657    ;VM2 d.o.o.ZAGREB;        0.43;kg ;        3.89;        9.05;'9001397501287';HRANA;        0.00;        0.00
KOMPOT ANANAS KOCKA 850g EXCELSIOR      ;658658    ;VM2 d.o.o.ZAGREB;        0.43;kg ;        3.89;        9.05;'9001397500686';HRANA;        0.00;        0.00
KOMPOT ANANAS KOLUTIÆI 565g LIBERTY     ;664130    ;LQ             ;        0.57;kg ;        1.39;        2.46;'4690329011748';HRANA;        0.00;        0.00
KOMPOT ANANAS KOMADIÆI 565g LIBERTY     ;664132    ;LQ             ;        0.57;kg ;        1.39;        2.46;'4690329011755';HRANA;        0.00;        0.00
KOMPOT OD VIŠANJA MS 2450g PODRAVKA BK  ;692187    ;PODRAVKA       ;        2.45;kg ;       10.99;        4.49;'3856020276386';HRANA;        0.00;        0.00
KOMPOT VOÆNI KOKT.820g (MIJEŠ.V) VM2    ;79754     ;VM2 d.o.o.ZAGREB;        0.50;kg ;        3.05;        6.10;'4002442140852';HRANA;        0.00;        0.00
KOMPOT BRESKVA 820g PODRAVKA (OM 480g)  ;83552     ;PODRAVKA       ;        0.48;kg ;        3.98;        8.29;'3850104026973';HRANA;        0.00;        0.00
UMAK NAPOLITANA 400g BARILLA            ;02996     ;BARILLA        ;        0.40;kg ;        3.19;        7.98;'8076809513692';HRANA;        0.00;        0.00
UMAK PESTO GENOVESE 190g BARILLA        ;105808    ;BARILLA        ;        0.19;kg ;        4.49;       23.63;'8076809513746';HRANA;        0.00;        0.00
UMAK BOLOGNESE 400g BARILLA             ;160383    ;BARILLA        ;        0.40;kg ;        4.49;       11.23;'8076809513678';HRANA;        0.00;        0.00
SALSA 410g PODRAVKA                     ;192100    ;PODRAVKA d.d. KOPRIVNICA;        0.41;kg ;        3.19;        7.78;'3850104222351';HRANA;        0.00;        0.00
UMAK BOLOGNESE 410g PODRAVKA            ;200242    ;PODRAVKA d.d. KOPRIVNICA;        0.41;kg ;        4.29;       10.46;'3850104224850';HRANA;        0.00;        0.00
DRESSING KRAUTER 230mL DEVELEY          ;247482    ;DEVELEY        ;        0.23;L  ;        2.49;       10.83;'4006824991490';HRANA;        0.00;        0.00
DRESSING JOGURT 230mL DEVELEY           ;247483    ;DEVELEY        ;        0.23;L  ;        2.49;       10.83;'4006824991698';HRANA;        0.00;        0.00
UMAK NAPOLETANA 350g FRANZ JOSEF        ;528928    ;FRANZ JOSEF    ;        0.35;kg ;        1.99;        5.69;'8595241519784';HRANA;        0.00;        0.00
UMAK BASILICO 350g FRANZ JOSEF          ;528929    ;FRANZ JOSEF    ;        0.35;kg ;        1.99;        5.69;'8595241519760';HRANA;        0.00;        0.00
UMAK BOLOGNESE 350g FRANZ JOSEF         ;528930    ;FRANZ JOSEF    ;        0.35;kg ;        1.99;        5.69;'8595241519821';HRANA;        0.00;        0.00
TABASCO PEPPER SAUCE 60mL NIKAS         ;54377     ;TABASCO        ;        0.06;L  ;        3.99;       66.50;'011210000018';HRANA;        0.00;        0.00
UMAK HOT PEPPER SAUCE LA FIESTA 85mL    ;548432    ;SALVIA D.O.O.;        0.09;L  ;        2.52;       29.65;'7311310388027';HRANA;        0.00;        0.00
UMAK BURGER SAUCE 250mL DEVELEY         ;568949    ;DEVELEY        ;        0.25;L  ;        2.99;       11.96;'4006824004404';HRANA;        0.00;        0.00
DRESSING FRENCH 75mL DEVELEY            ;614155    ;DEVELEY        ;        0.08;L  ;        0.79;       10.53;'4006824008013';HRANA;        0.00;        0.00
DRESSING BALSAMICO 75mL DEVELEY         ;616143    ;DEVELEY        ;        0.08;L  ;        0.79;       10.53;'4006824018067';HRANA;        0.00;        0.00
DRESSING JOGHURT 75mL DEVELEY           ;616144    ;DEVELEY        ;        0.08;L  ;        0.79;       10.53;'4006824018111';HRANA;        0.00;        0.00
UMAK VRABASCO ORIGINAL 100mL            ;633195    ;VRABASCO       ;        0.10;L  ;        3.99;       39.90;'3858893750192';HRANA;        0.00;        0.00
UMAK VRABASCO STRONG 100mL              ;633196    ;VRABASCO       ;        0.10;L  ;        4.39;       43.90;'3858893750215';HRANA;        0.00;        0.00
UMAK SLATKO-KISELI 250mL DEVELEY        ;633669    ;DEVELEY        ;        0.25;L  ;        2.99;       11.96;'4006824000970';HRANA;        0.00;        0.00
UMAK LJUTA SALSA 320g DERONI            ;645850    ;DUPIN d.o.o. ZAGREB;        0.32;kg ;        2.29;        7.16;'3800740038571';HRANA;        0.00;        0.00
UMAK SWEET CHILI 340g DERONI            ;645852    ;DUPIN d.o.o. ZAGREB;        0.34;kg ;        2.69;        7.91;'3800740038519';HRANA;        0.00;        0.00
DRESSING BALSAMICO 230mL DEVELEY        ;645856    ;DEVELEY        ;        0.23;L  ;        2.49;       10.83;'4006824003698';HRANA;        0.00;        0.00
DRESSING JOGURT 250mL ZVIJEZDA          ;646968    ;ZVIJEZDA PLUS D.O.O.;        0.25;L  ;        2.49;        9.96;'3856015330611';HRANA;        0.00;        0.00
DRESSING AMERIÈKI 250mL ZVIJEZDA        ;646969    ;ZVIJEZDA PLUS D.O.O.;        0.25;L  ;        2.49;        9.96;'3856015330642';HRANA;        0.00;        0.00
DRESSING ÈEŠNJAK 250mL ZVIJEZDA         ;646970    ;ZVIJEZDA PLUS D.O.O.;        0.25;L  ;        2.49;        9.96;'3856015330673';HRANA;        0.00;        0.00
DRESSING CAESAR 230mL DEVELEY           ;654547    ;DEVELEY        ;        0.23;L  ;        2.49;       10.83;'4006824006538';HRANA;        0.00;        0.00
UMAK S BOSILJKOM 400g BARILLA           ;692202    ;AWTINTERNATIONAL D.O.O. ZAGREB;        0.40;kg ;        3.19;        7.98;'8076809513456';HRANA;        0.00;        0.00
UMAK PRIPREMA ZA BOLOGNESE 400g BARILLA ;92337     ;BARILLA        ;        0.40;kg ;        3.19;        7.98;'8076809513654';HRANA;        0.00;        0.00
CIKLA 4kg LIM. PODRAVKA(VP)             ;01845     ;PODRAVKA d.d. KOPRIVNICA;        2.10;kg ;        9.35;        4.45;'3850104051425';HRANA;        0.00;        0.00
CIKLA 660g PODRAVKA                     ;01848     ;PODRAVKA d.d. KOPRIVNICA;        0.38;kg ;        2.49;        6.55;'3850104050718';HRANA;        0.00;        0.00
CIKLA 1600g PODRAVKA                    ;192190    ;PODRAVKA d.d. KOPRIVNICA;        0.90;kg ;        4.99;        5.54;'3850104222658';HRANA;        0.00;        0.00
CIKLA 2550g PODRAVKA                    ;207929    ;PODRAVKA d.d. KOPRIVNICA;        1.40;kg ;        6.70;        4.79;'3850104222665';HRANA;        0.00;        0.00
CIKLA REZANCI, LIMENKA 4kg (VP)         ;264328    ;PODRAVKA d.d. KOPRIVNICA;        4.00;kg ;        8.99;        2.25;'3850104228186';HRANA;        0.00;        0.00
CIKLA 670g ZVIJEZDA                     ;269483    ;ZVIJEZDA PLUS D.O.O.;        0.36;kg ;        2.09;        5.81;'3856015303813';HRANA;        0.00;        0.00
CIKLA 650g GIANA                        ;429128    ;GIANA D.O.O.;        0.38;kg ;        1.43;        3.76;'8595241513782';HRANA;        0.00;        0.00
CIKLA REZANCI 680g PODRAVKA             ;525637    ;PODRAVKA d.d. KOPRIVNICA;        0.38;kg ;        2.29;        6.03;'3850104292118';HRANA;        0.00;        0.00
CIKLA REZANA 540g DOORA                 ;634876    ;DOORA          ;        0.29;kg ;        2.05;        7.07;'3858894541645';HRANA;        0.00;        0.00
FEFERONI LJUTI 310g PODRAVKA            ;01851     ;PODRAVKA d.d. KOPRIVNICA;        0.16;kg ;        2.69;       16.81;'3850104050404';HRANA;        0.00;        0.00
FEFERONI BLAGI 600g PODRAVKA            ;118333    ;PODRAVKA d.d. KOPRIVNICA;        0.27;kg ;        3.29;       12.19;'3850104011641';HRANA;        0.00;        0.00
FEFERONI BLAGI 300g PODRAVKA            ;119716    ;PODRAVKA d.d. KOPRIVNICA;        0.15;kg ;        2.69;       17.93;'3850104011658';HRANA;        0.00;        0.00
FEFERONI LJUTI 630g PODRAVKA            ;124305    ;PODRAVKA d.d. KOPRIVNICA;        0.30;kg ;        3.29;       10.97;'3850104011689';HRANA;        0.00;        0.00
FEFERONI BLAGI 660g GIANA               ;576126    ;GIANA D.O.O.;        0.28;kg ;        2.39;        8.54;'8595241509792';HRANA;        0.00;        0.00
FEFERONI LJUTI 660g GIANA               ;577315    ;GIANA D.O.O.;        0.28;kg ;        2.39;        8.54;'8595241527246';HRANA;        0.00;        0.00
FEFERONI LJUTI 600g DOORA               ;636663    ;DOORA          ;        0.30;kg ;        3.55;       11.83;'3858894541492';HRANA;        0.00;        0.00
FEFERONI LJUTI 650g FAMILIJA            ;637730    ;FAMILIJA       ;        0.27;kg ;        2.39;        8.85;'3859892918217';HRANA;        0.00;        0.00
FEFERONI BLAGI 600g DOORA               ;640244    ;DOORA          ;        0.28;kg ;        3.55;       12.68;'3858894541478';HRANA;        0.00;        0.00
MIJEŠANA SALATA 660g PODRAVKA           ;01780     ;PODRAVKA d.d. KOPRIVNICA;        0.30;kg ;        2.99;        9.97;'3850104051319';HRANA;        0.00;        0.00
MIJEŠANA SALATA 4,1 LIMENKA (VP)        ;18293     ;PODRAVKA d.d. KOPRIVNICA;        1.80;kg ;       13.49;        7.49;'3850104051456';HRANA;        0.00;        0.00
MRKVA KOCKE LIM. 4.1kg PODRAVKA         ;30820     ;PODRAVKA d.d. KOPRIVNICA;        4.10;kg ;        9.95;        2.43;'3850104282676';HRANA;        0.00;        0.00
PAPRIKA PEÈENA 650g PODRAVKA            ;140003    ;PODRAVKA d.d. KOPRIVNICA;        0.40;kg ;        3.99;        9.98;'3850104209291';HRANA;        0.00;        0.00
PAPRIKA FILET CRVENA 660g PODRAVKA      ;32622     ;PODRAVKA d.d. KOPRIVNICA;        0.30;kg ;        3.69;       12.30;'3850104040467';HRANA;        0.00;        0.00
PAPRIKA FILET ŽUTA 670g ZVIJEZDA        ;525661    ;ZVIJEZDA PLUS D.O.O.;        0.35;kg ;        3.19;        9.11;'3856015303783';HRANA;        0.00;        0.00
PAPRIKA FILET CRVENA 680g FAMILIJA      ;628081    ;FAMILIJA       ;        0.32;kg ;        2.39;        7.47;'3858894140879';HRANA;        0.00;        0.00
PAPRIKA REZANA 1600g DOORA              ;643384    ;DOORA          ;        0.85;kg ;        4.99;        5.87;'3858894540990';HRANA;        0.00;        0.00
GRAŠAK LIMENKA 850g PODRAVKA            ;05332     ;PODRAVKA d.d. KOPRIVNICA;        0.52;kg ;        2.79;        5.37;'3850104050053';HRANA;        0.00;        0.00
KUKURUZ ŠEÆERAC 340g LARA               ;120167    ;LARA           ;        0.29;kg ;        1.29;        4.53;'3859890236443';HRANA;        0.00;        0.00
GRAH BIJELI LIMENKA 400g PODRAVKA       ;128495    ;PODRAVKA d.d. KOPRIVNICA;        0.23;kg ;        1.39;        6.04;'3850104020797';HRANA;        0.00;        0.00
GRAH CRVENI LIMENKA 400g PODRAVKA       ;128501    ;PODRAVKA d.d. KOPRIVNICA;        0.23;kg ;        1.59;        6.91;'3850104020759';HRANA;        0.00;        0.00
GRAH CRVENI LIMENKA 800g PODRAVKA       ;128502    ;PODRAVKA d.d. KOPRIVNICA;        0.46;kg ;        2.49;        5.41;'3850104020728';HRANA;        0.00;        0.00
GRAH BIJELI 800g LIMENKA PODRAVKA       ;128699    ;PODRAVKA d.d. KOPRIVNICA;        0.46;kg ;        2.12;        4.61;'3850104020780';HRANA;        0.00;        0.00
GRAH I KUKURUZ MEXICANA 430g BONDUELLE  ;149193    ;ORBICO d.o.o.;        0.20;kg ;        2.69;       13.45;'3083680495882';HRANA;        0.00;        0.00
GRAH ŠARENI 800g LARA                   ;171427    ;LARA           ;        0.48;kg ;        1.79;        3.73;'3859890236375';HRANA;        0.00;        0.00
GRAH ŠARENI 400g LARA                   ;171428    ;LARA           ;        0.24;kg ;        1.03;        4.29;'3859890236368';HRANA;        0.00;        0.00
GRAŠAK LIMENKA 420g PODRAVKA            ;17697     ;PODRAVKA d.d. KOPRIVNICA;        0.26;kg ;        1.29;        4.96;'3850104050862';HRANA;        0.00;        0.00
GRAH ŠARENI 2600g LARA                  ;310666    ;LARA           ;        1.50;kg ;        5.20;        3.47;'3859890118459';HRANA;        0.00;        0.00
GRAŠAK LIM. 400g ZVIJEZDA               ;326895    ;ZVIJEZDA PLUS D.O.O.;        0.27;kg ;        1.49;        5.62;'3858882217057';HRANA;        0.00;        0.00
LEÆA 400g STRIANESE                     ;344143    ;STRANESE       ;        0.24;kg ;        1.06;        4.42;'8003716003053';HRANA;        0.00;        0.00
SLANUTAK 400g STRIANESE                 ;344144    ;STRIANESE      ;        0.24;kg ;        1.15;        4.79;'8003716003046';HRANA;        0.00;        0.00
GRAH BIJELI KRUPNI 400g GIANA           ;375824    ;GIANA D.O.O.;        0.24;kg ;        0.99;        4.13;'8595241511290';HRANA;        0.00;        0.00
GRAH ŠARENI 400g GIANA                  ;375825    ;GIANA D.O.O.;        0.24;kg ;        0.97;        4.04;'8594012794948';HRANA;        0.00;        0.00
GRAH U UMAKU OD CHILIJA 410g GIANA      ;375826    ;GIANA D.O.O.;        0.40;kg ;        0.99;        2.48;'8594012792630';HRANA;        0.00;        0.00
GRAH BIJELI 800g GIANA                  ;386803    ;GIANA D.O.O.;        0.48;kg ;        1.59;        3.31;'8595241511184';HRANA;        0.00;        0.00
GRAH ŠARENI 800g GIANA                  ;386809    ;GIANA D.O.O.;        0.48;kg ;        1.59;        3.31;'8595241511276';HRANA;        0.00;        0.00
KUKURUZ ŠEÆERAC 340g PODRAVKA           ;39250     ;PODRAVKA d.d. KOPRIVNICA;        0.28;kg ;        1.72;        6.14;'3850104063435';HRANA;        0.00;        0.00
KUKURUZ ŠEÆERAC 340g ZVIJEZDA           ;401192    ;ZVIJEZDA PLUS D.O.O.;        0.29;kg ;        1.72;        6.04;'3858882217071';HRANA;        0.00;        0.00
MAHUNE LIMENKA 800g PODRAVKA            ;418589    ;PODRAVKA d.d. KOPRIVNICA;        0.40;kg ;        2.99;        7.48;'3850104269141';HRANA;        0.00;        0.00
SLANUTAK LIMENKA 400g PODRAVKA          ;423029    ;PODRAVKA d.d. KOPRIVNICA;        0.24;kg ;        1.69;        7.04;'3850104272349';HRANA;        0.00;        0.00
LEÆA LIMENKA 400g PODRAVKA              ;423030    ;PODRAVKA d.d. KOPRIVNICA;        0.24;kg ;        1.89;        7.88;'3850104272356';HRANA;        0.00;        0.00
GRAH SMEÐI 800g ZVIJEZDA                ;435320    ;ZVIJEZDA PLUS D.O.O.;        0.48;kg ;        1.75;        3.65;'3856015309679';HRANA;        0.00;        0.00
KUKURUZ ŠEÆERAC GOLD 340g BONDUELLE     ;512924    ;BONDUELLE      ;        0.29;kg ;        1.99;        6.98;'3083680053303';HRANA;        0.00;        0.00
SLANUTAK 400g GIANA                     ;518736    ;GIANA D.O.O.;        0.24;kg ;        1.02;        4.25;'8595241504872';HRANA;        0.00;        0.00
KUKURUZ ŠEÆERAC 340g GIANA              ;528931    ;GIANA D.O.O.;        0.29;kg ;        1.33;        4.67;'8594012793385';HRANA;        0.00;        0.00
GRAH MIX SA SLANUTKOM 400g GIANA        ;540591    ;GIANA D.O.O.;        0.24;kg ;        0.99;        4.13;'8595241512044';HRANA;        0.00;        0.00
KUKURUZ U KLIPIÆIMA 340g GIANA          ;566966    ;GIANA D.O.O.;        0.19;kg ;        1.39;        7.32;'8594012795839';HRANA;        0.00;        0.00
GRAH CRVENI 400g GIANA                  ;567851    ;GIANA D.O.O.;        0.24;kg ;        0.97;        4.04;'8594012792593';HRANA;        0.00;        0.00
LEÆA 400g GIANA                         ;587326    ;GIANA D.O.O.;        0.24;kg ;        0.99;        4.13;'8595241513225';HRANA;        0.00;        0.00
TEKSAŠKI MIX 340g BONDUELLE             ;616440    ;BONDUELLE      ;        0.29;kg ;        2.49;        8.74;'3083680041348';HRANA;        0.00;        0.00
MEKSIÈKI MIX 300g BONDUELLE             ;624727    ;BONDUELLE      ;        0.27;kg ;        2.49;        9.40;'3083681152333';HRANA;        0.00;        0.00
TORTILLA MIX 300g PODRAVKA              ;628272    ;PODRAVKA d.d. KOPRIVNICA;        0.27;kg ;        2.49;        9.22;'3856020259228';HRANA;        0.00;        0.00
KUKURUZ ŠEÆ.3X170g BONDUELLE            ;641388    ;BONDUELLE      ;        0.42;kg ;        4.29;       10.21;'3083681170658';HRANA;        0.00;        0.00
GRAH ŠARENI 800g E BUONO                ;653178    ;E BUONO        ;        0.48;kg ;        1.49;        3.10;'3858894141869';HRANA;        0.00;        0.00
MEKSIÈKI MIX 3X150g BONDUELLE           ;654390    ;ORBICO d.o.o.;        0.39;kg ;        4.29;       11.00;'3083681168600';HRANA;        0.00;        0.00
GRAH SMEÐI LIMENKA 400g PODRAVKA        ;79059     ;PODRAVKA d.d. KOPRIVNICA;        0.23;kg ;        1.39;        6.04;'3850104024870';HRANA;        0.00;        0.00
GRAH SMEÐI LIMENKA 800g PODRAVKA        ;79060     ;PODRAVKA d.d. KOPRIVNICA;        0.46;kg ;        2.12;        4.61;'3850104025389';HRANA;        0.00;        0.00
MASLINE CRNE ODGORÈENE 700g ZVIJEZDA    ;204403    ;ZVIJEZDA PLUS D.O.O.;        0.40;kg ;        0.00;        9.18;'3858882213707';HRANA;        4.59;        3.67
MASLINE ZELENE ODGORÈENE 350g ZVIJEZDA  ;204404    ;ZVIJEZDA PLUS D.O.O.;        0.20;kg ;        2.49;       12.45;'3858882213745';HRANA;        0.00;        0.00
MASLINE ZELENE ODGORÈENE 700g ZVIJEZDA  ;204405    ;ZVIJEZDA PLUS D.O.O.;        0.40;kg ;        0.00;        7.98;'3858882213738';HRANA;        3.99;        3.19
MASLINE ZELENE S PAPRIKOM 350g ZVIJEZDA ;204408    ;ZVIJEZDA PLUS D.O.O.;        0.20;kg ;        3.19;       15.95;'3858882213790';HRANA;        0.00;        0.00
MASLINE CRNE ODGORÈENE 350g ZVIJEZDA    ;207960    ;ZVIJEZDA PLUS D.O.O.;        0.20;kg ;        3.19;       15.95;'3858882213714';HRANA;        0.00;        0.00
MASLINE ZELENE OTKOŠTIÈ.350g ZVIJEZDA   ;230485    ;ZVIJEZDA PLUS D.O.O.;        0.17;kg ;        2.89;       17.52;'3858882213769';HRANA;        0.00;        0.00
MASLINE ZELENE ODKOŠTENE 195g GIANA     ;385318    ;GIANA D.O.O.;        0.07;kg ;        0.73;       10.43;'8594012795372';HRANA;        0.00;        0.00
MASLINE ZELENE PUNJ.PAPRIKOM 195g GIANA ;385319    ;GIANA D.O.O.;        0.08;kg ;        0.73;        9.13;'8594012795396';HRANA;        0.00;        0.00
MASLINE CRNE OTKOŠTENE 180g GIANA       ;429559    ;GIANA D.O.O.;        0.07;kg ;        0.73;       10.43;'8595241514338';HRANA;        0.00;        0.00
MASLINE ZEL 350g PODRAVKA               ;448453    ;PODRAVKA d.d. KOPRIVNICA;        0.20;kg ;        2.79;       13.95;'3850104279270';HRANA;        0.00;        0.00
MASLINE ZELENE 700g PODRAVKA            ;448457    ;PODRAVKA d.d. KOPRIVNICA;        0.40;kg ;        4.59;       11.48;'3850104279287';HRANA;        0.00;        0.00
MASLINE ZEL OTKOŠ.330g PODRAVKA         ;448458    ;PODRAVKA d.d. KOPRIVNICA;        0.16;kg ;        2.89;       18.06;'3850104279294';HRANA;        0.00;        0.00
MASLINE ZEL OTKOŠ.650g PODRAVKA         ;448459    ;PODRAVKA d.d. KOPRIVNICA;        0.32;kg ;        4.69;       14.66;'3850104279300';HRANA;        0.00;        0.00
MASLINE ZEL S PAPRIKOM 350g PODRAVKA    ;448460    ;PODRAVKA d.d. KOPRIVNICA;        0.19;kg ;        3.69;       19.42;'3850104279317';HRANA;        0.00;        0.00
MASLINE ZEL S PAPRIKOM 680g PODRAVKA    ;448462    ;PODRAVKA d.d. KOPRIVNICA;        0.39;kg ;        4.99;       12.79;'3850104279263';HRANA;        0.00;        0.00
MASLINE CRNE ODKOŠ.300g FRANZ JOSEF     ;505235    ;GIANA D.O.O.;        0.13;kg ;        1.49;       11.46;'8595241505886';HRANA;        0.00;        0.00
MASLINE ZELENE ODKOŠ.300g FRANZ JOSEF   ;556798    ;GIANA D.O.O.;        0.13;kg ;        1.49;       11.46;'8595241519869';HRANA;        0.00;        0.00
MASLINE ZELENE ODKOŠT.700g ZVIJEZDA     ;603856    ;ZVIJEZDA PLUS D.O.O.;        0.34;kg ;        0.00;       11.03;'3856015322067';HRANA;        4.69;        3.75
MASLINE SNACK ZELENE 70g FRANZ JOSEF    ;633672    ;FRANZ JOSEF    ;        0.07;kg ;        0.99;       14.14;'8595241530567';HRANA;        0.00;        0.00
MASLINE SNACK KALAMATA 70g FRANZ JOSEF  ;633673    ;FRANZ JOSEF    ;        0.07;kg ;        0.99;       14.14;'8595241530543';HRANA;        0.00;        0.00
KIS.ZELJE GLAVICA EKOS GREEN            ;00809     ;EKOS GREEN D.O.O.;        1.00;kg ;        1.99;        1.99;'3859891093328';HRANA;        0.00;        0.00
KIS.ZELJE VARAŽDINSKO 500g EKOS GREEN   ;08914     ;EKOS GREEN D.O.O.;        0.44;kg ;        0.99;        2.28;'3859891093304';HRANA;        0.00;        0.00
KISELA REPA 500g EKOS GREEN             ;12954     ;EKOS GREEN D.O.O.;        0.44;kg ;        2.09;        4.80;'3859891093342';HRANA;        0.00;        0.00
KIS.KUPUS LIÈKI GLAVE EKOS GREEN        ;233406    ;EKOS GREEN D.O.O.;        1.00;kg ;        1.99;        1.99;'3859891093625';HRANA;        0.00;        0.00
KISELA REPA 800g KISKO                  ;410570    ;PREMIUM VOÆE D.O.O.;        0.60;kg ;        4.29;        7.15;'3859890799146';HRANA;        0.00;        0.00
MIX ZA SARMU 1kg                        ;652000    ;SPRAJA AGRO D.O.O.;        1.00;kg ;        2.99;        2.99;'3859894109057';HRANA;        0.00;        0.00
KISELO ZELJE OGULINSKO REZANO 500g      ;653000    ;SPRAJA AGRO D.O.O.;        0.44;kg ;        0.99;        2.25;'3859894109019';HRANA;        0.00;        0.00
KISELO ZELJE OGULINSKO GLAVICA          ;658379    ;SPRAJA AGRO D.O.O.;        1.00;kg ;        1.99;        1.99;'3859894109002';HRANA;        0.00;        0.00
KIKIRIKI U LJUSCI                       ;00124     ;MARJAN-VOÆE d.o.o.ZAGREB;        1.00;kg ;        4.49;        4.49;'3859890587699';HRANA;        0.00;        0.00
SUHA SMOKVA                             ;00137     ;MARJAN-VOÆE d.o.o.ZAGREB;        1.00;kg ;        9.99;        9.99;'3859890587675';HRANA;        0.00;        0.00
PISTACIJA                               ;00138     ;MARJAN-VOÆE d.o.o.ZAGREB;        1.00;kg ;        0.00;       14.49;'3859890587859';HRANA;       19.99;       14.49
ORAH JEZGRA                             ;00159     ;MARJAN-VOÆE d.o.o.ZAGREB;        1.00;kg ;        8.99;        8.99;'3859890587613';HRANA;        0.00;        0.00
LJEŠNJAK                                ;00178     ;HRUŠKA ZVONIMIR TRGOVAÈKI OBRT VERA;        1.00;kg ;       11.99;       11.99;'3859890587996';HRANA;        0.00;        0.00
SUHA MARELICA                           ;00680     ;MARJAN-VOÆE d.o.o.ZAGREB;        1.00;kg ;       10.99;       10.99;'3859890587590';HRANA;        0.00;        0.00
SUHI ANANAS KOCKA                       ;118591    ;MARJAN-VOÆE d.o.o.ZAGREB;        1.00;kg ;        9.99;        9.99;'3859890587408';HRANA;        0.00;        0.00
SUHA BANANA CHIPS                       ;118592    ;MARJAN-VOÆE d.o.o.ZAGREB;        1.00;kg ;        6.63;        6.63;'3859891427574';HRANA;        0.00;        0.00
SUHA PAPAJA KOCKA                       ;118593    ;MARJAN-VOÆE d.o.o.ZAGREB;        1.00;kg ;        9.29;        9.29;'3859890587620';HRANA;        0.00;        0.00
SUHA ŠLJIVA BEZ KOŠTICE                 ;118595    ;MARJAN-VOÆE d.o.o.ZAGREB;        1.00;kg ;        7.19;        7.19;'3859890587644';HRANA;        0.00;        0.00
KOŠTICE SLANE                           ;175891    ;MARJAN-VOÆE d.o.o.ZAGREB;        1.00;kg ;        8.99;        8.99;'3859890587965';HRANA;        0.00;        0.00
BRUSNICA SUHA                           ;194776    ;MARJAN-VOÆE d.o.o.ZAGREB;        1.00;kg ;        7.99;        7.99;'3859891427161';HRANA;        0.00;        0.00
INDIJSKI ORAŠÈIÆ                        ;194778    ;MARJAN-VOÆE d.o.o.ZAGREB;        1.00;kg ;       18.99;       18.99;'3859890587521';HRANA;        0.00;        0.00
SUHE GROŽÐICE 500g                      ;198824    ;MARJAN-VOÆE d.o.o.ZAGREB;        0.50;kg ;        2.49;        4.98;'3858893921462';HRANA;        0.00;        0.00
SUHO MIJEŠANO VOÆE                      ;210738    ;MARJAN-VOÆE d.o.o.ZAGREB;        1.00;kg ;        7.99;        7.99;'3859890587606';HRANA;        0.00;        0.00
KIKIRIKI OLJUŠTENI PRŽENI SLANI         ;311128    ;MARJAN-VOÆE d.o.o.ZAGREB;        1.00;kg ;        4.79;        4.79;'3859891427475';HRANA;        0.00;        0.00
BADEM RFS                               ;50113     ;MARJAN-VOÆE d.o.o.ZAGREB;        1.00;kg ;       11.49;       11.49;'3859890587484';HRANA;        0.00;        0.00
KUKURUZ KOKIÈAR RFS                     ;50614     ;TONY-WAY D.O.O.;        1.00;kg ;        1.49;        1.49;'3859890587576';HRANA;        0.00;        0.00
BADEM JEZGRA 500g                       ;627534    ;MARJAN-VOÆE d.o.o.ZAGREB;        0.50;kg ;        5.29;       10.58;'3859893512667';HRANA;        0.00;        0.00
ORAH JEZGRA 500g                        ;627536    ;MARJAN-VOÆE d.o.o.ZAGREB;        0.50;kg ;        4.49;        8.98;'3859893512643';HRANA;        0.00;        0.00
LJEŠNJAK JEZGRA 300g                    ;647778    ;MARJAN-VOÆE d.o.o.ZAGREB;        0.30;kg ;        4.49;       14.97;'3858893921202';HRANA;        0.00;        0.00
SUHA ŠLJIVA BK PAKIRANA 500g            ;647779    ;MARJAN-VOÆE d.o.o.ZAGREB;        0.50;kg ;        0.00;        5.18;'3858893921400';HRANA;        3.19;        2.59
BRUSNICA SUHA PAKIRANA 400g             ;647780    ;MARJAN-VOÆE d.o.o.ZAGREB;        0.40;kg ;        3.99;        9.98;'3859893512407';HRANA;        0.00;        0.00
SUHE GROŽÐICE                           ;66213     ;MARJAN-VOÆE d.o.o.ZAGREB;        1.00;kg ;        4.99;        4.99;'3859890587545';HRANA;        0.00;        0.00
ŠUM.TABLETE MULTI.VITAM.C 250MG 80g     ;239822    ;ATLANTIC TRADE d.o.o.;        0.08;kg ;        2.19;       27.38;'8606013060547';HRANA;        0.00;        0.00
ŠUM.TAB.NATUREL MULTIVIT.96g            ;266106    ;NATUREL        ;        0.10;kg ;        2.25;       23.44;'3858887241729';HRANA;        0.00;        0.00
ŠUM.TAB.NATUREL VITAMIN C 96g           ;266107    ;NATUREL        ;        0.10;kg ;        2.25;       23.44;'3858887241712';HRANA;        0.00;        0.00
ŠUMEÆE TABL.NATUREL MAGNEZIJ 96g        ;281981    ;NATUREL        ;        0.10;kg ;        2.25;       23.44;'3858887241743';HRANA;        0.00;        0.00
ŠUMEÆE TABL.NATUREL KALCIJ 96g          ;281996    ;NATUREL        ;        0.10;kg ;        2.25;       23.44;'3858887241736';HRANA;        0.00;        0.00
NATUREL ŠUMEÆE TABLET ŽELJEZO+C 96g     ;352323    ;NATUREL        ;        0.12;kg ;        2.25;       19.57;'3858887246489';HRANA;        0.00;        0.00
NATUREL ENERGY DIREKT 30g               ;592774    ;NATUREL        ;        0.03;kg ;        2.89;       96.33;'3858889365041';HRANA;        0.00;        0.00
NATUREL MAGNEZIJ 375+VITAMIN B6 DIREKT  ;598828    ;NATUREL        ;        0.03;kg ;        3.29;      109.67;'3858889365034';HRANA;        0.00;        0.00
NATUREL ŠUM.TABL.BEZ ZASLAÐ.80g         ;608993    ;NATUREL        ;        0.08;kg ;        2.90;       36.25;'3858889365355';HRANA;        0.00;        0.00
MULTIVITA MAGNEZIJ NARANÈA 80g          ;634375    ;ATLANTIC TRADE d.o.o.;        0.08;kg ;        2.19;       27.38;'3858881249240';HRANA;        0.00;        0.00
MULTIVITA KAPSULE VIT C500 14,7g**      ;655627    ;ATLANTIC TRADE d.o.o.;        0.02;kg ;        4.99;      332.67;'3858881249028';HRANA;        0.00;        0.00
ŠUMEÆE TAB.MEGAFIT ŽELJEZO+C VIT.       ;83475     ;ENCIAN D.O.O.;        0.09;kg ;        1.66;       18.44;'3859889425049';HRANA;        0.00;        0.00
ŠUMEÆE TAB.MEGAFIT VIT.C 90g            ;83476     ;ENCIAN D.O.O.;        0.09;kg ;        1.66;       18.44;'3859889425018';HRANA;        0.00;        0.00
ŠUMEÆE TAB.MEGAFIT KALCIJ 90g           ;89803     ;ENCIAN D.O.O.;        0.09;kg ;        1.66;       18.44;'3859889425025';HRANA;        0.00;        0.00
ŠUMEÆE TABL.MEGAFIT MAGNEZIJ 80g        ;93708     ;ENCIAN D.O.O.;        0.08;kg ;        1.66;       20.75;'3859889425032';HRANA;        0.00;        0.00
ŠUMEÆE TABL.MEGAFIT MULTIVITAMIN 80g    ;93709     ;ENCIAN D.O.O.;        0.08;kg ;        1.66;       20.75;'3859889425001';HRANA;        0.00;        0.00
KRAŠ EXPRESS 8 VIT.330g                 ;01089     ;KRAŠ d.d.;        0.33;kg ;        3.99;       12.09;'3850102111152';HRANA;        0.00;        0.00
VRUÆA ÈOKOLADA 25g CIOBAR               ;106689    ;DR.OETKER d.o.o.ZAGREB;        0.03;kg ;        0.85;       34.00;'5997381329392';HRANA;        0.00;        0.00
BENQUICK KAKAO 400g                     ;16990     ;BENQUICK       ;        0.40;kg ;        3.49;        8.73;'3838900030059';HRANA;        0.00;        0.00
BENQUICK KAKAO 800g                     ;16991     ;BENQUICK       ;        0.80;kg ;        5.99;        7.49;'3838900030400';HRANA;        0.00;        0.00
VRUÆA ÈOK.BIJELA 125g CIOBAR            ;178420    ;DR.OETKER d.o.o.ZAGREB;        0.13;kg ;        0.00;       23.92;'5997381334693';HRANA;        3.49;        2.99
VRUÆA ÈOKOLADA 125g CIOBAR              ;178421    ;DR.OETKER d.o.o.ZAGREB;        0.13;kg ;        0.00;       23.92;'5997381334686';HRANA;        3.49;        2.99
KRAŠ EXPRESS 800g                       ;348939    ;KRAŠ d.d.;        0.80;kg ;        6.99;        8.74;'3850102126927';HRANA;        0.00;        0.00
KRAŠ EXPRESS 400g                       ;447527    ;KRAŠ d.d.;        0.40;kg ;        4.19;       10.48;'3850102506996';HRANA;        0.00;        0.00
NESQUICK KAKAO KUTIJA 490g              ;518331    ;ALCA ZAGREB D.O.O.;        0.49;kg ;        4.99;       10.18;'7613034916891';HRANA;        0.00;        0.00
QUICK MILK ÈOKOLADA ÈAROBNA SLAMKA 30g  ;535559    ;QUICK          ;        0.03;kg ;        0.79;       26.33;'5996071650648';HRANA;        0.00;        0.00
QUICK MILK JAGODA ÈAROBNA SLAMKA 30g    ;535561    ;QUICK          ;        0.03;kg ;        0.79;       26.33;'5996071650655';HRANA;        0.00;        0.00
QUICK MILK VANILIJA ÈAROBNA SLAMKA 30g  ;535562    ;QUICK          ;        0.03;L  ;        0.79;       26.33;'5996071650631';HRANA;        0.00;        0.00
QUICK MILK CHOCO BANANA È SLAMKA 30g    ;540410    ;QUICK          ;        0.03;kg ;        0.79;       26.33;'5996071655384';HRANA;        0.00;        0.00
NESQUICK INSTANT KAKAO 13,5g            ;567694    ;ALCA ZAGREB D.O.O.;        0.01;kg ;        0.45;       32.14;'7613036624008';HRANA;        0.00;        0.00
QUICK MILK SLANA KARAMELA 30g           ;650410    ;QUICK          ;        0.03;kg ;        0.79;       26.33;'5996071710199';HRANA;        0.00;        0.00
NESQUICK 400g+100g                      ;650632    ;ALCA ZAGREB D.O.O.;        0.00;   ;        4.59;        0.00;'8445291197725';HRANA;        0.00;        0.00
CHOCO HOO 200g                          ;658410    ;ANAMARIA COMPANY D.O.O;        0.00;   ;        1.99;        0.00;'3858881776371';HRANA;        0.00;        0.00
NESQUICK NESTLE 200g                    ;88971     ;ALCA ZAGREB D.O.O.;        0.20;kg ;        3.36;       16.80;'5998710960729';HRANA;        0.00;        0.00
NESQUICK NESTLE 400g                    ;88972     ;ALCA ZAGREB D.O.O.;        0.40;kg ;        3.99;        9.98;'5998710960736';HRANA;        0.00;        0.00
NESQUICK NESTLE 800g                    ;88992     ;ALCA ZAGREB D.O.O.;        0.80;kg ;        8.99;       11.24;'5998710960798';HRANA;        0.00;        0.00
CAPPUCINO CLASSIC 200g VREÆ.ANAMARIJA   ;111095    ;ANAMARIA COMPANY D.O.O;        0.20;kg ;        2.39;       11.95;'3858881770447';HRANA;        0.00;        0.00
CAPPUCCINO VANILIJA 200g ANAMARIJA      ;21777     ;ANAMARIA COMPANY D.O.O;        0.20;kg ;        2.39;       11.95;'3858881770669';HRANA;        0.00;        0.00
CAPPUCCINO ÈOKOLADA 200g ANAMARIJA      ;21778     ;ANAMARIA COMPANY D.O.O;        0.20;kg ;        2.39;       11.95;'3858881770676';HRANA;        0.00;        0.00
CAPPUCCINO CLASSIC EXTRA 200g           ;242570    ;FRANCK d.d.;        0.20;kg ;        3.59;       17.95;'3858881083615';HRANA;        0.00;        0.00
CAPPUCINO ÈOKOLADA 200g FRANCK          ;274149    ;FRANCK d.d.;        0.20;kg ;        3.59;       17.95;'3858881084476';HRANA;        0.00;        0.00
CAPPUCCINO VANILIJA 200g FRANCK         ;274645    ;FRANCK d.d.;        0.20;kg ;        3.59;       17.95;'3858881084469';HRANA;        0.00;        0.00
CAPPUCCINO IRISH VREÆICA 200g FRANCK    ;385343    ;FRANCK d.d.;        0.20;kg ;        3.59;       17.95;'3858881085961';HRANA;        0.00;        0.00
NESCAFE CAPPUCCINO BEZ KOFEINA 125g     ;414315    ;NESCAFE        ;        0.13;kg ;        3.99;       31.92;'3033710075324';HRANA;        0.00;        0.00
CAPPUCINO IRISH CREAM 200g ANAMARIJA    ;425094    ;ANAMARIA COMPANY D.O.O;        0.20;kg ;        2.39;       11.95;'3858881774308';HRANA;        0.00;        0.00
CAPPUCINO VANILIJA ANAMARIJA 144g       ;427707    ;ANAMARIA COMPANY D.O.O;        0.14;kg ;        2.29;       15.90;'3858881774278';HRANA;        0.00;        0.00
CAPPUCINO ÈOKOLADA ANAMARIJA 144g       ;427740    ;ANAMARIA COMPANY D.O.O;        0.14;kg ;        2.29;       15.90;'3858881774292';HRANA;        0.00;        0.00
CAPPUCINO IRISH 144g ANAMARIJA          ;428224    ;ANAMARIA COMPANY D.O.O;        0.14;kg ;        2.29;       15.90;'3858881774322';HRANA;        0.00;        0.00
CAPPUCINO RUM I KOKOS 200g ANA.         ;446762    ;ANAMARIA COMPANY D.O.O;        0.20;kg ;        2.39;       11.95;'3858881774919';HRANA;        0.00;        0.00
GLORIA CAPPUCINO CLASSIC 200g FRANCK    ;505346    ;FRANCK d.d.;        0.20;kg ;        0.00;       11.45;'3858881087804';HRANA;        2.79;        2.29
GLORIA CAPPUCINO VANILIJA 200g FRANCK   ;505347    ;FRANCK d.d.;        0.20;kg ;        0.00;       11.45;'3858881087828';HRANA;        2.79;        2.29
CAPPUCINO VANILIJA FRANCK 148g          ;526332    ;FRANCK d.d.;        0.15;kg ;        3.89;       26.28;'3858881088337';HRANA;        0.00;        0.00
CAPPUCINO CLASSIC FRANCK 112g           ;526908    ;FRANCK d.d.;        0.11;kg ;        3.89;       34.73;'3858881088313';HRANA;        0.00;        0.00
CAPPUCINO ÈOKOLADA FRANCK 144g          ;526909    ;FRANCK d.d.;        0.14;kg ;        3.89;       27.01;'3858881088320';HRANA;        0.00;        0.00
CAPPUCINO IRISH CREAM 160g FRANCK       ;526910    ;FRANCK d.d.;        0.16;kg ;        3.89;       24.31;'3858881088344';HRANA;        0.00;        0.00
CAPPUCINO KOKOS I B.ÈOKOLADA 148g FRANCK;526911    ;FRANCK d.d.;        0.15;kg ;        3.89;       26.28;'3858881088351';HRANA;        0.00;        0.00
CAPPUCINO S MANJE ŠEÆERA 112g           ;526912    ;FRANCK d.d.;        0.11;kg ;        3.89;       34.73;'3858881088382';HRANA;        0.00;        0.00
CAPPUCINO FRANCK BEZ KOFEINA 112g       ;527195    ;FRANCK d.d.;        0.11;kg ;        3.89;       34.73;'3858881088375';HRANA;        0.00;        0.00
CAPPUCCINO NOUGAT CREAM 148g FRANCK     ;527800    ;FRANCK d.d.;        0.15;kg ;        3.89;       26.28;'3858881088627';HRANA;        0.00;        0.00
GLORIA CAPPUCCINO IRISH 200g            ;567858    ;FRANCK d.d.;        0.20;kg ;        0.00;       11.45;'3850291049090';HRANA;        2.79;        2.29
CAPPUCCINO GOLDEN CLASSIC 200g          ;576569    ;ANAMARIA COMPANY D.O.O;        0.20;kg ;        1.99;        9.95;'3858881775367';HRANA;        0.00;        0.00
CAPPUCCINO GOLDEN VANILIJA 200g         ;576570    ;ANAMARIA COMPANY D.O.O;        0.20;kg ;        1.99;        9.95;'3858881775381';HRANA;        0.00;        0.00
CAPPUCCINO GOLDEN ÈOKOLADA 200g         ;576571    ;ANAMARIA COMPANY D.O.O;        0.20;kg ;        1.99;        9.95;'3858881775374';HRANA;        0.00;        0.00
BARCAFFE CAPPUCCINO CHOCO 144g          ;603174    ;BARCAFFE       ;        0.14;kg ;        3.89;       27.01;'3838471042796';HRANA;        0.00;        0.00
BARCAFFE CAPPUCCINO CLASSIC 120g        ;603176    ;BARCAFFE       ;        0.12;kg ;        3.89;       32.42;'3838471042819';HRANA;        0.00;        0.00
BARCAFFE CAPPUCCINO IRISH CREAM 144g    ;603178    ;BARCAFFE       ;        0.14;kg ;        3.89;       27.01;'3838471042772';HRANA;        0.00;        0.00
BARCAFFE CAPPUCCINO VANILLA 144g        ;603180    ;BARCAFFE       ;        0.14;kg ;        3.89;       27.01;'3838471042765';HRANA;        0.00;        0.00
CAPPUCCINO ARABESCA 200g IRISH          ;625948    ;ARABESCA D.O.O.;        0.20;kg ;        2.79;       13.95;'3858886804154';HRANA;        0.00;        0.00
CAPPUCCINO ARABESCA LJEŠNJAK 200g       ;625949    ;ARABESCA D.O.O.;        0.20;kg ;        2.79;       13.95;'3858886804161';HRANA;        0.00;        0.00
CAPPUCINO JABOBS MILKA 15.8g            ;646233    ;JACOBS         ;        0.02;kg ;        0.00;       39.33;'8711000680179';HRANA;        0.65;        0.59
CAPPUCINO JACOBS VANILIA 12g            ;646235    ;JACOBS         ;        0.01;kg ;        0.00;       49.17;'8711000680216';HRANA;        0.65;        0.59
CAPPUCINO JACOBS HAZELNUT 16.5g         ;646237    ;JACOBS         ;        0.02;kg ;        0.00;       36.88;'8711000493939';HRANA;        0.65;        0.59
CAPPUCINO BAJADERA 8X18,5g FRANCK       ;648090    ;FRANCK d.d.;        0.15;kg ;        4.29;       28.99;'3850291055459';HRANA;        0.00;        0.00
CAPPUCINO GRIOTTE 8X18g FRANCK          ;648091    ;FRANCK d.d.;        0.14;kg ;        3.89;       27.01;'3850291055442';HRANA;        0.00;        0.00
CAPPUCINO FONTANA LED.KOCKE 8X18g       ;648092    ;FRANCK d.d.;        0.14;kg ;        3.89;       27.01;'3850291055466';HRANA;        0.00;        0.00
NESCAFE CAPP.IRISH 8X14g                ;653102    ;NESCAFE        ;        0.11;kg ;        3.99;       35.63;'8445291532236';HRANA;        0.00;        0.00
NESCAFE CAPP.VANILLA 8X14g              ;653103    ;NESCAFE        ;        0.11;kg ;        3.99;       35.63;'8445291532045';HRANA;        0.00;        0.00
NESCAFE CAPP.CLASSIC 8X13,5g            ;653104    ;NESCAFE        ;        0.11;kg ;        3.99;       36.94;'8445291531581';HRANA;        0.00;        0.00
NESCAFE CAPP.CHOCO 8X14g                ;653105    ;NESCAFE        ;        0.11;kg ;        3.99;       35.63;'8445291532090';HRANA;        0.00;        0.00
NESCAFE CAPPUCCINO VANILL.3X112g        ;653110    ;ALCA ZAGREB D.O.O.;        0.34;kg ;        7.98;       23.75;'8445291599581';HRANA;        0.00;        0.00
NESCAFE CAPPUCCINO IRISH 3X112g         ;653111    ;ALCA ZAGREB D.O.O.;        0.34;kg ;        7.98;       23.75;'8445291599710';HRANA;        0.00;        0.00
NESCAFE CAPP.VANILLA MEGA PACK 196g     ;653886    ;NESCAFE        ;        0.20;kg ;        6.49;       33.11;'8445291643796';HRANA;        0.00;        0.00
NESCAFE CAPP.CLASSIC MEGA PACK 189g     ;653887    ;NESCAFE        ;        0.19;kg ;        6.49;       34.34;'8445291643772';HRANA;        0.00;        0.00
GLORIA CAPPUCINO ÈOKOLADA 200g FRANCK   ;655392    ;FRANCK d.d.;        0.20;kg ;        0.00;       11.45;'3850291055558';HRANA;        2.79;        2.29
BARCAFFE CAPPUCCINO LJEŠNJAK 144g       ;655722    ;BARCAFFE       ;        0.14;kg ;        3.89;       27.01;'3838471057172';HRANA;        0.00;        0.00
BARCAFFE CAPPUCCINO SET+PJENILICA       ;658580    ;ATLANTIC TRADE d.o.o.;        0.00;   ;        7.78;        0.00;'3838471059480';HRANA;        0.00;        0.00
CAPPUCCINO PISTACHIO 144g FRANCK        ;663324    ;FRANCK d.d.;        0.14;kg ;        3.89;       27.01;'3850291056043';HRANA;        0.00;        0.00
CEDEVITA LIMUN 200g                     ;154624    ;CEDEVITA       ;        0.20;kg ;        2.19;       10.95;'3850322003534';HRANA;        0.00;        0.00
CEDEVITA NARANÈA 200g                   ;166759    ;CEDEVITA       ;        0.20;kg ;        2.19;       10.95;'3850322003527';HRANA;        0.00;        0.00
CEDEVITA NARANÈA 19g                    ;248298    ;CEDEVITA       ;        0.02;kg ;        0.61;       32.11;'3850322009284';HRANA;        0.00;        0.00
CEDEVITA LIMETA 200g                    ;274651    ;CEDEVITA       ;        0.20;kg ;        2.19;       10.95;'3850322007099';HRANA;        0.00;        0.00
JUICY VITA LIMUN 200g JAMNICA           ;385130    ;AWTINTERNATIONAL D.O.O. ZAGREB;        0.20;kg ;        1.99;        9.95;'3877000427482';HRANA;        0.00;        0.00
JUICY VITA NARANÈA 200g JAMNICA         ;385131    ;AWTINTERNATIONAL D.O.O. ZAGREB;        0.20;kg ;        1.99;        9.95;'3877000427369';HRANA;        0.00;        0.00
CEDEVITA LIMUN 19g                      ;421767    ;CEDEVITA       ;        0.02;kg ;        0.61;       32.11;'3850322009154';HRANA;        0.00;        0.00
CEDEVITA LIMETA 19g                     ;421932    ;CEDEVITA       ;        0.02;kg ;        0.61;       32.11;'3850322009192';HRANA;        0.00;        0.00
CEDEVITA BAZGA I LIMUN 19g              ;421933    ;CEDEVITA       ;        0.02;kg ;        0.61;       32.11;'3850322009406';HRANA;        0.00;        0.00
CEDEVITA BAZGA I LIMUN 200g             ;514704    ;CEDEVITA       ;        0.20;kg ;        2.19;       10.95;'3850322009871';HRANA;        0.00;        0.00
NOVA VITA NARANÈA 500g                  ;580383    ;NOVA VITA      ;        0.50;kg ;        2.39;        4.78;'3870080000781';HRANA;        0.00;        0.00
NOVA VITA LIMUN 500g                    ;580384    ;NOVA VITA      ;        0.50;kg ;        2.39;        4.78;'3870080000811';HRANA;        0.00;        0.00
NOVA VITA LIMUN 1kg                     ;581366    ;NOVA VITA      ;        1.00;kg ;        3.98;        3.98;'3870080000828';HRANA;        0.00;        0.00
CEVITANA LIMUN 920g                     ;583843    ;CEVITANA       ;        0.92;kg ;        3.99;        4.34;'5310005001489';HRANA;        0.00;        0.00
CEVITANA NARANÈA 920g                   ;583844    ;CEVITANA       ;        0.92;kg ;        5.49;        5.97;'5310005001496';HRANA;        0.00;        0.00
CEVITANA LIMUN 500g                     ;608566    ;CEVITANA       ;        0.50;kg ;        2.65;        5.30;'5310005005104';HRANA;        0.00;        0.00
CEVITANA NARANÈA 500g                   ;608592    ;CEVITANA       ;        0.50;kg ;        2.69;        5.38;'5310005005098';HRANA;        0.00;        0.00
CEDEVITA NARANÈA 455g                   ;611733    ;CEDEVITA       ;        0.46;kg ;        4.39;        9.65;'3850322014882';HRANA;        0.00;        0.00
CEDEVITA LIMUN 455g                     ;611734    ;CEDEVITA       ;        0.46;kg ;        4.39;        9.65;'3850322014905';HRANA;        0.00;        0.00
CEDEVITA LIMETA 455g                    ;611735    ;CEDEVITA       ;        0.46;kg ;        4.39;        9.65;'3850322014929';HRANA;        0.00;        0.00
CEDEVITA BAZGA LIMUN 455g               ;611737    ;CEDEVITA       ;        0.46;kg ;        4.39;        9.65;'3850322014943';HRANA;        0.00;        0.00
CEDEVITA NARANÈA 900g                   ;613554    ;CEDEVITA       ;        0.00;   ;        6.69;        0.00;'3850322014981';HRANA;        0.00;        0.00
CEDEVITA LIMUN 900g                     ;613555    ;CEDEVITA       ;        0.90;kg ;        6.69;        7.43;'3850322015001';HRANA;        0.00;        0.00
CEDEVITA BAZGA LIMUN 900g               ;613556    ;CEDEVITA       ;        0.90;kg ;        6.69;        7.43;'3850322015049';HRANA;        0.00;        0.00
CEDEVITA LIMETA 900g                    ;613581    ;CEDEVITA       ;        0.90;kg ;        6.69;        7.43;'3850322015025';HRANA;        0.00;        0.00
MULTIVITA DIRECT MAGNEZIJ+VIT.E 20/1    ;616198    ;MULTIVITA      ;        0.03;kg ;        4.89;      163.00;'3858881248502';HRANA;        0.00;        0.00
JUICY VITA NARANÈA 900g                 ;636298    ;AWTINTERNATIONAL D.O.O. ZAGREB;        0.90;kg ;        5.95;        6.61;'3858890973600';HRANA;        0.00;        0.00
JUICY VITA LIMUN 900g                   ;636299    ;JUICY          ;        0.90;kg ;        5.95;        6.61;'3858890973631';HRANA;        0.00;        0.00
CEDEVITA ANANAS MANGO 200g              ;642355    ;CEDEVITA       ;        0.20;kg ;        2.19;       10.95;'3850322016244';HRANA;        0.00;        0.00
CEDEVITA ANANAS MANGO 455g              ;642356    ;CEDEVITA       ;        0.46;kg ;        4.39;        9.65;'3850322016268';HRANA;        0.00;        0.00
CEDEVITA ANANAS MANGO 900g              ;642357    ;CEDEVITA       ;        0.90;kg ;        6.69;        7.43;'3850322016626';HRANA;        0.00;        0.00
TOCO LOCO LIMUN 550g                    ;650321    ;TOCO LOCO      ;        0.55;kg ;        4.99;        9.07;'3856028500704';HRANA;        0.00;        0.00
TOCO LOCO NARANÈA 550g                  ;650322    ;TOCO LOCO      ;        0.55;kg ;        4.99;        9.07;'3856028500674';HRANA;        0.00;        0.00
CEVITANA LIMUN MINT 500g                ;650384    ;CEVITANA       ;        0.50;kg ;        2.65;        5.30;'5310005019415';HRANA;        0.00;        0.00
CEVITANA MANGO 500g                     ;650385    ;CEVITANA       ;        0.50;kg ;        2.65;        5.30;'5310005019392';HRANA;        0.00;        0.00
MULTIVITA KALCIJ PLUS 80g               ;655110    ;MULTIVITA      ;        0.08;kg ;        2.19;       27.38;'3858881249288';HRANA;        0.00;        0.00
MULTIVITA EFERVETA PLUS 80g             ;655111    ;MULTIVITA      ;        0.08;kg ;        2.19;       27.38;'3858881249257';HRANA;        0.00;        0.00
CEVITANA NARANÈA 1200g                  ;657302    ;HURIKAN D.O.O.;        1.20;kg ;        5.49;        4.58;'5310005026796';HRANA;        0.00;        0.00
CEVITANA LIMUN 1200g                    ;657303    ;HURIKAN D.O.O.;        1.20;kg ;        5.49;        4.58;'5310005026819';HRANA;        0.00;        0.00
POMMES FRITES 1/1 LEDO                  ;03011     ;LEDO           ;        1.00;kg ;        4.49;        4.49;'3850116677477';HRANA;        0.00;        0.00
POMMES FRITES L PREMIUM 2.5kg LEDO      ;05909     ;LEDO           ;        2.50;kg ;        7.09;        2.84;'3850116795478';HRANA;        0.00;        0.00
POMMES FRITES 2,5kg FRESCO              ;182082    ;FRESCO         ;        2.50;kg ;        6.29;        2.52;'3850116774886';HRANA;        0.00;        0.00
POMMES FRITES FRESCO 1kg                ;192008    ;FRESCO         ;        1.00;kg ;        3.98;        3.98;'3850116782409';HRANA;        0.00;        0.00
PLOŠKE ML.KRUMPIRA S KOŽ.2500g LEDO     ;216749    ;LEDO           ;        2.50;kg ;        7.79;        3.12;'3850116810669';HRANA;        0.00;        0.00
POMMES FRITES 1kg SUNNY FRIES           ;331425    ;SUNNY FRIES    ;        1.00;kg ;        1.99;        1.99;'8710449988747';HRANA;        0.00;        0.00
POMMES FRITES 2,5kg COUNTRY HOUSE       ;356295    ;COUNTRY        ;        2.50;kg ;        4.99;        2.00;'8710449001972';HRANA;        0.00;        0.00
KRUMPIR KRIŠKE 2,5kg AVIKO JACKET WEDGES;534772    ;AVIKO          ;        2.50;kg ;        5.97;        2.39;'8710449001873';HRANA;        0.00;        0.00
AVIKO KRIŠKE 600g                       ;567088    ;AVIKO          ;        0.60;kg ;        2.39;        3.98;'8710449986200';HRANA;        0.00;        0.00
AVIKO POMMES ZIG ZAG 750g               ;573488    ;AVIKO          ;        0.75;kg ;        2.52;        3.36;'8710449944583';HRANA;        0.00;        0.00
POMMES FRITES 1kg BARKA                 ;600795    ;DIGIT ADRIA DOO;        1.00;kg ;        1.89;        1.89;'8606109080190';HRANA;        0.00;        0.00
POMMES REBRASTI 750g LEDO               ;606004    ;LEDO           ;        0.75;kg ;        4.49;        5.99;'3850116038735';HRANA;        0.00;        0.00
POMMES FRITES EXTRA TANKI 600g          ;639741    ;LEDO           ;        0.60;kg ;        3.99;        6.65;'3850116063867';HRANA;        0.00;        0.00
POMMES FRITES 500g LEDO                 ;656808    ;LEDO           ;        0.50;kg ;        2.79;        5.58;'3850116068053';HRANA;        0.00;        0.00
KRUMPIR PEKARSKI ZAÈINJENI 750g LEDO    ;690171    ;LEDO           ;        0.75;kg ;        4.29;        5.72;'3850116006741';HRANA;        0.00;        0.00
BJELILO ZA KAVU 150g ANAMARIJA          ;346008    ;ANAMARIA COMPANY D.O.O;        0.15;kg ;        1.99;       13.27;'3858881772977';HRANA;        0.00;        0.00
CAFFELATTE LATTE MACCHIATO 200mL        ;438403    ;PARMALAT       ;        0.20;L  ;        1.99;        9.95;'8594002782023';HRANA;        0.00;        0.00
LEDENA KAVA HELL LATTE 250mL            ;586772    ;HELL ENERGY ADRIA D.O.O.;        0.25;L  ;        1.59;        6.36;'5999860497073';HRANA;        0.00;        0.00
LEDENA KAVA HELL DOUBLE ESPRES.250mL    ;627284    ;HELL ENERGY ADRIA D.O.O.;        0.25;L  ;        1.59;        6.36;'5999860497646';HRANA;        0.00;        0.00
STARBUCKS CAPPUCCINO CUP 220mL          ;633960    ;STANIÆ D.O.O.;        0.22;L  ;        2.39;       10.86;'5711953166396';HRANA;        0.00;        0.00
STARBUCKS CAFFE LATTE CUP 220mL         ;633961    ;STANIÆ D.O.O.;        0.22;L  ;        2.39;       10.86;'5711953166372';HRANA;        0.00;        0.00
CAFFE LATE 250mL VINDIJA                ;634740    ;Z BREGOV       ;        0.25;L  ;        1.49;        5.96;'3850108021936';HRANA;        0.00;        0.00
CAPPUCCINO 250mL VINDIJA                ;634741    ;Z BREGOV       ;        0.25;L  ;        1.49;        5.96;'3850108021943';HRANA;        0.00;        0.00
LEDENA KAVA MANJE ŠEÆERA CAPP.LANDESSA  ;637992    ;AWTINTERNATIONAL D.O.O. ZAGREB;        0.23;L  ;        1.79;        7.78;'9004380191403';HRANA;        0.00;        0.00
LEDENA KAVA ZOB.BEZ GLUTENA 230mL       ;646622    ;LANDESSA       ;        0.23;L  ;        1.89;        8.22;'9004380188908';HRANA;        0.00;        0.00
LEDENA KAVA LANDESSA CAFFE LATTE 230mL  ;690301    ;AWTINTERNATIONAL D.O.O. ZAGREB;        0.23;L  ;        1.46;        6.35;'9004380071408';HRANA;        0.00;        0.00
LEDENA KAVA LANDESSA CAPPUCCINO 230mL   ;690302    ;AWTINTERNATIONAL D.O.O. ZAGREB;        0.23;L  ;        1.46;        6.35;'9004380071507';HRANA;        0.00;        0.00
LEDENA KAVA HELL SAL.CARAMEL 250mL      ;690856    ;HELL ENERGY ADRIA D.O.O.;        0.25;L  ;        1.59;        6.36;'5999571050611';HRANA;        0.00;        0.00
LEDENA KAVA MACCHIATO 230mL LANDESSA    ;691053    ;AWTINTERNATIONAL D.O.O. ZAGREB;        0.23;L  ;        1.79;        7.78;'9004380079602';HRANA;        0.00;        0.00
LEDENA KAVA CAPPUCCINO 230mL LANDESSA   ;691054    ;AWTINTERNATIONAL D.O.O. ZAGREB;        0.23;L  ;        1.79;        7.78;'9004380014306';HRANA;        0.00;        0.00
LEDENA KAVA BARISTA LATTE 250mL NESCAFE ;691121    ;NESCAFE        ;        0.25;L  ;        2.02;        8.08;'8445290619198';HRANA;        0.00;        0.00
LEDENA KAVA BARISTA CAPP.250mL NESCAFE  ;691122    ;NESCAFE        ;        0.25;L  ;        2.02;        8.08;'8445290618498';HRANA;        0.00;        0.00
LEDENA KAVA 0,235L VINDIJA              ;692389    ;VINDIJA        ;        0.24;L  ;        1.49;        6.34;'3850108021066';HRANA;        0.00;        0.00
ŠUMSKO VOÆE 300g O PLANT                ;656780    ;O'PLANT        ;        0.30;kg ;        3.39;       11.30;'3856020279387';HRANA;        0.00;        0.00
JAGODA SMRZ.400g BAKINA KUHINJA         ;690291    ;BAKINA KUHINJA ;        0.40;kg ;        2.59;        6.48;'3858883225075';HRANA;        0.00;        0.00
VIŠNJA 300g LEDO                        ;690994    ;LEDO           ;        0.30;kg ;        3.99;       13.30;'3850116053554';HRANA;        0.00;        0.00
MALINA 300g LEDO                        ;690995    ;LEDO           ;        0.30;kg ;        4.99;       16.63;'3850116053615';HRANA;        0.00;        0.00
ŠUMSKO VOÆE 300g LEDO                   ;690996    ;LEDO           ;        0.30;kg ;        3.99;       13.30;'3850116053585';HRANA;        0.00;        0.00
BOROVNICA 300g LEDO                     ;690997    ;LEDO           ;        0.30;kg ;        4.49;       14.97;'3850116053646';HRANA;        0.00;        0.00
MALINA 300g FROZY                       ;691093    ;FROZY          ;        0.30;kg ;        3.59;       11.97;'3858891043258';HRANA;        0.00;        0.00
ŠUMSKO VOÆE 300g FROZY                  ;691094    ;FROZY          ;        0.30;kg ;        2.39;        7.97;'3858891043500';HRANA;        0.00;        0.00
VIŠNJA 300g FROZY                       ;691095    ;FROZY          ;        0.30;kg ;        2.39;        7.97;'3858891043234';HRANA;        0.00;        0.00
VEGETA VREÆICA 75g                      ;02001     ;VEGETA         ;        0.08;kg ;        1.09;       14.53;'3850104008054';HRANA;        0.00;        0.00
VEGETA VREÆICA 250g                     ;02004     ;VEGETA         ;        0.25;kg ;        2.19;        8.76;'3850104008597';HRANA;        0.00;        0.00
VEGETA VREÆICA 500g                     ;02005     ;VEGETA         ;        0.50;kg ;        3.99;        7.98;'3850104008443';HRANA;        0.00;        0.00
VEGETA VREÆICA 2kg                      ;02008     ;VEGETA         ;        2.00;kg ;       13.39;        6.70;'3850104047077';HRANA;        0.00;        0.00
VEGETA VREÆICA 1kg                      ;02721     ;VEGETA         ;        1.00;kg ;        0.00;        5.99;'3850104047046';HRANA;        7.69;        5.99
VEGETA VREÆICA 150g                     ;247295    ;VEGETA         ;        0.15;kg ;        1.89;       12.60;'3850104226212';HRANA;        0.00;        0.00
FINIŠ 250g FAMI                         ;290207    ;FAMI           ;        0.25;kg ;        1.05;        4.20;'3858883732955';HRANA;        0.00;        0.00
FINIŠ 500g FAMI                         ;290208    ;FAMI           ;        0.50;kg ;        1.87;        3.74;'3858883732962';HRANA;        0.00;        0.00
FINIŠ 1000g FAMI                        ;290209    ;FAMI           ;        1.00;kg ;        3.44;        3.44;'3858883732979';HRANA;        0.00;        0.00
VEGETA NATUR VREÈICA 150g               ;305901    ;VEGETA         ;        0.15;kg ;        2.19;       14.60;'3850104248832';HRANA;        0.00;        0.00
VEGETA STAKLENA DOZA 400g               ;305903    ;VEGETA         ;        0.40;kg ;        3.79;        9.48;'3850104249600';HRANA;        0.00;        0.00
VEGETA BOÈICA 200g                      ;358622    ;VEGETA         ;        0.20;kg ;        2.39;       11.95;'3850104255274';HRANA;        0.00;        0.00
VEGETA VREÆICA 250g+50g GRATIS          ;427114    ;VEGETA         ;        0.30;kg ;        2.19;        7.30;'3850104216466';HRANA;        0.00;        0.00
VEGETA MEDITERAN 100g PODRAVKA          ;429471    ;VEGETA         ;        0.10;kg ;        1.49;       14.90;'3850104273483';HRANA;        0.00;        0.00
VEGETA NATUR CHILI 100g PODRAVKA        ;429472    ;VEGETA         ;        0.10;kg ;        1.49;       14.90;'3850104273490';HRANA;        0.00;        0.00
MOJ ZAÈIN 200g                          ;501969    ;MOJ ZAÈIN      ;        0.20;kg ;        1.06;        5.30;'3859892109790';HRANA;        0.00;        0.00
MOJ ZAÈIN 400g                          ;501970    ;MOJ ZAÈIN      ;        0.40;kg ;        1.72;        4.30;'3859892109783';HRANA;        0.00;        0.00
MOJ ZAÈIN 1kg ŠAFRAM                    ;540668    ;MOJ ZAÈIN      ;        1.00;kg ;        2.49;        2.49;'3859893282003';HRANA;        0.00;        0.00
VEGETA VREÆICA 400g                     ;587760    ;VEGETA         ;        0.40;kg ;        3.39;        8.48;'3850104260872';HRANA;        0.00;        0.00
VEGETA BIO 120g PODRAVKA                ;614124    ;VEGETA         ;        0.12;kg ;        2.69;       22.42;'3856020245337';HRANA;        0.00;        0.00
VEGETA FINO MLJEVENA 200g               ;644570    ;VEGETA         ;        0.20;kg ;        1.89;        9.45;'3856020270544';HRANA;        0.00;        0.00
ŠEÆER SMEÐI 1/1 KRISTALNI               ;125418    ;VM2 d.o.o.ZAGREB;        1.00;kg ;        0.00;        2.59;'3859890118145';HRANA;        3.32;        2.59
ŠEÆER SMEÐI 500g KRESTO                 ;315888    ;ANPEK D.O.O.;        0.50;kg ;        1.86;        3.72;'3858882290746';HRANA;        0.00;        0.00
LARA ŠEÆER SMEÐI U KOCKI 500g NOVO      ;652379    ;LARA           ;        0.50;kg ;        2.80;        5.60;'3859892259877';HRANA;        0.00;        0.00
LARA ŠEÆER SMEÐI U KOCKI 1kg            ;652380    ;LARA           ;        1.00;kg ;        4.49;        4.49;'3859892259860';HRANA;        0.00;        0.00
LARA ŠEÆER SMEÐI U KOCKI 250g           ;652590    ;LARA           ;        0.25;kg ;        1.85;        7.40;'3859892259907';HRANA;        0.00;        0.00
ŠEÆER UGOST.5g KTC 1000/1               ;121574    ;TIMAR PROMET DOO;        5.00;kg ;       14.01;        2.80;'';HRANA;        0.00;        0.00
ŠEÆER UGOST.SMEÐI 5g KTC 1000/1         ;121575    ;TIMAR PROMET DOO;        5.00;kg ;       18.39;        3.68;'';HRANA;        0.00;        0.00
ŠEÆER UGOST. FRANCK 600/1 4GKOM         ;647472    ;FRANCK d.d.;        0.00;kg ;       10.35;    2,587.50;'3850291049489';HRANA;        0.00;        0.00
ZAÈIN ZA PILEÆI GRILL 100g DERMA        ;07800     ;DERMA d.d. VARAŽDIN;        0.10;kg ;        0.75;        7.50;'3858881730731';HRANA;        0.00;        0.00
ZAÈIN ZA ÆEVAPÈIÆE 50g DERMA            ;30111     ;DERMA d.d. VARAŽDIN;        0.05;kg ;        0.89;       17.80;'3858881731608';HRANA;        0.00;        0.00
ZAÈIN ZA ROŠTILJ 100g DERMA             ;319371    ;DERMA d.d. VARAŽDIN;        0.10;kg ;        1.05;       10.50;'3858881734142';HRANA;        0.00;        0.00
VEGETA NATUR ZA KRUMPIR 30g             ;449146    ;VEGETA         ;        0.03;kg ;        1.19;       39.67;'3850104278587';HRANA;        0.00;        0.00
VEGETA NATUR ZA PILETINU 30g            ;449147    ;VEGETA         ;        0.03;kg ;        1.19;       39.67;'3850104278594';HRANA;        0.00;        0.00
VEGETA NATUR ZA SALATU 30g              ;449148    ;VEGETA         ;        0.03;kg ;        1.19;       39.67;'3850104278600';HRANA;        0.00;        0.00
VEGETA NATUR ZA RIBU 30g                ;449149    ;VEGETA         ;        0.03;kg ;        1.19;       39.67;'3850104278617';HRANA;        0.00;        0.00
VEGETA NATUR ZA SVINJETINU 30g          ;449150    ;VEGETA         ;        0.03;kg ;        1.19;       39.67;'3850104280900';HRANA;        0.00;        0.00
VEGETA NATUR GRILL CLASSIC 30g          ;449152    ;VEGETA         ;        0.03;kg ;        1.19;       39.67;'3850104277207';HRANA;        0.00;        0.00
VEGETA GRILL PIKANTNO PEÈENJE 30g       ;513194    ;VEGETA         ;        0.03;kg ;        1.19;       39.67;'3850104277238';HRANA;        0.00;        0.00
VEGETA GRILL VRATINA 30g                ;513195    ;VEGETA         ;        0.03;kg ;        1.19;       39.67;'3850104277245';HRANA;        0.00;        0.00
MJEŠAVINA ZAÈINA KOTLET 60g ŠAFRAM      ;602762    ;ŠAFRAM D.O.O. ZAGREB;        0.06;kg ;        0.60;       10.00;'3859893282010';HRANA;        0.00;        0.00
MJEŠAVINA ZAÈINA PILETINA 60g ŠAFRAM    ;602763    ;ŠAFRAM D.O.O. ZAGREB;        0.06;kg ;        0.60;       10.00;'3859893282027';HRANA;        0.00;        0.00
VEGETA GRILL MARINADA PIKANTNA 75g      ;606512    ;VEGETA         ;        0.08;kg ;        1.29;       17.20;'3856020246532';HRANA;        0.00;        0.00
VEGETA NATUR ZA PIZZU 10g PODRAVKA      ;642885    ;VEGETA         ;        0.01;kg ;        1.19;      119.00;'3856020202941';HRANA;        0.00;        0.00
VEGETA NATUR ZA TJESTENINU 30g          ;642886    ;VEGETA         ;        0.03;kg ;        1.19;       39.67;'3856020269852';HRANA;        0.00;        0.00
QUICK & EASY GRILL 40g KOTANYI          ;651377    ;KOTANYI D.O.O. ZAGREB;        0.04;kg ;        1.25;       31.25;'9001414237229';HRANA;        0.00;        0.00
FANT ZA ÆEVAPE,PLJESK.I HAMBURGER 40g   ;02014     ;FANT           ;        0.04;kg ;        1.39;       34.75;'3850104018237';HRANA;        0.00;        0.00
FANT ZA GULAŠ PAPRIKAŠ 65g              ;02880     ;FANT           ;        0.07;kg ;        1.59;       24.46;'3850104075537';HRANA;        0.00;        0.00
FANT ZA PUNJ.PAPRIKU I SARMU 60g        ;03304     ;FANT           ;        0.06;kg ;        1.59;       26.50;'3850104075513';HRANA;        0.00;        0.00
FANT ZA GRAH I VARIVA 60g               ;03590     ;FANT           ;        0.06;kg ;        1.59;       26.50;'3850104075759';HRANA;        0.00;        0.00
FANT ZA SLAVONSKI ÈOBANAC 90g           ;07171     ;FANT           ;        0.09;kg ;        1.33;       14.78;'3850104007859';HRANA;        0.00;        0.00
FANT ZA KOSANI ODREZAK 90g              ;105461    ;FANT           ;        0.09;kg ;        1.39;       15.44;'3850104048999';HRANA;        0.00;        0.00
FANT ZA RIBLJU JUHU I PAPRIKAŠ 60g      ;112913    ;FANT           ;        0.06;kg ;        1.33;       22.17;'3850104019173';HRANA;        0.00;        0.00
PIKANT ZA RIBLJI PAPRIKAŠ BLAGI 60g AS. ;169356    ;ASCOMMERCE D.O.O.;        0.06;kg ;        0.93;       15.50;'3858881331112';HRANA;        0.00;        0.00
PIKANT ZA GOVEÐI GULAŠ 60g ASCOM.       ;169357    ;ASCOMMERCE D.O.O.;        0.06;kg ;        0.93;       15.50;'3858881331136';HRANA;        0.00;        0.00
PIKANT ZA ÈEV.I PLJES.60g ASCOM.        ;169359    ;ASCOMMERCE D.O.O.;        0.06;kg ;        0.93;       15.50;'3858881331105';HRANA;        0.00;        0.00
PIKANT ZA KOSANI ODREZAK 60g            ;169364    ;ASCOMMERCE D.O.O.;        0.06;kg ;        0.93;       15.50;'3858881331143';HRANA;        0.00;        0.00
PIKANT ZA GRAH 60g ASCOMMERCE           ;169366    ;ASCOMMERCE D.O.O.;        0.06;kg ;        0.86;       14.33;'3858881331129';HRANA;        0.00;        0.00
PIKANT ZA PIL.PAPRIKAŠ 60g ASCOMMERCE   ;214364    ;ASCOMMERCE D.O.O.;        0.07;kg ;        0.93;       13.29;'3858813301916';HRANA;        0.00;        0.00
FANT ZA SLAV.ÈOBANAC LJUTI 90g          ;214526    ;FANT           ;        0.09;kg ;        1.33;       14.78;'3850104226786';HRANA;        0.00;        0.00
ZAÈIN ZA PLJESKAVICE 30g**              ;275723    ;FAMI           ;        0.03;kg ;        0.50;       16.67;'3858883733563';HRANA;        0.00;        0.00
ZAÈIN ZA FIŠ 80g FAMI**                 ;275724    ;FAMI           ;        0.08;kg ;        0.76;        9.50;'3858883733754';HRANA;        0.00;        0.00
FANT ZA ZAPEÈENI GRAH 60g               ;292449    ;FANT           ;        0.06;kg ;        1.39;       23.17;'3850104248894';HRANA;        0.00;        0.00
PIKANT ZA RIBLJI PAPR.LJUTI 60g ASCOMM. ;29854     ;ASCOMMERCE D.O.O.;        0.07;kg ;        0.93;       13.29;'3858881330092';HRANA;        0.00;        0.00
PIKANT ZA ÈOBANAC 60g ASCOMMERCE        ;29855     ;ASCOMMERCE D.O.O.;        0.06;kg ;        0.93;       15.50;'3858881330191';HRANA;        0.00;        0.00
FANT ZA ŠPAGETE BOLOGNESE 58g           ;553069    ;FANT           ;        0.06;kg ;        1.39;       23.97;'3850104295089';HRANA;        0.00;        0.00
FANT UMAK OD GLJIVA 45g                 ;556672    ;FANT           ;        0.05;kg ;        1.19;       26.44;'3850104298202';HRANA;        0.00;        0.00
FANT ZA LAZANJE 70g                     ;566305    ;FANT           ;        0.07;kg ;        1.49;       21.29;'3850104295492';HRANA;        0.00;        0.00
FIX PILETINA 4 VRSTE SIRA 32g MAGGI     ;595151    ;MAGGI          ;        0.03;kg ;        1.43;       44.69;'7613287119032';HRANA;        0.00;        0.00
FANT UMAK 4 VRSTE SIRA 42g PODRAVKA     ;642891    ;FANT           ;        0.04;kg ;        1.19;       28.33;'3856020269432';HRANA;        0.00;        0.00
CRISPY POH ÈEŠNJAK 70g KOTANYI          ;658074    ;KOTANYI D.O.O. ZAGREB;        0.07;kg ;        1.89;       27.00;'9001414338025';HRANA;        0.00;        0.00
FANT ZA PILEÆI PAPRIKAŠ 65g PODRAVKA    ;662558    ;FANT           ;        0.07;kg ;        1.39;       21.38;'3856020281793';HRANA;        0.00;        0.00
FANT ZA BURGER 40g PODRAVKA             ;662559    ;FANT           ;        0.04;kg ;        1.39;       34.75;'3856020281823';HRANA;        0.00;        0.00
FANT LOVAÈKI UMAK 40g                   ;71342     ;FANT           ;        0.04;kg ;        1.19;       29.75;'3850104036590';HRANA;        0.00;        0.00
FANT UMAK BOLOGNESE 40g                 ;72426     ;FANT           ;        0.04;kg ;        1.19;       29.75;'3850104036613';HRANA;        0.00;        0.00
KELJ PUPÈAR 500g                        ;165912    ;S.G. PROMET D.O.O.;        0.50;kg ;        0.99;        1.98;'3859893696060';HRANA;        0.00;        0.00
PERŠIN LIST PAK.50 GR.                  ;166138    ;S.G. PROMET D.O.O.;        0.05;kg ;        0.59;       11.80;'2216613800014';HRANA;        0.00;        0.00
MAHUNA ZELENA PAKIRANA 500g             ;184551    ;S.G. PROMET D.O.O.;        0.50;kg ;        2.99;        5.98;'3859893446245';HRANA;        0.00;        0.00
KUKURUZ ŠEÆERAC PAKIRANI 3/1            ;251817    ;AGRO PODRAVINA D.O.O.;        0.00;   ;        1.99;        0.00;'3859893211331';HRANA;        0.00;        0.00
CIKORIJA 500g                           ;545745    ;S.G. PROMET D.O.O.;        0.50;kg ;        2.39;        4.78;'3859892561789';HRANA;        0.00;        0.00
RAJÈICA CHERRY PAKIRANA 500g            ;553110    ;KTC AGRO D.O.O.;        0.50;kg ;        1.99;        3.98;'2255311000012';HRANA;        0.00;        0.00
RUKOLA 100g                             ;614217    ;FRAGARIA d.o.o. ZAGREB;        0.10;kg ;        1.09;       10.90;'3858893252764';HRANA;        0.00;        0.00
MATOVILAC 100g                          ;614218    ;FRAGARIA d.o.o. ZAGREB;        0.10;kg ;        0.00;        7.90;'3858893252788';HRANA;        1.25;        0.79
OBITELJSKA MJEŠAVINA 400g STRIBOR       ;614225    ;STRIBOR        ;        0.40;kg ;        1.99;        4.98;'3858893250371';HRANA;        0.00;        0.00
KRALJEVSKA MJEŠAVINA 200g STRIBOR       ;614226    ;STRIBOR        ;        0.20;kg ;        1.35;        6.75;'3858893250333';HRANA;        0.00;        0.00
MRKVA 1kg                               ;614319    ;DODIR PRIRODE D.O.O.;        1.00;kg ;        1.19;        1.19;'2261431900019';HRANA;        0.00;        0.00
PASTRNJAK 300g                          ;614344    ;DODIR PRIRODE D.O.O.;        0.30;kg ;        0.00;        1.97;'2261434400011';HRANA;        0.99;        0.59
PERŠIN KORIJEN 300g                     ;614345    ;DODIR PRIRODE D.O.O.;        0.30;kg ;        0.99;        3.30;'2261434500018';HRANA;        0.00;        0.00
ÈIÈOKA 1kg                              ;614346    ;OTKUP POLJOPRIVREDNI;        1.00;kg ;        2.69;        2.69;'2261434600015';HRANA;        0.00;        0.00
KARFIOL-BROKULA MIX 500g                ;614347    ;DODIR PRIRODE D.O.O.;        0.50;kg ;        2.49;        4.98;'2261434700012';HRANA;        0.00;        0.00
BATAT 1kg                               ;614366    ;KUŠEC STJEPAN OPG ZDRAVO;        1.00;kg ;        2.19;        2.19;'2261436600013';HRANA;        0.00;        0.00
ŠARENI DUO 200g STRIBOR                 ;615481    ;STRIBOR        ;        0.20;kg ;        1.33;        6.65;'3858893250319';HRANA;        0.00;        0.00
GRAH BIJELI 800g                        ;644000    ;MARJAN-VOÆE d.o.o.ZAGREB;        0.80;kg ;        2.39;        2.99;'3858893921547';HRANA;        0.00;        0.00
GRAH PINTO 800g                         ;644001    ;MARJAN-VOÆE d.o.o.ZAGREB;        0.80;kg ;        1.99;        2.49;'3858893921523';HRANA;        0.00;        0.00
GRAH ŠARENI 1000g                       ;644002    ;MARJAN-VOÆE d.o.o.ZAGREB;        1.00;kg ;        2.99;        2.99;'3859893512384';HRANA;        0.00;        0.00
GRAH ŠARENI 800g                        ;644003    ;MARJAN-VOÆE d.o.o.ZAGREB;        0.80;kg ;        2.89;        3.61;'3858893921561';HRANA;        0.00;        0.00
POVRÆE ZA JUHU 500g                     ;647900    ;DODIR PRIRODE D.O.O.;        0.50;kg ;        1.29;        2.58;'2264790000017';HRANA;        0.00;        0.00
RAJÈICA CHERRY 500g                     ;650003    ;FRAGARIA d.o.o. ZAGREB;        0.50;kg ;        2.49;        4.98;'8437016787120';HRANA;        0.00;        0.00
PAK CHOI 500g                           ;663460    ;S.G. PROMET D.O.O.;        0.50;kg ;        2.49;        4.98;'2266346000014';HRANA;        0.00;        0.00
RAJÈICA CHERRY DATERINO 500g SG         ;663991    ;S.G. PROMET D.O.O.;        0.50;kg ;        2.49;        4.98;'3859893336508';HRANA;        0.00;        0.00
RAJÈICA CHERRY DATERINO 250g SG         ;663993    ;S.G. PROMET D.O.O.;        0.25;kg ;        1.19;        4.76;'3859893336492';HRANA;        0.00;        0.00
SALATA LA GUSTOSA 300g                  ;665001    ;S.G. PROMET D.O.O.;        0.30;kg ;        2.19;        7.30;'3859893336515';HRANA;        0.00;        0.00
SALATA POKER VALERIANA 150g             ;665002    ;S.G. PROMET D.O.O.;        0.15;kg ;        1.89;       12.60;'3859893336522';HRANA;        0.00;        0.00
SALATA FANTASIA OD CIKORIJE 160g        ;665003    ;S.G. PROMET D.O.O.;        0.16;kg ;        1.89;       11.81;'3859893336539';HRANA;        0.00;        0.00
SOJA UMAK 500mL FANCY YAMASA            ;416436    ;SALVIA D.O.O.;        0.50;L  ;        5.19;       10.38;'4903001017724';HRANA;        0.00;        0.00
UMAK SLATKO-LJUTI 250mL YOUWOK          ;416445    ;SALVIA D.O.O.;        0.25;L  ;        3.39;       13.56;'8717228380020';HRANA;        0.00;        0.00
FAJITA MJEŠ.ZAÈINA 40g KOTANYI          ;420395    ;KOTANYI D.O.O. ZAGREB;        0.04;kg ;        1.59;       39.75;'9001414011539';HRANA;        0.00;        0.00
CHILI CON CARNE 25g KOTANY 1015K        ;45597     ;KOTANYI D.O.O. ZAGREB;        0.03;kg ;        1.59;       63.60;'9001414010150';HRANA;        0.00;        0.00
ZAÈIN TACO SEASONING MIX 40g SALVIA     ;505866    ;SALVIA D.O.O.;        0.04;kg ;        1.19;       29.75;'5412514935191';HRANA;        0.00;        0.00
ZAÈIN FAJITA SEASONING MIX 40g SALVIA   ;505867    ;SALVIA D.O.O.;        0.04;kg ;        1.19;       29.75;'5412514935184';HRANA;        0.00;        0.00
WORCESTER UMAK 150mL HEINZ              ;529127    ;ORBICO d.o.o.;        0.15;L  ;        3.29;       21.93;'5000157073020';HRANA;        0.00;        0.00
UMAK SWEET&SOUR STIR-FRY 120g B.DRAGON  ;548559    ;SALVIA D.O.O.;        0.12;kg ;        2.00;       16.67;'5010338200039';HRANA;        0.00;        0.00
UMAK TERIYAKI STIR-FRY 120g B.DRAGON    ;558483    ;SALVIA D.O.O.;        0.12;kg ;        1.99;       16.58;'5010338200077';HRANA;        0.00;        0.00
UMAK KORMA 450g PATAK S                 ;616005    ;SALVIA D.O.O.;        0.45;kg ;        4.59;       10.20;'5011308303453';HRANA;        0.00;        0.00
UMAK TIKKA MASALA 450g PATAK S          ;616006    ;SALVIA D.O.O.;        0.45;kg ;        4.55;       10.11;'5011308303446';HRANA;        0.00;        0.00
KOKOSOVO MLIJEKO 400mL BLUE DRAGON      ;616011    ;SALVIA D.O.O.;        0.40;L  ;        3.35;        8.38;'5010338014339';HRANA;        0.00;        0.00
WOK NOODLES REZANCI 250g YOUWOK         ;616015    ;SALVIA D.O.O.;        0.25;kg ;        2.52;       10.08;'8717228380334';HRANA;        0.00;        0.00
SOJA UMAK 130mL DE SOJA                 ;634763    ;DUPIN d.o.o. ZAGREB;        0.13;L  ;        2.09;       16.08;'3800740035389';HRANA;        0.00;        0.00
UMAK OD KAMENICA 150mL MAE KRUA         ;643764    ;GALLERIA INTERNAZIONALE D.O.O.;        0.15;L  ;        2.26;       15.07;'8850038400066';HRANA;        0.00;        0.00
TERIYAKI SOS 130mL                      ;649372    ;DUPIN d.o.o. ZAGREB;        0.13;L  ;        1.95;       15.00;'3800740035440';HRANA;        0.00;        0.00
HO PINK ÐUMBIR 190g                     ;655249    ;DUPIN d.o.o. ZAGREB;        0.19;kg ;        2.99;       15.74;'5907603458861';HRANA;        0.00;        0.00
HO TJESTENINA S CR SEZAMOM 200g         ;655250    ;DUPIN d.o.o. ZAGREB;        0.20;kg ;        2.99;       14.95;'5904358552103';HRANA;        0.00;        0.00
HO PANKO MRVICE 200g                    ;655252    ;DUPIN d.o.o. ZAGREB;        0.20;kg ;        2.99;       14.95;'5902898827163';HRANA;        0.00;        0.00
HO GYOZA UMAK 250g                      ;655253    ;DUPIN d.o.o. ZAGREB;        0.25;kg ;        3.49;       13.96;'5904358553063';HRANA;        0.00;        0.00
HO MISO PASTA TAMNA 120g                ;655254    ;DUPIN d.o.o. ZAGREB;        0.12;kg ;        3.19;       26.58;'5904358553537';HRANA;        0.00;        0.00
HO GLJIVE JUDINO UHO 30g                ;655255    ;DUPIN d.o.o. ZAGREB;        0.03;kg ;        2.49;       83.00;'5907603458687';HRANA;        0.00;        0.00
HO GREEN CURRY PASTA 50g                ;655256    ;DUPIN d.o.o. ZAGREB;        0.05;kg ;        1.99;       39.80;'5902898827873';HRANA;        0.00;        0.00
HO FISH UMAK 200g                       ;655258    ;DUPIN d.o.o. ZAGREB;        0.20;kg ;        2.99;       14.95;'5901752703940';HRANA;        0.00;        0.00
HO BULGOGI PASTA 50g                    ;655259    ;DUPIN d.o.o. ZAGREB;        0.05;kg ;        1.99;       39.80;'5904358552271';HRANA;        0.00;        0.00
HO KIMCHI UMAK 150g                     ;655260    ;DUPIN d.o.o. ZAGREB;        0.15;kg ;        2.99;       19.93;'5904358550017';HRANA;        0.00;        0.00
UMAK OD SOJE 150mL                      ;656133    ;KIKKOMAN       ;        0.15;kg ;        3.49;       23.27;'8715035110205';HRANA;        0.00;        0.00
UMAK OD SOJE 43% MANJE SOLI 250mL       ;656134    ;KIKKOMAN       ;        0.25;kg ;        5.49;       21.96;'8715035130302';HRANA;        0.00;        0.00
WOK UMAK 250mL                          ;656135    ;KIKKOMAN       ;        0.25;kg ;        5.49;       21.96;'8715035230309';HRANA;        0.00;        0.00
UMAK OD SOJE 500mL                      ;656137    ;KIKKOMAN       ;        0.50;kg ;        5.99;       11.98;'8715035110502';HRANA;        0.00;        0.00
RIŽA ZA SUSHI 500g                      ;656138    ;SAITAKU        ;        0.50;kg ;        3.29;        6.58;'5060194790069';HRANA;        0.00;        0.00
RIŽIN OCAT 150mL                        ;656140    ;SAITAKU        ;        0.15;kg ;        2.29;       15.27;'5060194790014';HRANA;        0.00;        0.00
RIŽINO VINO 150mL                       ;656143    ;SAITAKU        ;        0.15;kg ;        3.49;       23.27;'5060194790397';HRANA;        0.00;        0.00
SUSHI ŠTAPIÆI 57g                       ;656144    ;SAITAKU        ;        0.06;kg ;        1.19;       20.88;'5060194790878';HRANA;        0.00;        0.00
ASIA WOK MJEŠ.ZAÈINA 38g KOTANYI        ;692117    ;KOTANYI D.O.O. ZAGREB;        0.04;kg ;        1.59;       41.84;'9001414418109';HRANA;        0.00;        0.00
BURRITO MJEŠ.ZAÈINA 40g KOTANYI         ;692118    ;KOTANYI D.O.O. ZAGREB;        0.04;kg ;        1.59;       39.75;'9001414011546';HRANA;        0.00;        0.00
SOJA UMAK 150mL ASIA TIME               ;692126    ;GIANA D.O.O.;        0.15;L  ;        1.59;       10.60;'8595241528939';HRANA;        0.00;        0.00
UMAK SLATKI ÈILI 150mL ASIA TIME        ;692127    ;GIANA D.O.O.;        0.15;L  ;        1.59;       10.60;'8595241523415';HRANA;        0.00;        0.00
RIŽINI REZANCI ŠIROKI 250g ASIA TIME    ;692128    ;GIANA D.O.O.;        0.25;kg ;        2.99;       11.96;'8595241528977';HRANA;        0.00;        0.00
REZNCI BEZ JAJA 250g ASIA TIME          ;692131    ;GIANA D.O.O.;        0.25;kg ;        2.79;       11.16;'8595241529097';HRANA;        0.00;        0.00
UMAK OD KAMENICA 150mL ASIA TIME        ;692133    ;GIANA D.O.O.;        0.15;L  ;        1.59;       10.60;'8595241523354';HRANA;        0.00;        0.00
RIŽINI REZANCI 250g ASIA TIME           ;692258    ;GIANA D.O.O.;        0.25;kg ;        2.99;       11.96;'8595241528991';HRANA;        0.00;        0.00
TERIYAKI UMAK 150mL ASIA TIME           ;692259    ;GIANA D.O.O.;        0.15;kg ;        1.59;       10.60;'8595241523248';HRANA;        0.00;        0.00
GUACAMOLE ZAÈIN 25g KOTANYI             ;692316    ;KOTANYI D.O.O. ZAGREB;        0.03;kg ;        1.59;       63.60;'9001414037157';HRANA;        0.00;        0.00
UMAK HOT SALSA DIP 315g LA FIESTA       ;505865    ;SALVIA D.O.O.;        0.32;kg ;        3.15;       10.00;'5412514935122';HRANA;        0.00;        0.00
UMAK SALSA DIP 315g LA FIESTA           ;506471    ;SALVIA D.O.O.;        0.32;kg ;        3.14;        9.97;'5412514935092';HRANA;        0.00;        0.00
UMAK SALSA MEXICAN ZANUY 90g            ;595768    ;LIVEN-ZANUY    ;        0.09;kg ;        1.65;       18.33;'8411778600385';HRANA;        0.00;        0.00
CHIO DIP BLAGA SALSA 200mL              ;616944    ;CHIO           ;        0.00;   ;        2.95;        0.00;'4001242108222';HRANA;        0.00;        0.00
CHIO DIP LJUTA SALSA 200mL              ;617579    ;CHIO           ;        0.00;   ;        2.95;        0.00;'4001242108215';HRANA;        0.00;        0.00
NESCAFE DOLCE GUSTO LATT.MACC.183,2g    ;325594    ;DOLCE GUSTO    ;        0.18;kg ;        6.60;       36.07;'7613037491159';HRANA;        0.00;        0.00
NESCAFE DOLCE GUSTO CHOCO256G           ;335636    ;DOLCE GUSTO    ;        0.26;kg ;        6.60;       25.78;'7613035690660';HRANA;        0.00;        0.00
NESCAFE DOLCE GUSTO CORTADO ESP 100,8g  ;423716    ;DOLCE GUSTO    ;        0.10;kg ;        6.60;       66.00;'7613032827014';HRANA;        0.00;        0.00
NESCAFE DOLCE GUSTO CAFEAULAIT 160g     ;446295    ;DOLCE GUSTO    ;        0.16;kg ;        6.60;       41.25;'7613033174704';HRANA;        0.00;        0.00
NESCAFE DOLCE GUSTO CAPPUCINO 186,4g    ;559886    ;DOLCE GUSTO    ;        0.19;kg ;        6.60;       35.48;'7613036306270';HRANA;        0.00;        0.00
NESCAFE DG LUNGO INTENSO 144g           ;568398    ;DOLCE GUSTO    ;        0.14;kg ;        6.60;       45.83;'7613033590146';HRANA;        0.00;        0.00
NESCAFE DG COFFE MOKA 144g              ;568399    ;DOLCE GUSTO    ;        0.14;kg ;        6.60;       45.83;'7613035695610';HRANA;        0.00;        0.00
NESCAFE DG ESPRESSO 112g                ;575011    ;DOLCE GUSTO    ;        0.11;kg ;        6.60;       58.93;'7613036867436';HRANA;        0.00;        0.00
BARCAFFE PERFETTO ESPRESO 70g           ;584110    ;BARCAFFE       ;        0.07;kg ;        4.49;       64.14;'3838471037754';HRANA;        0.00;        0.00
BARCAFFE PERFETTO IRISH CREAM 140g      ;584111    ;BARCAFFE       ;        0.14;kg ;        4.49;       32.07;'3838471038102';HRANA;        0.00;        0.00
BARCAFFE PERFETTO LATTE 160g            ;584444    ;BARCAFFE       ;        0.16;kg ;        4.49;       28.06;'3838471037792';HRANA;        0.00;        0.00
BARCAFFE PERFETTO CAPPUCINO 120g        ;584450    ;BARCAFFE       ;        0.12;kg ;        4.49;       37.42;'3838471037778';HRANA;        0.00;        0.00
JM N CAP ESPRESSO CREMA 56g 10/1        ;610927    ;JULIUS MEINL   ;        0.06;kg ;        5.69;      101.61;'9000403940294';HRANA;        0.00;        0.00
JM N CAP RISTRETTO INTENSO 56g 10/1     ;610928    ;JULIUS MEINL   ;        0.06;kg ;        5.69;      101.61;'9000403940300';HRANA;        0.00;        0.00
JM N CAP LUNGO CLASSICO 56g 10/1        ;610929    ;JULIUS MEINL   ;        0.06;kg ;        5.69;      101.61;'9000403940317';HRANA;        0.00;        0.00
FRANCK NOTA KAPSULE ESPRESSO 112g       ;611662    ;FRANCK d.d.;        0.11;kg ;        5.99;       53.48;'3850291053011';HRANA;        0.00;        0.00
FRANCK NOTA KAPSULE CAPPUC**            ;611664    ;FRANCK d.d.;        0.19;kg ;        5.99;       31.20;'3850291053035';HRANA;        0.00;        0.00
BARCAFFE PERFETTO NOISETTE 140g         ;615064    ;BARCAFFE       ;        0.14;kg ;        4.49;       32.07;'3838471045339';HRANA;        0.00;        0.00
NESCAFE DG CORTADO 3X100,8g             ;616931    ;ALCA ZAGREB D.O.O.;        0.30;kg ;       14.60;       48.34;'7613287379306';HRANA;        0.00;        0.00
NESCAFE DG INTENSO 3X112g               ;618733    ;ALCA ZAGREB D.O.O.;        0.34;kg ;       14.60;       43.45;'7613287336798';HRANA;        0.00;        0.00
LAVAZZA NCC ALU CLASSICO MAESTRO        ;635234    ;LAVAZZA        ;       10.00;KOM;        5.99;        0.60;'8000070053625';HRANA;        0.00;        0.00
LAVAZZA NCC ALU RISTRETTO MAESTRO       ;635236    ;LAVAZZA        ;       10.00;KOM;        5.99;        0.60;'8000070053564';HRANA;        0.00;        0.00
NESCAFE DG ESPRESSO ROMA 16CAP 99,2g    ;645363    ;DOLCE GUSTO    ;        0.10;kg ;        6.60;       66.67;'8445290422163';HRANA;        0.00;        0.00
NESCAFE DG ESPRESSO MILANO 16CAP 99,2g  ;645364    ;DOLCE GUSTO    ;        0.10;kg ;        6.60;       66.67;'8445290422149';HRANA;        0.00;        0.00
NESCAFE DG BARISTA 104g                 ;646431    ;DOLCE GUSTO    ;        0.10;kg ;        6.60;       63.46;'8445290869531';HRANA;        0.00;        0.00
NESCAFE DG LUNGO 89,6g                  ;646432    ;DOLCE GUSTO    ;        0.09;kg ;        6.60;       74.16;'8445290871992';HRANA;        0.00;        0.00
NESCAFE DG ESPRESSO ARDENZA 104g        ;646433    ;DOLCE GUSTO    ;        0.10;kg ;        6.60;       63.46;'8445290870537';HRANA;        0.00;        0.00
NESCAFE DG NAPOLI 128g                  ;652765    ;DOLCE GUSTO    ;        0.00;   ;        6.60;        0.00;'8445290421456';HRANA;        0.00;        0.00
BARCAFFE PERFETTO KOKOS 160g            ;655362    ;BARCAFFE       ;        0.16;kg ;        4.49;       28.06;'3838471057035';HRANA;        0.00;        0.00
BARCAFFE DG VANILLA 140g                ;655633    ;BARCAFFE       ;        0.00;   ;        4.49;        0.00;'3838471053709';HRANA;        0.00;        0.00
NESCAFE DG KIT KAT ÈOKO.256g            ;662720    ;ALCA ZAGREB D.O.O.;        0.26;kg ;        6.60;       25.78;'8445291756649';HRANA;        0.00;        0.00
TORTILLA FLOUR (POCO LOCO)              ;243383    ;SALVIA D.O.O.;        0.32;kg ;        2.29;        7.16;'5412514555559';HRANA;        0.00;        0.00
TORTILLA FLOUR(LA FIESTA) 320g 8X20cm   ;505864    ;SALVIA D.O.O.;        0.32;kg ;        2.75;        8.59;'5412514934989';HRANA;        0.00;        0.00
TORTILLA WRAP (LA FIESTA) 245g 4X25cm   ;506472    ;SALVIA D.O.O.;        0.25;kg ;        2.15;        8.78;'5412514935016';HRANA;        0.00;        0.00
TORTILLA WRAP ZANUY 375g 6X25cm         ;538384    ;LIVEN-ZANUY    ;        0.38;kg ;        3.19;        8.51;'8411778600293';HRANA;        0.00;        0.00
TORTILLA KUKURUZNA 320g 8X20cm          ;612673    ;LIVEN-ZANUY    ;        0.32;kg ;        2.79;        8.72;'8411778600392';HRANA;        0.00;        0.00
TORTILLA DIJO 250g (4X62,5g)            ;618474    ;MIRNA-VERIS D.O.O.;        0.25;kg ;        1.29;        5.16;'5900928007264';HRANA;        0.00;        0.00
PŠENIÈNO BIJ.PECIVO TORTILJA 370g 6/1   ;692000    ;MILD FOODS J.D.O.O.;        0.37;kg ;        1.99;        5.38;'3857500115126';HRANA;        0.00;        0.00
PODLOGA ZA PIZZU NAPOLITANA 260g DUPIN  ;692375    ;DUPIN d.o.o. ZAGREB;        0.26;kg ;        2.29;        8.81;'3890000806019';HRANA;        0.00;        0.00
TARTUFATA 80g ZIGANTE                   ;541117    ;ZIGANTE TARTUFI DOO;        0.08;kg ;        7.49;       93.63;'3859889179201';HRANA;        0.00;        0.00
TARTUFI I VRGANJI 80g ZIGANTE           ;541151    ;ZIGANTE TARTUFI DOO;        0.08;kg ;       10.62;      132.75;'3859889179300';HRANA;        0.00;        0.00
PAKET DANI ZIGANTE TARTUFA-PLEASURE BOX ;541153    ;ZIGANTE TARTUFI DOO;        1.00;KOM;        0.00;       11.49;'3859891887149';HRANA;       14.60;       11.49
ŠAMPINJONI REZANI 400g LIM.PODRAVKA     ;350495    ;PODRAVKA d.d. KOPRIVNICA;        0.22;kg ;        2.29;       10.41;'3850104257834';HRANA;        0.00;        0.00
ŠAMPINJONI REZANI 400g GIANA            ;375823    ;GIANA D.O.O.;        0.20;kg ;        1.33;        6.65;'8594012792906';HRANA;        0.00;        0.00
ŠAMPINJONI REZANI 800g GIANA            ;525636    ;GIANA D.O.O.;        0.40;kg ;        2.59;        6.48;'8594012792326';HRANA;        0.00;        0.00
ŠAMPINJONI REZANI 400g EXCELSIOR        ;657923    ;EXCELSIOR      ;        0.23;kg ;        1.99;        8.65;'9001397502734';HRANA;        0.00;        0.00
PEPERMINT BOMBON 100g KRAŠ              ;01560     ;KRAŠ PEPERMINT ;        0.10;kg ;        1.25;       12.50;'3850102210312';HRANA;        0.00;        0.00
MENTOL ZELENI 100g KANDIT               ;07756     ;KANDIT         ;        0.10;kg ;        0.85;        8.50;'3858881043466';HRANA;        0.00;        0.00
BOMBON ŠŠŠUM JABUKA 400g                ;105606    ;ŠUMI           ;        0.40;kg ;        4.29;       10.73;'3838700040913';HRANA;        0.00;        0.00
BOMBONI FRU FRU 400g                    ;121593    ;ŠUMI           ;        0.40;kg ;        0.00;        7.98;'3838700040944';HRANA;        4.99;        3.19
BOMBON ŠŠŠUM JABUKA 100g                ;121607    ;ŠUMI           ;        0.10;kg ;        1.39;       13.90;'3838700040432';HRANA;        0.00;        0.00
ŠVICARSKI MENTOL 100g L.D.ŽITO          ;14578     ;ŠUMI           ;        0.10;kg ;        0.99;        9.90;'3838700040104';HRANA;        0.00;        0.00
VISOKI C 100g BOMBON ŽITO               ;14580     ;ŠUMI           ;        0.10;kg ;        1.39;       13.90;'3838700040319';HRANA;        0.00;        0.00
FRUTIGUTI CHEWY 400g BOMBONI            ;159004    ;PECCIN         ;        0.40;kg ;        2.45;        6.13;'7896306605208';HRANA;        0.00;        0.00
ZAZA CHEWY 400g BOMBONI                 ;159005    ;PECCIN         ;        0.40;kg ;        2.45;        6.13;'7896306605185';HRANA;        0.00;        0.00
KINDER SCHOKO BONS 125g                 ;17785     ;FERRERO        ;        0.13;kg ;        3.69;       28.38;'5413548280189';HRANA;        0.00;        0.00
WERTHERS 90g BOMBONI                    ;183913    ;STORCK         ;        0.09;kg ;        1.19;       13.22;'4014400908527';HRANA;        0.00;        0.00
KINDER SCHOKO BONSI 200g                ;186547    ;FERRERO        ;        0.20;kg ;        5.19;       25.95;'5413548283128';HRANA;        0.00;        0.00
BOMBON NEGRO 100g PIONIR                ;205651    ;PIONIR         ;        0.10;kg ;        1.19;       11.90;'8602300204137';HRANA;        0.00;        0.00
BOMBON NEGRO KARAMELA 100g              ;223618    ;PIONIR         ;        0.10;kg ;        1.19;       11.90;'8602300200139';HRANA;        0.00;        0.00
BOMBONI NEGRO MENTHOL 100g              ;225720    ;PIONIR         ;        0.10;kg ;        0.74;        7.40;'8602300200245';HRANA;        0.00;        0.00
PIONIR BOMBONI KARAMELA LJEŠNJAK 100g   ;235670    ;PIONIR         ;        0.10;kg ;        1.45;       14.50;'8602300207305';HRANA;        0.00;        0.00
BUTTER CANDIES 100g                     ;238691    ;PIONIR         ;        0.10;kg ;        1.39;       13.90;'8602300205059';HRANA;        0.00;        0.00
BOMBON FRUTIC 850g MIRNA VERIS          ;290010    ;BUCURIA        ;        0.85;kg ;        4.89;        5.75;'4840095019657';HRANA;        0.00;        0.00
BOM.S VRHNJEM-OKUS JAG.                 ;322623    ;PIONIR         ;        0.09;kg ;        1.10;       12.22;'8602300211920';HRANA;        0.00;        0.00
POOPING CANDY COLA 7g                   ;331101    ;HLEKS          ;        0.01;kg ;        0.30;       42.86;'8692544001203';HRANA;        0.00;        0.00
FRUTIC 390g BUCURIA                     ;339985    ;BUCURIA        ;        0.39;kg ;        2.33;        5.97;'4840095019893';HRANA;        0.00;        0.00
LOKUM ORAH 180g                         ;344598    ;ADRIA          ;        0.18;kg ;        1.15;        6.39;'3858890261868';HRANA;        0.00;        0.00
LOKUM ROSE 180g                         ;344599    ;ADRIA          ;        0.18;kg ;        1.05;        5.83;'3858890261844';HRANA;        0.00;        0.00
MENTOLA 390g BUCURIA                    ;346657    ;BUCURIA        ;        0.39;kg ;        2.33;        5.97;'4840095014652';HRANA;        0.00;        0.00
MENTOL BOMBON RED 100g KRAŠ             ;347653    ;KRAŠ MENTOL    ;        0.10;kg ;        0.89;        8.90;'3850102215614';HRANA;        0.00;        0.00
MENTOL EXTRA STRONG 100g RED            ;351039    ;KRAŠ MENTOL    ;        0.10;kg ;        0.89;        8.90;'3850102215621';HRANA;        0.00;        0.00
505 SA CRTOM 100g RED                   ;354162    ;505            ;        0.10;kg ;        1.09;       10.90;'3850102216147';HRANA;        0.00;        0.00
MENTOL LEDENI BOMBONI 100g KANDIT       ;355992    ;KANDIT         ;        0.10;kg ;        0.85;        8.50;'3858881043503';HRANA;        0.00;        0.00
MENTOL LIMUN MEDENI 100g KANDIT         ;366101    ;KANDIT         ;        0.10;kg ;        0.85;        8.50;'3858881049789';HRANA;        0.00;        0.00
M&M CHOCO 45g                           ;371074    ;ATLANTIC TRADE d.o.o.;        0.05;kg ;        0.00;       18.00;'5900951140303';HRANA;        1.09;        0.81
M&M PEANUT 45g                          ;371075    ;ATLANTIC TRADE d.o.o.;        0.05;kg ;        0.00;       18.00;'5900951140310';HRANA;        1.09;        0.81
BOMBONI M&M CHOCO 90g                   ;417342    ;ATLANTIC TRADE d.o.o.;        0.09;kg ;        0.00;       18.22;'5900951247972';HRANA;        2.19;        1.64
BOMBONI M&M PEANUT 90g                  ;417343    ;ATLANTIC TRADE d.o.o.;        0.09;kg ;        0.00;       18.22;'5900951247897';HRANA;        2.19;        1.64
CEDEVITA KIDS PUC PUC JAGODA 5g         ;422294    ;CEDEVITA KOMPR.;        0.01;kg ;        0.49;       98.00;'3850322009444';HRANA;        0.00;        0.00
CEDEVITA KIDS PUC PUC ŠUMSKO VOÆE 5g    ;422394    ;CEDEVITA KOMPR.;        0.01;kg ;        0.49;       98.00;'3850322009468';HRANA;        0.00;        0.00
MENTOL CRNI KANDIT 100g                 ;426622    ;KANDIT         ;        0.10;kg ;        0.85;        8.50;'3858881048508';HRANA;        0.00;        0.00
BOMBONI EUKA +MENTHOL 150g              ;434425    ;MIRNA-VERIS D.O.O.;        0.15;kg ;        1.05;        7.00;'5900353500798';HRANA;        0.00;        0.00
FRU FRU ŠUMI MEGA TATOO 74g             ;434737    ;ŠUMI           ;        0.07;kg ;        0.00;       17.43;'3838700040548';HRANA;        1.69;        1.29
BOMBONI TVRDI VOÆNI 300g FRUIT MIX PION ;513286    ;PIONIR         ;        0.30;kg ;        2.75;        9.17;'8602300219773';HRANA;        0.00;        0.00
BOMBONI SKITTLES FRUITS BOÈICA 125g     ;526333    ;WRIGLEY        ;        0.13;kg ;        2.99;       23.92;'4009900500166';HRANA;        0.00;        0.00
BOMBONI NEGRO 200g                      ;533460    ;PIONIR         ;        0.20;kg ;        2.19;       10.95;'8602300219681';HRANA;        0.00;        0.00
BOMBONI PIONIR MIX 250g                 ;533461    ;PIONIR         ;        0.25;kg ;        2.80;       11.20;'8602300223121';HRANA;        0.00;        0.00
VOÆNE KARAMELE MIX 170g                 ;535995    ;TAYAS          ;        0.17;kg ;        1.33;        7.82;'8690997163189';HRANA;        0.00;        0.00
KARAMELE DALMA VOÆNI MIX 90g            ;535998    ;TAYAS          ;        0.09;kg ;        0.66;        7.33;'8690997154408';HRANA;        0.00;        0.00
ŠEÆERNA VATA20G +TETOVAŽA               ;535999    ;CANDY GANGS    ;        0.02;kg ;        0.77;       38.50;'5907654440006';HRANA;        0.00;        0.00
KIKI KARAMELA TUTTI FRUTTI 400g         ;575146    ;KIKI           ;        0.40;kg ;        3.89;        9.73;'3850102516759';HRANA;        0.00;        0.00
KIKI JAGODA 100g (2019)                 ;576127    ;KIKI           ;        0.10;kg ;        1.29;       12.90;'3850102516735';HRANA;        0.00;        0.00
KIKI TUTTI FRUTTI 200g (2019)           ;576266    ;KRAŠ d.d.;        0.20;kg ;        2.39;       11.95;'3850102516742';HRANA;        0.00;        0.00
KIKI TUTTI FRUTTI 100g                  ;576289    ;KIKI           ;        0.10;kg ;        1.29;       12.90;'3850102516704';HRANA;        0.00;        0.00
BRONHI ORIGINAL 200g (2019)             ;577472    ;BRONHI         ;        0.20;kg ;        2.39;       11.95;'3850102516803';HRANA;        0.00;        0.00
BRONHI ORIGINAL 100g (2019g)            ;578456    ;BRONHI         ;        0.10;kg ;        1.29;       12.90;'3850102516797';HRANA;        0.00;        0.00
SKITTLES VREÆICA SMOOTHIE 95g           ;585532    ;WRIGLEY        ;        0.10;kg ;        1.60;       16.84;'4009900531559';HRANA;        0.00;        0.00
SKITTLES FRUITS 95g BOMBONI             ;600767    ;WRIGLEY        ;        0.10;kg ;        1.60;       16.84;'4009900510813';HRANA;        0.00;        0.00
SKITTLES CRAZY SOURS 95g BOMBONI        ;600768    ;WRIGLEY        ;        0.10;kg ;        1.60;       16.84;'4009900510851';HRANA;        0.00;        0.00
SKITTLES WILD BERRY 95g BOMBONI         ;600769    ;WRIGLEY        ;        0.10;kg ;        1.60;       16.84;'4009900510837';HRANA;        0.00;        0.00
ŠUMI KARAMELA MINI TATOO COLA 80g       ;606533    ;ŠUMI           ;        0.08;kg ;        1.70;       21.25;'3838700315110';HRANA;        0.00;        0.00
BOMBONI LIK.KARAM.350g FRUTTI DI BOS    ;611452    ;STRIDON PROMET D.O.O;        0.35;kg ;        3.09;        8.83;'8002415500429';HRANA;        0.00;        0.00
BOMBONI KARAM. LIKING SPICCHI 350g      ;611453    ;LIKING         ;        0.35;kg ;        3.09;        8.83;'8002415500115';HRANA;        0.00;        0.00
BOMBONI TVRDI TUTTI FRUTTI 1kg MIRNA VER;615109    ;MIESZKO        ;        1.00;kg ;        0.00;        3.95;'5900353550182';HRANA;        4.65;        3.95
BOMBONI KARAMELE HITSCHIES 125g**       ;617291    ;HITSCHIES      ;        0.13;kg ;        1.99;       15.92;'4100250057963';HRANA;        0.00;        0.00
BOMBONI KARAM.HITSCHIES KIS.MIX 125g**  ;617292    ;HITSCHIES      ;        0.13;kg ;        1.99;       15.92;'4100250057789';HRANA;        0.00;        0.00
BOMBONI WERTHERS ORIGINAL 135g XXL      ;618739    ;STORCK         ;        0.14;kg ;        1.39;       10.30;'4014400910063';HRANA;        0.00;        0.00
MAMBA VOÆNA KARAMELA 106g               ;625051    ;STORCK         ;        0.11;kg ;        1.30;       12.26;'4014400926279';HRANA;        0.00;        0.00
BOMBONI FRUIT 90g FINI JAJA 90g**       ;626962    ;HURIKAN D.O.O.;        0.09;kg ;        1.15;       12.78;'8410525257551';HRANA;        0.00;        0.00
BOMBONI SOUR FINI 90g JAJA              ;626963    ;FINI           ;        0.09;kg ;        1.15;       12.78;'8410525257568';HRANA;        0.00;        0.00
TOFFE BOMBONI 350g SWEET ROUTE          ;626964    ;DURUKAN        ;        0.35;kg ;        2.99;        8.54;'8691506120303';HRANA;        0.00;        0.00
BOMBONI MIX FRUIT KARAMELE 350g         ;626965    ;TAYAS          ;        0.35;kg ;        2.99;        8.54;'8690997175014';HRANA;        0.00;        0.00
KIKI PUNIOZA MIX 90g                    ;628242    ;KIKI           ;        0.09;kg ;        1.29;       14.33;'3850102005901';HRANA;        0.00;        0.00
KIKI KARAMELA PLUS 100g                 ;628423    ;KIKI           ;        0.10;kg ;        1.29;       12.90;'3850102005871';HRANA;        0.00;        0.00
LEDENI ŠTAPIÆI 500mL PAW PATROL 10/1**  ;634173    ;BARON INTERNATIONAL DOO;        0.50;L  ;        1.40;        2.80;'8590311205949';HRANA;        0.00;        0.00
BOMBONI EUKA LIMUN 150g                 ;636225    ;MIRNA-VERIS D.O.O.;        0.15;kg ;        1.05;        7.00;'5900353505663';HRANA;        0.00;        0.00
SLATKI SPREJ 70mL BIG FIRE              ;638774    ;JOHNY BEE      ;        0.07;L  ;        1.59;       22.71;'6931722303008';HRANA;        0.00;        0.00
BOMBONI PIONIR LIMUN ÐUMBIR 100g        ;643468    ;PIONIR         ;        0.10;kg ;        1.19;       11.90;'8602300234547';HRANA;        0.00;        0.00
M&M CRISPY  77g                         ;644431    ;ATLANTIC TRADE d.o.o.;        0.08;kg ;        0.00;       21.30;'5000159562263';HRANA;        2.19;        1.64
M&M CRISPY 36g                          ;644433    ;ATLANTIC TRADE d.o.o.;        0.04;kg ;        0.00;       22.50;'5000159561662';HRANA;        1.09;        0.81
BOMBONI TVRDI EUKALIPTUS 500g RAGOLDS   ;646138    ;ROX d.o.o. ZAGREB;        0.50;kg ;        4.05;        8.10;'4014600208977';HRANA;        0.00;        0.00
LEDENI ŠTAPIÆI 500mL SOUR BUSTERS       ;646139    ;BARON INTERNATIONAL DOO;        0.50;L  ;        1.40;        2.80;'8590311206533';HRANA;        0.00;        0.00
SKITTLES CRAZY SOURS 152g               ;646322    ;WRIGLEY        ;        0.15;kg ;        2.49;       16.38;'4009900513791';HRANA;        0.00;        0.00
SKITTLES FRUITS 152g                    ;646323    ;WRIGLEY        ;        0.15;kg ;        2.49;       16.38;'4009900482967';HRANA;        0.00;        0.00
KIKI PUNIOZA LIMETA COLA 90g            ;646650    ;KIKI           ;        0.09;kg ;        1.29;       14.33;'3850102009909';HRANA;        0.00;        0.00
ŠEÆERNA VATA 20g PAINTER                ;646817    ;BRAIN LICKER   ;        0.02;kg ;        0.77;       38.50;'5907582653202';HRANA;        0.00;        0.00
BOMBONI KAREMELA MLIJEÈNA 215g          ;646917    ;MIESZKO        ;        0.22;kg ;        1.19;        5.53;'5900353700945';HRANA;        0.00;        0.00
SKITTLES DESSERT  BOMBONI 152g          ;647329    ;WRIGLEY        ;        0.15;kg ;        2.49;       16.38;'4009900544788';HRANA;        0.00;        0.00
BOMBONI VOÆNI ŽELE 1kg                  ;651702    ;ROSHEN         ;        1.00;kg ;        5.99;        5.99;'4823077604492';HRANA;        0.00;        0.00
BOMBONI TVRDI ICE CANDY 150g            ;652617    ;MIESZKO        ;        0.15;kg ;        0.85;        5.67;'5900353507926';HRANA;        0.00;        0.00
ŠEÆERNA VUNA 50g UNICORN                ;652844    ;SLI-MET D.O.O.;        0.05;kg ;        1.25;       25.00;'5907654410191';HRANA;        0.00;        0.00
ŠEÆERNA VUNA 50g DINO                   ;652845    ;SLI-MET D.O.O.;        0.05;kg ;        1.25;       25.00;'5907654440891';HRANA;        0.00;        0.00
BOMBONI TVRDI EUKALIPTIUS 1kg           ;653588    ;MIRNA-VERIS D.O.O.;        1.00;kg ;        0.00;        3.99;'5900353500811';HRANA;        4.99;        3.99
BOMBONI RICOLA 75g ORIGINAL VREÆICA**   ;655106    ;SALVIA D.O.O.;        0.08;kg ;        2.15;       28.67;'7610700945087';HRANA;        0.00;        0.00
BOMBONI RICOLA 75g LEMON MINT VREÆICA** ;655107    ;SALVIA D.O.O.;        0.08;kg ;        2.15;       28.67;'7610700945131';HRANA;        0.00;        0.00
BOMBONI RICOLA 75g MENTHOL VREÆICA**    ;655108    ;SALVIA D.O.O.;        0.08;kg ;        2.15;       28.67;'7610700011089';HRANA;        0.00;        0.00
BOMBONI RICOLA 75g MALINA MELISA**      ;655109    ;SALVIA D.O.O.;        0.08;kg ;        2.15;       28.67;'7610700018675';HRANA;        0.00;        0.00
KIKI PUNIOZA JAGODA TWIST 90g           ;655625    ;KIKI           ;        0.09;kg ;        1.29;       14.33;'3850102015412';HRANA;        0.00;        0.00
DORINA MLIJEÈNA ÈOKOLADA 80g KRAŠ       ;01072     ;DORINA         ;        0.08;kg ;        1.03;       12.88;'3850102111961';HRANA;        0.00;        0.00
DORINA S LEDENIM PUNJENJEM 100g         ;01575     ;DORINA         ;        0.10;kg ;        0.00;       14.50;'3850102117215';HRANA;        1.99;        1.45
DORINA PUNCH 100g                       ;01599     ;DORINA         ;        0.10;kg ;        0.00;       14.50;'3850102110711';HRANA;        1.99;        1.45
TOBLERONE ÈOK.100g ALPSKA               ;02230     ;FILIR D.O.O.;        0.10;kg ;        2.99;       29.90;'7614500010013';HRANA;        0.00;        0.00
MILKA JAGODA 300g                       ;02238     ;MONDELEZ       ;        0.30;kg ;        5.99;       19.97;'7622200007769';HRANA;        0.00;        0.00
KINDER ÈOKOLADA 100g                    ;03255     ;FERRERO        ;        0.10;kg ;        1.89;       18.90;'80177616';HRANA;        0.00;        0.00
MILKA MILKINIS 100g                     ;07112     ;FILIR D.O.O.;        0.10;kg ;        2.49;       24.90;'7622300041496';HRANA;        0.00;        0.00
DORINA KEKS 80g KRAŠ                    ;103040    ;DORINA         ;        0.08;kg ;        1.89;       23.63;'3850102117970';HRANA;        0.00;        0.00
KANDIT ÈOKOLADA S RIŽOM 300g            ;107726    ;KANDIT         ;        0.30;kg ;        3.39;       11.30;'3858881040472';HRANA;        0.00;        0.00
VOLIM TE S LJEŠ.-BAD.-KAR.100g          ;121708    ;ZVEÈEVO        ;        0.10;kg ;        1.59;       15.90;'3858881065215';HRANA;        0.00;        0.00
SAMO TI S JAGODOM 100g                  ;122722    ;ZVEÈEVO        ;        0.10;kg ;        1.59;       15.90;'3858881065055';HRANA;        0.00;        0.00
MIKADO 300g S RIŽOM ZVEÈEVO             ;15217     ;ZVEÈEVO        ;        0.30;kg ;        0.00;       10.30;'3858881064201';HRANA;        4.99;        3.09
VOLIM TE S VIŠ.-JAG.-MAL.100g           ;15236     ;ZVEÈEVO        ;        0.10;kg ;        1.59;       15.90;'3858881065239';HRANA;        0.00;        0.00
SAMO TI S LJEŠNJAKOM 100g               ;15237     ;ZVEÈEVO        ;        0.10;kg ;        1.59;       15.90;'3858881065000';HRANA;        0.00;        0.00
MIKADO 75g ÈOKOLADA RIŽA                ;199546    ;ZVEÈEVO        ;        0.08;kg ;        1.49;       19.87;'3858881064256';HRANA;        0.00;        0.00
ÈOKOLADA MLIJEÈNA SEKA 75g              ;207081    ;ZVEÈEVO        ;        0.08;kg ;        1.49;       19.87;'3858881064843';HRANA;        0.00;        0.00
ÈOKOLADA MLIJEÈNA BRACO 75g             ;207082    ;ZVEÈEVO        ;        0.08;kg ;        1.49;       19.87;'3858881064874';HRANA;        0.00;        0.00
MILKA STRAWBERRY JOGHURT 100g           ;219463    ;MONDELEZ       ;        0.10;kg ;        0.00;       15.90;'7622200007332';HRANA;        2.49;        1.59
EUROCREM BLOK 50g                       ;22091     ;EUROCREM       ;        0.05;kg ;        0.65;       13.00;'8601900502032';HRANA;        0.00;        0.00
DORINA RIŽA 75g                         ;230143    ;DORINA         ;        0.08;kg ;        1.89;       25.20;'3850102123681';HRANA;        0.00;        0.00
DORINA RIŽA 220g                        ;230144    ;DORINA         ;        0.22;kg ;        4.49;       20.41;'3850102123452';HRANA;        0.00;        0.00
DORINA JAFFA 100g                       ;234715    ;DORINA         ;        0.10;kg ;        0.00;       14.50;'3850102123827';HRANA;        1.99;        1.45
DORINA NOISETTE 80g                     ;271435    ;DORINA         ;        0.08;kg ;        1.89;       23.63;'3850102125173';HRANA;        0.00;        0.00
KINDER MAXI T6*20 126g                  ;285941    ;FERRERO        ;        0.13;kg ;        2.89;       22.94;'80310167';HRANA;        0.00;        0.00
KINDER FIGURA BOŽIÆ 110g                ;298471    ;ATLANTIC TRADE d.o.o.;        0.11;kg ;        0.00;       30.45;'4008400511825';HRANA;        4.10;        3.35
MIKADO ÈOKOLADA 225g S RIŽOM            ;317325    ;ZVEÈEVO        ;        0.23;kg ;        3.89;       17.29;'3858888570477';HRANA;        0.00;        0.00
VESELA FARMA 140g  SL                   ;367150    ;EUROCREM       ;        0.14;kg ;        2.09;       14.93;'3875000050679';HRANA;        0.00;        0.00
MILKA LJEŠNJAK 80g                      ;371092    ;MONDELEZ       ;        0.08;kg ;        2.09;       26.13;'7622210043931';HRANA;        0.00;        0.00
MILKA NOISETTE 80g                      ;371095    ;MONDELEZ       ;        0.08;kg ;        2.09;       26.13;'7622210043955';HRANA;        0.00;        0.00
KANDIT MLIJEÈNA ÈOKOLADA 80g            ;374810    ;KANDIT         ;        0.08;kg ;        1.03;       12.88;'3858881046689';HRANA;        0.00;        0.00
KANDIT NUGASSO ÈOKOLADA 90g             ;374812    ;KANDIT         ;        0.09;kg ;        1.95;       21.67;'3858881046726';HRANA;        0.00;        0.00
KANDIT CONFETTINO ÈOKOLADA 100g         ;374813    ;KANDIT         ;        0.10;kg ;        1.95;       19.50;'3858881046801';HRANA;        0.00;        0.00
KANDIT LJEŠNJAK ÈOKOLADA 80g            ;374814    ;KANDIT         ;        0.08;kg ;        1.65;       20.63;'3858881046665';HRANA;        0.00;        0.00
KANDIT IDILA LJEŠNJAK 90g               ;392774    ;KANDIT         ;        0.09;kg ;        1.60;       17.78;'3858881049208';HRANA;        0.00;        0.00
KANDIT ÈOK. MILKY PLUS 90g              ;392778    ;KANDIT         ;        0.09;kg ;        1.59;       17.67;'3858881047693';HRANA;        0.00;        0.00
MILKA SCHOKO KEKS 300g                  ;395137    ;MONDELEZ       ;        0.30;kg ;        5.99;       19.97;'7622210275516';HRANA;        0.00;        0.00
M&M 200g CHOCO                          ;397679    ;MARS CHOCO     ;        0.20;kg ;        0.00;       16.80;'5900951141638';HRANA;        4.49;        3.36
DORINA MOUSSE ÈOKOLADA 95g FLOWP        ;404135    ;DORINA         ;        0.10;kg ;        0.00;       15.26;'3850102500505';HRANA;        1.99;        1.45
KINDER ÈOKOLADA T12X24 150g             ;404390    ;FERRERO        ;        0.15;kg ;        2.89;       19.27;'8000500141601';HRANA;        0.00;        0.00
DORINA LJEŠNJAK 80g FLOWPACK            ;404459    ;DORINA         ;        0.08;kg ;        1.89;       23.63;'3850102501526';HRANA;        0.00;        0.00
PRALINE PREMIUM HEDONA 160g             ;406620    ;HEDONA D.O.O.;        0.16;kg ;        9.89;       61.81;'3859892777609';HRANA;        0.00;        0.00
ÈOKOLADA YOU ARE MY HEART 300g          ;406628    ;HEDONA D.O.O.;        0.50;kg ;        8.29;       16.58;'3859892777715';HRANA;        0.00;        0.00
KANDIT TUTTI FRUTI 80g                  ;409052    ;KANDIT         ;        0.08;kg ;        1.65;       20.63;'3858881046610';HRANA;        0.00;        0.00
ÈOKOLADA SAMO TI S MALINOM 100g         ;413670    ;ZVEÈEVO        ;        0.10;kg ;        1.59;       15.90;'3858888573829';HRANA;        0.00;        0.00
DORINA MLIJEÈNA 250g FLOW               ;414616    ;DORINA         ;        0.25;kg ;        4.49;       17.96;'3850102502189';HRANA;        0.00;        0.00
DORINA NOISETTE 220g FLOW               ;414618    ;DORINA         ;        0.22;kg ;        4.49;       20.41;'3850102501984';HRANA;        0.00;        0.00
KINDER BUENO MINI 108g                  ;416294    ;FERRERO        ;        0.11;kg ;        3.69;       34.17;'8000500180709';HRANA;        0.00;        0.00
ÈOKOLADA MILKA BUBBLY MILK 90g          ;437835    ;MONDELEZ       ;        0.09;kg ;        0.00;       17.67;'7622210371638';HRANA;        2.49;        1.59
ÈOKOLADA MILKA BUBBLY WHITE 95g         ;437836    ;MONDELEZ       ;        0.09;kg ;        0.00;       17.67;'7622210371706';HRANA;        2.49;        1.59
KINDER COUNTRY 94g                      ;443264    ;FERRERO        ;        0.09;kg ;        2.79;       29.68;'8000500199985';HRANA;        0.00;        0.00
MILKA OREO 300g                         ;450040    ;MONDELEZ       ;        0.30;kg ;        5.99;       19.97;'7622210384362';HRANA;        0.00;        0.00
ÈOKOLADA SCHOGETTEN LJEŠNJAK 100g       ;509565    ;SCHOGETTEN     ;        0.10;kg ;        1.90;       19.00;'4000607851001';HRANA;        0.00;        0.00
ÈOKOLADA SCHOGETTEN NOISSETE 100g       ;509567    ;SCHOGETTEN     ;        0.10;kg ;        1.90;       19.00;'4000415851705';HRANA;        0.00;        0.00
ÈOKOLADA SCHOGETTEN BLACK AND WHITE 100G;509568    ;SCHOGETTEN     ;        0.10;kg ;        1.90;       19.00;'4000415039707';HRANA;        0.00;        0.00
ÈOKOLADA SCHOGETTEN TRILOGIA 100g       ;509569    ;SCHOGETTEN     ;        0.10;kg ;        1.90;       19.00;'4000415143800';HRANA;        0.00;        0.00
MILKA OREO COOKIES 100g                 ;518250    ;MONDELEZ       ;        0.10;kg ;        0.00;       15.90;'7622210194046';HRANA;        2.49;        1.59
ÈOKOLADA MILKA KIKIRIKI 276g            ;519966    ;MONDELEZ       ;        0.28;kg ;        5.99;       21.70;'7622210612267';HRANA;        0.00;        0.00
MILKA GROŽÐICE/LJEŠNJAK 270g            ;539969    ;MONDELEZ       ;        0.27;kg ;        5.99;       22.19;'7622210702326';HRANA;        0.00;        0.00
ÈOKOLADA MILKA TRIOLADE 280g            ;547697    ;MONDELEZ       ;        0.28;kg ;        5.99;       21.39;'7622210702623';HRANA;        0.00;        0.00
ÈOKOLADA MILKA OREO CIJELI KEKS 92g     ;549998    ;MONDELEZ       ;        0.09;kg ;        0.00;       17.28;'7622210830043';HRANA;        2.49;        1.59
ÈOKOLADA ANIDOR 70% KAKAO 85g           ;556503    ;ANIDOR         ;        0.09;kg ;        2.05;       24.12;'5941047821645';HRANA;        0.00;        0.00
ÈOKOLADA ANIDOR NARANÈA 85g             ;556504    ;ANIDOR         ;        0.09;kg ;        2.05;       24.12;'5941047821584';HRANA;        0.00;        0.00
KINDER ÈOKOLADA MINI 120g               ;563682    ;FERRERO        ;        0.12;kg ;        3.69;       30.75;'8000500256213';HRANA;        0.00;        0.00
ÈOKOLADA MERCI BAD-LJEŠ.100g            ;563896    ;STORCK         ;        0.10;kg ;        0.00;       24.50;'4014400914252';HRANA;        2.89;        2.45
ÈOKOLADA MERCI TAMNA 100g               ;563898    ;STORCK         ;        0.10;kg ;        0.00;       24.50;'4014400914276';HRANA;        2.89;        2.45
KINDER SCHOCO BONS 46g                  ;566940    ;FERRERO        ;        0.05;kg ;        1.89;       42.00;'4008400284620';HRANA;        0.00;        0.00
KINDER SCHOCOBONS WHITE 200g            ;574846    ;FERRERO        ;        0.20;kg ;        6.09;       30.45;'8000500289877';HRANA;        0.00;        0.00
DORINA 270g CHOCO MOUSSE                ;576269    ;DORINA         ;        0.27;kg ;        4.99;       18.48;'3850102517138';HRANA;        0.00;        0.00
ÈOKOLADA MILKA CHESECAKE 300g           ;576462    ;MONDELEZ       ;        0.30;kg ;        5.99;       19.97;'7622210683724';HRANA;        0.00;        0.00
KINDER HAPPY HIPPO COCOA 103,5g         ;577471    ;FERRERO        ;        0.10;kg ;        2.89;       28.06;'8000500023624';HRANA;        0.00;        0.00
MILKA NUT NOUGAT 300g                   ;577931    ;MONDELEZ       ;        0.30;kg ;        5.99;       19.97;'7622200004515';HRANA;        0.00;        0.00
ÈOKOLADA DORINA COCOLADA 98g            ;583458    ;DORINA         ;        0.10;kg ;        0.00;       14.80;'3850102516889';HRANA;        1.99;        1.45
ÈOKOLADA RIKI RIŽA ORIGINAL 75g         ;587410    ;KANDIT         ;        0.08;kg ;        1.55;       20.67;'3856024800679';HRANA;        0.00;        0.00
DORINA NAPOLITANKE 100g (2020)          ;592033    ;DORINA         ;        0.10;kg ;        1.99;       19.90;'3850102519521';HRANA;        0.00;        0.00
DORINA DOMAÆICA 105g(2020)              ;592034    ;DORINA         ;        0.11;kg ;        1.99;       18.95;'3850102519323';HRANA;        0.00;        0.00
DORINA 300g DOMAÆICA                    ;593273    ;DORINA         ;        0.30;kg ;        4.99;       16.63;'3850102519484';HRANA;        0.00;        0.00
DORINA 290g NAPOLITANKA                 ;593284    ;DORINA         ;        0.29;kg ;        4.99;       17.21;'3850102519552';HRANA;        0.00;        0.00
ÈOKOLADA RUNOLIST 100g RETRO            ;601146    ;DORINA         ;        0.10;kg ;        1.99;       19.90;'3850102514830';HRANA;        0.00;        0.00
ÈOKOLADA SCHOGETTEN TAMNA 100g          ;603218    ;SCHOGETTEN     ;        0.10;kg ;        1.90;       19.00;'4000607852008';HRANA;        0.00;        0.00
DORINA KEKS 220g                        ;606065    ;DORINA         ;        0.22;kg ;        4.49;       20.41;'3850102516285';HRANA;        0.00;        0.00
ÈOKOLADA SCHOGETTEN KIDS 100g           ;610966    ;SCHOGETTEN     ;        0.10;kg ;        1.90;       19.00;'4000607854606';HRANA;        0.00;        0.00
ÈOKOLADA KOLUMBO 100g                   ;612019    ;KOLUMBO        ;        0.10;kg ;        2.09;       20.90;'3850102521845';HRANA;        0.00;        0.00
MILKA MILKINIS 87,5g ÈOK.ŠTAPIÆI        ;61212     ;MONDELEZ       ;        0.09;kg ;        0.00;       18.07;'7622300108137';HRANA;        2.49;        1.59
ÈOKOLADA ROCHER PREMIUM MILK 90g        ;612876    ;FERRERO        ;        0.09;kg ;        2.89;       32.11;'8000500359488';HRANA;        0.00;        0.00
ÈOKOLADA RAFFAELLO 90g PREMIUM          ;613130    ;FERRERO        ;        0.09;kg ;        2.89;       32.11;'8000500359556';HRANA;        0.00;        0.00
DORINA 220g CIJELI LJEŠNJAK             ;613552    ;DORINA         ;        0.22;kg ;        4.99;       22.68;'3850102520381';HRANA;        0.00;        0.00
DORINA SJECKANI LJEŠNJAK 220g           ;613791    ;DORINA         ;        0.22;kg ;        4.49;       20.41;'3850102522323';HRANA;        0.00;        0.00
ÈOKOLADA CIJELI LJEŠNJAK 220g KANDIT    ;616953    ;KANDIT         ;        0.22;kg ;        0.00;       14.50;'3856024803946';HRANA;        4.50;        3.19
ÈOKOLADA HAZELNUT KANDI 210g            ;617288    ;KANDIT         ;        0.21;kg ;        2.99;       14.24;'3856024803885';HRANA;        0.00;        0.00
ÈOKOLADA TUTTI FRUTTI KANDI 210g        ;617289    ;KANDIT         ;        0.21;kg ;        2.99;       14.24;'3856024803908';HRANA;        0.00;        0.00
ÈOKOLADA ÈOKSA CREAMY MILK 68g          ;617294    ;ÈOKSA          ;        0.07;kg ;        1.39;       20.44;'3850102001613';HRANA;        0.00;        0.00
ÈOKOLADA ÈOKSA BANANA KEKS 68g          ;617295    ;ÈOKSA          ;        0.07;kg ;        1.39;       20.44;'3850102001606';HRANA;        0.00;        0.00
ÈOKOLADA ÈOKSA SLANI KIKIRIKI 67g       ;617298    ;ÈOKSA          ;        0.07;kg ;        1.59;       23.73;'3850102522637';HRANA;        0.00;        0.00
ÈOKOLADA SAMO TI JAGODA 250g            ;618737    ;ZVEÈEVO        ;        0.25;kg ;        3.89;       15.56;'3858881063594';HRANA;        0.00;        0.00
ÈOKOLADA KANDI ROYAL MIX NUTS 220g      ;618748    ;KANDIT         ;        0.22;kg ;        4.50;       20.45;'3856024803960';HRANA;        0.00;        0.00
MLIJEÈNA ÈOKOLADA KANDI 220g            ;618860    ;KANDIT         ;        0.22;kg ;        2.99;       13.59;'3856024803922';HRANA;        0.00;        0.00
ÈOK.SEKA I BRACO OKUS BANANA 85g        ;619294    ;ZVEÈEVO        ;        0.09;kg ;        1.49;       17.53;'3858881063556';HRANA;        0.00;        0.00
ÈOK.SEKA I BRACO MLIJEKO 85g            ;619297    ;ZVEÈEVO        ;        0.09;kg ;        1.49;       17.53;'3858881065376';HRANA;        0.00;        0.00
ÈOKOLADA MILKA NUTTY CHOCO WAFER 270g   ;625712    ;MONDELEZ       ;        0.27;kg ;        5.99;       22.19;'7622201677879';HRANA;        0.00;        0.00
EUROCREM BLOK 80g                       ;626093    ;EUROCREM       ;        0.08;kg ;        0.99;       12.38;'3875000050310';HRANA;        0.00;        0.00
ÈOKOLADA CREAMY NOISETTE 220g           ;627152    ;KANDIT         ;        0.22;kg ;        4.50;       20.45;'3856024803861';HRANA;        0.00;        0.00
KANDI WHITE MAGIC COCONUT 80g           ;635141    ;KANDIT         ;        0.08;kg ;        1.65;       20.63;'3856024804905';HRANA;        0.00;        0.00
ÈOKOLADA SALUT MLIJEÈNA 100g**          ;641510    ;SCHOGETTEN     ;        0.10;kg ;        0.90;        9.00;'4000415066000';HRANA;        0.00;        0.00
ÈOKOLADA VOLIM TE ŠUMSKO VOÆE 253g      ;642205    ;ZVEÈEVO        ;        0.24;kg ;        3.89;       16.55;'3858881062054';HRANA;        0.00;        0.00
ÈOKOLADA VOLIM TE LJEŠ.BAD.KARAMEL.253g ;642206    ;ZVEÈEVO        ;        0.25;kg ;        3.89;       15.38;'3858881062078';HRANA;        0.00;        0.00
ÈOKOLADA DORINA CREAMY HAZELNUT 98g     ;642804    ;DORINA         ;        0.10;kg ;        0.00;       14.80;'3850102005734';HRANA;        1.99;        1.45
DORINA 245g CREAMY HAZELNUT             ;642805    ;DORINA         ;        0.25;kg ;        4.99;       20.37;'3850102005758';HRANA;        0.00;        0.00
ÈOKOLADA DORINA STRAWBER.&VANIL.95g     ;642806    ;DORINA         ;        0.10;kg ;        0.00;       15.26;'3850102009947';HRANA;        1.99;        1.45
ÈOKOLADA DORINA PETIT BEURRE 240g       ;642808    ;DORINA         ;        0.24;kg ;        4.99;       20.79;'3850102010004';HRANA;        0.00;        0.00
DORINA 245g JAGODA VANILIJA             ;642809    ;DORINA         ;        0.25;kg ;        4.99;       20.37;'3850102010011';HRANA;        0.00;        0.00
ÈOK.EUROCREM BLOK MILKY 4*20g 80g       ;647169    ;EUROCREM       ;        0.08;kg ;        0.00;        9.88;'8601900501257';HRANA;        1.10;        0.79
ÈOKOLADA ROCHER WHITE 90g               ;647929    ;FERRERO        ;        0.09;kg ;        2.89;       32.11;'8000500359884';HRANA;        0.00;        0.00
KOKOS DESERT 180g (9X20g) VISPAK        ;648286    ;VISPAK         ;        0.18;kg ;        1.49;        8.28;'3870007047509';HRANA;        0.00;        0.00
DORINA EXTRA MILK 220g                  ;649421    ;DORINA         ;        0.22;kg ;        4.49;       20.41;'3850102012930';HRANA;        0.00;        0.00
ÈOKOLADA BAJADERA 130g KRAŠ             ;649489    ;KRAŠ d.d.;        0.13;kg ;        3.35;       25.77;'3850102013470';HRANA;        0.00;        0.00
ÈOKOLADA GRIOTTE 135g                   ;649490    ;KRAŠ d.d.;        0.14;kg ;        3.35;       24.81;'3850102013494';HRANA;        0.00;        0.00
ÈOKO MINT PRUTIÆI 200g DUPIN**          ;649498    ;HAMLET         ;        0.20;kg ;        3.49;       17.45;'5400265025063';HRANA;        0.00;        0.00
SCHOGETTEN BIJELA PISTACIJA 100g        ;650546    ;SCHOGETTEN     ;        0.10;kg ;        1.90;       19.00;'4000415852207';HRANA;        0.00;        0.00
MLIJEÈNE ÈOKOLADICE 4X15g MILLANO       ;652274    ;BARON INTERNATIONAL DOO;        0.06;kg ;        1.55;       25.83;'5905858674906';HRANA;        0.00;        0.00
ÈOKOLADNA SRCA U MREŽICI 100g BARON     ;652371    ;BARON INTERNATIONAL DOO;        0.10;kg ;        1.35;       13.50;'5905858674333';HRANA;        0.00;        0.00
DORINA CARAMEL ALMOND 250g              ;653883    ;DORINA         ;        0.25;kg ;        4.99;       19.96;'3850102010028';HRANA;        0.00;        0.00
DORINA CARAMEL ALMOND 100g              ;653884    ;DORINA         ;        0.10;kg ;        0.00;       14.50;'3850102014835';HRANA;        1.99;        1.45
DELICADORE ÈOK. BROWNIE 100g            ;653974    ;BARON INTERNATIONAL DOO;        0.10;kg ;        0.99;        9.90;'5905858670472';HRANA;        0.00;        0.00
DELICADORE ÈOK.S MLIJEÈNIM PUNJENJEM 100;653976    ;BARON INTERNATIONAL DOO;        0.10;kg ;        0.99;        9.90;'5905858670458';HRANA;        0.00;        0.00
MILKA ALPINE MILK 250g                  ;654290    ;MONDELEZ       ;        0.25;kg ;        5.99;       23.96;'7622202257827';HRANA;        0.00;        0.00
EUROCREM MIX ÈOKOLADICA 280g            ;654491    ;EUROCREM       ;        0.28;kg ;        3.29;       11.75;'8601900502773';HRANA;        0.00;        0.00
MILKA ÈOKOLADA WHITE 90g                ;655413    ;MONDELEZ       ;        0.09;kg ;        0.00;       17.67;'7622202265662';HRANA;        2.49;        1.59
MILKA ÈOKOLADA RAISINS & NUTS 90g       ;655415    ;MONDELEZ       ;        0.09;kg ;        0.00;       17.67;'7622202262739';HRANA;        2.49;        1.59
ÈOKOLADA SCHOGETTEN BLONDE ALMOND 100g  ;655448    ;SCHOGETTEN     ;        0.10;kg ;        1.45;       14.50;'4000415851309';HRANA;        0.00;        0.00
SCHOGETTEN FREEZE BURBON VANILIJA 100g  ;655460    ;SCHOGETTEN     ;        0.10;kg ;        1.45;       14.50;'4000415834005';HRANA;        0.00;        0.00
SCHOGETTEN FREEZE BRESKVA MAR. 100g     ;655461    ;SCHOGETTEN     ;        0.10;kg ;        1.45;       14.50;'4000415000554';HRANA;        0.00;        0.00
ÈOKOLADA ANGEL 85g ELLIT                ;655634    ;DUPIN d.o.o. ZAGREB;        0.09;kg ;        6.99;       82.24;'8698701043246';HRANA;        0.00;        0.00
MILKA NOISETTE 250g                     ;656016    ;FILIR D.O.O.;        0.25;kg ;        5.99;       23.96;'7622202258312';HRANA;        0.00;        0.00
MILKA TOFFE WHOLENUT 300g F             ;656033    ;FIDELIUS DISTRIBUCIJA D.O.O.;        0.30;kg ;        2.99;        9.97;'7622300134532';HRANA;        0.00;        0.00
MILKA CIJELI LJEŠNJAK 250g              ;656220    ;MONDELEZ       ;        0.25;kg ;        5.99;       23.96;'7622202273919';HRANA;        0.00;        0.00
SCHOGETTEN 100g ÈOKOLADA POPCORN        ;656448    ;DUPIN d.o.o. ZAGREB;        0.10;kg ;        1.45;       14.50;'4000415832100';HRANA;        0.00;        0.00
MILKA ÈOKOLADA  CIJELI LJEŠNJAK 95g     ;656580    ;FILIR D.O.O.;        0.10;kg ;        0.00;       20.95;'7622202264177';HRANA;        2.49;        1.99
KRAŠ SEL. ÈKOLADA ESPRESO MARTINI 130g  ;656616    ;KRAŠ d.d.;        0.13;kg ;        3.49;       26.85;'3850102015788';HRANA;        0.00;        0.00
KRAŠ SEL.ÈOK.FROZEN MARGARITA 130g      ;656618    ;KRAŠ d.d.;        0.13;kg ;        3.49;       26.85;'3850102015801';HRANA;        0.00;        0.00
ÈOKOLADA DELICADORE 100g AMARETTO       ;658285    ;BARON INTERNATIONAL DOO;        0.10;kg ;        0.00;        9.90;'5905858670533';HRANA;        1.29;        0.99
RIKI ÈOK.CORNFLAKES 95g                 ;658616    ;KANDIT         ;        0.10;kg ;        1.69;       17.79;'3856024806312';HRANA;        0.00;        0.00
RIKI ÈOKOLADA DARK 200g                 ;658631    ;KANDIT         ;        0.20;kg ;        3.85;       19.25;'3856024806213';HRANA;        0.00;        0.00
RIKI ÈOKOLADA CEREALS HONEY 230g        ;658632    ;KANDIT         ;        0.23;kg ;        3.39;       14.74;'3856024806237';HRANA;        0.00;        0.00
RIKI ÈOKOLADA POPCORN 250g              ;658633    ;KANDIT         ;        0.25;kg ;        3.39;       13.56;'3856024806299';HRANA;        0.00;        0.00
KIT KAT ÈOKOLADA HAZELNUT 99g           ;662053    ;NESTLE         ;        0.10;kg ;        2.79;       28.18;'3800020491461';HRANA;        0.00;        0.00
KIT KAT ÈOKOLADA DOUBLE CHOCOLATE 99g   ;662055    ;NESTLE         ;        0.10;kg ;        2.79;       28.18;'3800020491478';HRANA;        0.00;        0.00
KIT KAT ÈOKOLADA SALTED CARAMEL 99g     ;662056    ;NESTLE         ;        0.10;kg ;        2.79;       28.18;'3800020491508';HRANA;        0.00;        0.00
ÈOKOLADA SCHOGETTEN  POPCORN 100g       ;662568    ;DUPIN d.o.o. ZAGREB;        0.10;kg ;        1.45;       14.50;'4000415832308';HRANA;        0.00;        0.00
MILKA EXTRA WHOLE HAZELNUTS 190g        ;662651    ;MONDELEZ       ;        0.19;kg ;        4.49;       23.63;'7622202305399';HRANA;        0.00;        0.00
MILKA EXTRA ALPINE MILK 190g            ;662652    ;MONDELEZ       ;        0.19;kg ;        4.49;       23.63;'7622202305658';HRANA;        0.00;        0.00
MILKA EXTRA NOISETTE 190g               ;662653    ;MONDELEZ       ;        0.19;kg ;        4.49;       23.63;'7622202305733';HRANA;        0.00;        0.00
MILKA EXTRA LOTUS BISCOF 190g           ;662654    ;MONDELEZ       ;        0.19;kg ;        4.49;       23.63;'7622202305337';HRANA;        0.00;        0.00
KANDIT ÈOKOLADA S RIŽOM 200g            ;69577     ;KANDIT         ;        0.20;kg ;        3.79;       18.95;'3858881040458';HRANA;        0.00;        0.00
SPORT KEKS 1kg KRAŠ                     ;01525     ;KRAŠ SPORT     ;        1.00;kg ;        4.19;        4.19;'3850102311507';HRANA;        0.00;        0.00
SPORT KEKS 300g KRAŠ                    ;01535     ;KRAŠ SPORT     ;        0.30;kg ;        1.79;        5.97;'3850102310111';HRANA;        0.00;        0.00
PETIT BEURRE 200g KRAŠ                  ;01543     ;KRAŠ d.d.;        0.20;kg ;        1.59;        7.95;'3850102311163';HRANA;        0.00;        0.00
NAPOLITANKE ÈOKOL.500g KRAŠ             ;02979     ;KRAŠ d.d.;        0.50;kg ;        6.69;       13.38;'3850102320073';HRANA;        0.00;        0.00
PETIT BEURRE 960g KRAŠ                  ;04779     ;KRAŠ d.d.;        0.96;kg ;        5.09;        5.30;'3850102311446';HRANA;        0.00;        0.00
PETIT BEURRE 480g KRAŠ                  ;06320     ;KRAŠ d.d.;        0.48;kg ;        2.99;        6.23;'3850102311439';HRANA;        0.00;        0.00
NAPOLITANKE ÈOKOL.250g KRAŠ             ;09896     ;KRAŠ d.d.;        0.25;kg ;        3.99;       15.96;'3850102320080';HRANA;        0.00;        0.00
MJEŠANI KEKSI 500g                      ;223620    ;GABRIELI       ;        0.50;kg ;        2.66;        5.32;'3859889085069';HRANA;        0.00;        0.00
DOMAÆI KEKSI 1000g                      ;223621    ;GABRIELI       ;        1.00;kg ;        5.19;        5.19;'3859889085021';HRANA;        0.00;        0.00
KIFLICE ORAH 500g EKOS                  ;290065    ;EKOS CAKES D.O.O.;        0.50;kg ;        3.70;        7.40;'3859889738132';HRANA;        0.00;        0.00
KIFLICE KOKOS 500g EKOS                 ;290066    ;EKOS CAKES D.O.O.;        0.50;kg ;        3.69;        7.38;'3859889738149';HRANA;        0.00;        0.00
PIKNIK KEKS 920g (4*230g)               ;305319    ;KOESTLIN       ;        0.92;kg ;        4.09;        4.45;'3858881091955';HRANA;        0.00;        0.00
KEKSI GABRIELI MJEŠANI 750g             ;348034    ;GABRIELI       ;        0.75;kg ;        3.92;        5.23;'3859889085045';HRANA;        0.00;        0.00
DOMAÆICA ORGINAL 300g KRAŠ              ;351012    ;KRAŠ DOMAÆICA  ;        0.30;kg ;        3.49;       11.63;'3850102314126';HRANA;        0.00;        0.00
NAPOLITANKE CHOCO CREAM 840g KRAŠ       ;351766    ;NAPOLITANKE    ;        0.84;kg ;        4.99;        5.94;'3850102326150';HRANA;        0.00;        0.00
NAPOLITANKE CHOCO CREAM 420g KRAŠ       ;352526    ;KRAŠ VAFLI     ;        0.42;kg ;        3.19;        7.60;'3850102326143';HRANA;        0.00;        0.00
NAPOLITANKE FRUIT 420g KRAŠ             ;352822    ;KRAŠ VAFLI     ;        0.42;kg ;        3.19;        7.60;'3850102326235';HRANA;        0.00;        0.00
NAPOLITANKE CLASSIC 740g                ;355092    ;KOESTLIN       ;        0.74;kg ;        2.99;        4.04;'3856014114977';HRANA;        0.00;        0.00
NAPOLITANKE NOUGAT 420g KRAŠ            ;355568    ;KRAŠ VAFLI     ;        0.42;kg ;        3.19;        7.60;'3850102326174';HRANA;        0.00;        0.00
ÈAJNI KOLUTIÆI 700g KOESTLIN            ;394492    ;KOESTLIN       ;        0.70;kg ;        3.49;        4.99;'3856014111976';HRANA;        0.00;        0.00
NAPOLITANKE NOUGAT 840g KRAŠ            ;401886    ;NAPOLITANKE    ;        0.84;kg ;        4.99;        5.94;'3850102326198';HRANA;        0.00;        0.00
DOMAÆICA TAMNA 275g                     ;408654    ;KRAŠ DOMAÆICA  ;        0.28;kg ;        3.49;       12.69;'3850102501779';HRANA;        0.00;        0.00
NAPOLITANKE LJEŠNJAK 370g               ;421810    ;KOESTLIN       ;        0.37;kg ;        0.00;        4.84;'3856014114687';HRANA;        2.49;        1.79
NAPOLITANKE ÈOKOLADA 370g               ;421811    ;KOESTLIN       ;        0.37;kg ;        0.00;        4.84;'3856014114656';HRANA;        2.49;        1.79
NAPOLITANKE VOÆNE KOCKE 740g            ;421812    ;KOESTLIN       ;        0.74;kg ;        2.99;        4.04;'3856014114946';HRANA;        0.00;        0.00
NAPOLITANKE ÈOKOLADA 740g               ;421814    ;KOESTLIN       ;        0.74;kg ;        2.99;        4.04;'3856014115004';HRANA;        0.00;        0.00
SPECULAAS 400g KOESTLIN                 ;434738    ;KOESTLIN       ;        0.40;kg ;        3.66;        9.15;'3856014116995';HRANA;        0.00;        0.00
SPECULAAS 200g KOESTLIN                 ;434739    ;KOESTLIN       ;        0.20;kg ;        1.99;        9.95;'3856014117022';HRANA;        0.00;        0.00
PIKNIK FAMILY 700g                      ;447531    ;KOESTLIN       ;        0.70;kg ;        4.29;        6.13;'3856014117916';HRANA;        0.00;        0.00
NAPOLITANKE CLASIC 370g                 ;515833    ;KOESTLIN       ;        0.37;kg ;        0.00;        4.84;'3856014119767';HRANA;        2.49;        1.79
KEKS CHOCO COOKIES ORIGINAL 200g KOESTLI;517489    ;KOESTLIN       ;        0.20;kg ;        2.11;       10.55;'3856014120084';HRANA;        0.00;        0.00
SLATKI VJENÈIÆI 500g EKOS               ;520541    ;EKOS CAKES D.O.O.;        0.50;kg ;        3.70;        7.40;'3858889614262';HRANA;        0.00;        0.00
SLATKA MJEŠAVINA 450g EKOS              ;520542    ;EKOS CAKES D.O.O.;        0.45;kg ;        3.99;        8.87;'3858889614248';HRANA;        0.00;        0.00
KEKS PARIS ORIGINAL 225g                ;561526    ;KOESTLIN       ;        0.23;kg ;        1.43;        6.36;'3856014122651';HRANA;        0.00;        0.00
KEKS PARIS KAKAO 225g                   ;561528    ;KOESTLIN       ;        0.23;kg ;        1.43;        6.36;'3856014122682';HRANA;        0.00;        0.00
KEKS PARIS ÈOKOLADA 225g                ;561529    ;KOESTLIN       ;        0.23;kg ;        1.43;        6.36;'3856014122712';HRANA;        0.00;        0.00
KEKS PARIS LEMON 225g                   ;561530    ;KOESTLIN       ;        0.23;kg ;        1.43;        6.36;'3856014122743';HRANA;        0.00;        0.00
NAPOLITANKE COCOA&MILK 420g KRAŠ        ;592951    ;KRAŠ VAFLI     ;        0.42;kg ;        3.19;        7.60;'3850102519125';HRANA;        0.00;        0.00
NAPOLITANKE COCOA&CHOCO 420g            ;592952    ;KRAŠ VAFLI     ;        0.42;kg ;        3.19;        7.60;'3850102519118';HRANA;        0.00;        0.00
KEKS PRINCEZA ÈOKO 230g KOKOS           ;594376    ;KOESTLIN       ;        0.23;kg ;        2.20;        9.57;'3856014101618';HRANA;        0.00;        0.00
KEKS PRINCEZA ÈOKO 230g ORIGINAL        ;594377    ;KOESTLIN       ;        0.23;kg ;        2.20;        9.57;'3856014101649';HRANA;        0.00;        0.00
SUHI KOLAÈI OBIT.ÈAROLIJA 500g FANOLA   ;600823    ;FANOLA D.O.O.;        0.50;kg ;        4.59;        9.18;'3859888257177';HRANA;        0.00;        0.00
SUH.KOL.VJENÈ.VIŠNJA I MARELICA 500g    ;600824    ;FANOLA D.O.O.;        0.50;kg ;        4.45;        8.90;'3859888257658';HRANA;        0.00;        0.00
SUH.KOLAÈI KIFLICE ORANŽ 225g FANOLA    ;600825    ;FANOLA D.O.O.;        0.23;kg ;        2.79;       12.40;'3859888257696';HRANA;        0.00;        0.00
SUH.KOLAÈI VJENÈ.MARELICA 500g FANOLA   ;600826    ;FANOLA D.O.O.;        0.50;kg ;        4.45;        8.90;'3859888257061';HRANA;        0.00;        0.00
SUHI KOL. KIFLICE ROGAÈ-ORAH 225g       ;600827    ;FANOLA D.O.O.;        0.23;kg ;        2.79;       12.40;'3859888257719';HRANA;        0.00;        0.00
NAPOLITANKE ÈOK.I MLIJEKO TEA 330GKOESTL;603660    ;KOESTLIN       ;        0.33;kg ;        0.00;        5.42;'3858881098145';HRANA;        2.49;        1.79
NAPOLITANKE ÈOK.I MLIJEKO 165g TEA KOEST;603662    ;KOESTLIN       ;        0.17;kg ;        1.75;       10.61;'3858881098039';HRANA;        0.00;        0.00
KEKS DOMAÆICA KOKOS TAMNA ÈOK 275g      ;608863    ;KRAŠ DOMAÆICA  ;        0.28;kg ;        3.49;       12.69;'3850102521388';HRANA;        0.00;        0.00
KEKS MOTO KAKAO 288g                    ;614179    ;MOTO           ;        0.29;kg ;        2.99;       10.38;'3850102522859';HRANA;        0.00;        0.00
JADRO ORIGINAL 430g                     ;614541    ;JADRO          ;        0.43;kg ;        3.19;        7.42;'3850102522545';HRANA;        0.00;        0.00
KEKS MOTO KAKAO 192g NOVO               ;614543    ;MOTO KEKS      ;        0.19;kg ;        0.00;        7.76;'3850102522880';HRANA;        1.99;        1.49
JADRO KOKOS ÈOKOLADA 430g NOVO          ;614612    ;JADRO          ;        0.43;kg ;        3.19;        7.42;'3850102522552';HRANA;        0.00;        0.00
JADRO ORIGINAL 860g 2022g               ;614983    ;JADRO          ;        0.86;kg ;        0.00;        4.64;'3850102522514';HRANA;        5.29;        3.99
KEKS MOTO KAKAO MLIJEKO 192g            ;615595    ;KRAŠ d.d.;        0.19;kg ;        0.00;        7.76;'3850102522705';HRANA;        1.99;        1.49
KEKS MOTO KAKAO MLIJEKO 288g            ;616357    ;MOTO           ;        0.29;kg ;        2.99;       10.38;'3850102522866';HRANA;        0.00;        0.00
NAPOLITANKE CHOC.CREAM 187g KRAŠ        ;618931    ;KRAŠ d.d.;        0.19;kg ;        1.59;        8.50;'3850102523405';HRANA;        0.00;        0.00
NAPOLITANKE COCOA MILK 187g             ;618932    ;KRAŠ d.d.;        0.19;kg ;        1.59;        8.50;'3850102523436';HRANA;        0.00;        0.00
NAPOLITANKE NOUGAT 187g KRAŠ            ;618933    ;KRAŠ d.d.;        0.19;kg ;        1.59;        8.50;'3850102002153';HRANA;        0.00;        0.00
NAPOLITANKE LEMON ORANGE 187g           ;618934    ;KRAŠ d.d.;        0.19;kg ;        1.59;        8.50;'3850102523429';HRANA;        0.00;        0.00
KEKS SPECULAS 400g PREMIUM              ;619974    ;KOESTLIN       ;        0.40;kg ;        4.95;       12.38;'3856014105111';HRANA;        0.00;        0.00
NAPOLITANKE NOUGAT 327g KRAŠ            ;626062    ;KRAŠ d.d.;        0.33;kg ;        2.65;        8.10;'3850102523450';HRANA;        0.00;        0.00
NAPOLITANKE CHOCO CREAM 327g KRAŠ       ;626063    ;KRAŠ d.d.;        0.33;kg ;        2.65;        8.10;'3850102523443';HRANA;        0.00;        0.00
KEKS PK KOKOS 200g                      ;626167    ;PREKRAŠNI      ;        0.20;kg ;        2.59;       12.95;'3850102005413';HRANA;        0.00;        0.00
FRONDI VAFEL NOUGAT 250g                ;626924    ;FRONDI         ;        0.25;kg ;        2.59;       10.36;'3850102002221';HRANA;        0.00;        0.00
FRONDI VAFEL KAKAO 250g                 ;626925    ;FRONDI         ;        0.25;kg ;        2.59;       10.36;'3850102002245';HRANA;        0.00;        0.00
FRONDI VAFEL KAKAO I MLIJEKO 225g       ;627678    ;FRONDI         ;        0.23;kg ;        2.59;       11.51;'3850102007547';HRANA;        0.00;        0.00
FRONDI VAFEL LIMUN 250g                 ;627679    ;FRONDI         ;        0.25;kg ;        2.59;       10.36;'3850102002283';HRANA;        0.00;        0.00
FRONDI VAFEL VANILIJA 250g              ;627925    ;FRONDI         ;        0.25;kg ;        2.59;       10.36;'3850102002269';HRANA;        0.00;        0.00
KEKS DOMAÆICA MULTIGRAIN 275g           ;628233    ;KRAŠ DOMAÆICA  ;        0.28;kg ;        3.49;       12.69;'3850102006830';HRANA;        0.00;        0.00
KARAT CHOCO WAFERS 200g                 ;632851    ;KOESTLIN       ;        0.20;kg ;        2.88;       14.40;'3856014106026';HRANA;        0.00;        0.00
RUM CHOCO WAFERS 200g                   ;632852    ;KOESTLIN       ;        0.20;kg ;        2.88;       14.40;'3856014106088';HRANA;        0.00;        0.00
MIGNON CHOCO WAFERS 200g                ;632853    ;KOESTLIN       ;        0.20;kg ;        2.88;       14.40;'3856014106057';HRANA;        0.00;        0.00
KEKS MOTO KAKAO 576g                    ;634668    ;MOTO           ;        0.58;kg ;        4.99;        8.66;'3850102008506';HRANA;        0.00;        0.00
NAPOLITANKE CHOCO KOKOS 250g            ;643746    ;KRAŠ d.d.;        0.25;kg ;        3.99;       15.96;'3850102012442';HRANA;        0.00;        0.00
NAPOLITANKE CHOCO KOKOS 500g            ;643747    ;KRAŠ d.d.;        0.50;kg ;        6.69;       13.38;'3850102012473';HRANA;        0.00;        0.00
KEKS PARIS HAZELNUT 225g                ;643854    ;KOESTLIN       ;        0.23;kg ;        1.43;        6.36;'3856014106897';HRANA;        0.00;        0.00
KEKSI PARIS STRAWBERRY 225g             ;643855    ;KOESTLIN       ;        0.23;kg ;        1.43;        6.36;'3856014106835';HRANA;        0.00;        0.00
FRONDI VAFEL KOKOS 250g                 ;644234    ;FRONDI         ;        0.25;kg ;        2.59;       10.36;'3850102010066';HRANA;        0.00;        0.00
NAPOLITANKE CHOCO RUM 360g              ;645012    ;KOESTLIN       ;        0.36;kg ;        0.00;        4.97;'3856014106767';HRANA;        2.49;        1.79
ÈAJNI KOLUTIÆI KOKOS 800g KRAŠ          ;645719    ;ÈAJNI KOLUTIÆI ;        0.80;kg ;        3.89;        4.86;'3850120700017';HRANA;        0.00;        0.00
ÈAJNI KOLUTIÆI KAKAO 800g KRAŠ          ;645737    ;ÈAJNI KOLUTIÆI ;        0.80;kg ;        3.89;        4.86;'3850102012398';HRANA;        0.00;        0.00
KEKS DOMAÆICA 500g                      ;645853    ;KRAŠ DOMAÆICA  ;        0.50;kg ;        4.99;        9.98;'3850102012633';HRANA;        0.00;        0.00
KEKS DOMAÆICA EXTRA CHOCO 220g          ;645884    ;KRAŠ DOMAÆICA  ;        0.22;kg ;        3.49;       15.86;'3850102009640';HRANA;        0.00;        0.00
KEKS DOMAÆICA EXTRA CHOCO LJEŠNJAK 220g ;645885    ;KRAŠ DOMAÆICA  ;        0.22;kg ;        3.49;       15.86;'3850102009633';HRANA;        0.00;        0.00
KEKS DOMAÆICA EXTRA CHOCO NARANÈA 220g  ;645887    ;KRAŠ DOMAÆICA  ;        0.22;kg ;        3.49;       15.86;'3850102009626';HRANA;        0.00;        0.00
KEKSI PK KEKS KAKAO 220g                ;646400    ;PREKRAŠNI      ;        0.22;kg ;        2.59;       11.77;'3850102011230';HRANA;        0.00;        0.00
KEKSI PK KEKS NOUGAT 220g               ;646401    ;PREKRAŠNI      ;        0.22;kg ;        2.59;       11.77;'3850102011254';HRANA;        0.00;        0.00
KRAŠ SARA KEKS S KAKAO PRELJEVOM 220g   ;646818    ;KRAŠ           ;        0.22;kg ;        0.00;        6.32;'3850102012763';HRANA;        1.79;        1.39
KEKSI PK VIŠNJA 220g                    ;647467    ;PREKRAŠNI      ;        0.22;kg ;        2.59;       11.77;'3850102011278';HRANA;        0.00;        0.00
KRAŠ PETIT KEKS 1kg                     ;650562    ;KRAŠ d.d.;        0.40;kg ;        3.49;        8.73;'3850102014415';HRANA;        0.00;        0.00
KRAŠ PETIT KEKS 400g                    ;650563    ;KRAŠ d.d.;        1.00;kg ;        1.69;        1.69;'3850102014408';HRANA;        0.00;        0.00
DOMAÆICA ORIGINAL 170g KRAŠ             ;652761    ;KRAŠ DOMAÆICA  ;        0.17;kg ;        1.99;       11.71;'3850102014613';HRANA;        0.00;        0.00
DOMAÆICA ORIGINAL MINI 100g             ;652762    ;KRAŠ DOMAÆICA  ;        0.10;kg ;        1.29;       12.90;'3850102014620';HRANA;        0.00;        0.00
DOMAÆICA MULTIGRAIN MINI 100g           ;652763    ;KRAŠ DOMAÆICA  ;        0.10;kg ;        1.29;       12.90;'3850102013685';HRANA;        0.00;        0.00
ÈAJNI KOLUTIÆI 800g KRAŠ                ;654777    ;ÈAJNI KOLUTIÆI ;        0.80;kg ;        3.89;        4.86;'3850120700079';HRANA;        0.00;        0.00
KOLAÈI DJEDOV BRK 250g KAILA            ;655386    ;KAILA D.O.O.;        0.25;kg ;        3.99;       15.96;'3859893766145';HRANA;        0.00;        0.00
KOLAÈI SWEET MIX 450g                   ;655387    ;KAILA D.O.O.;        0.45;kg ;        6.99;       15.53;'3859893766237';HRANA;        0.00;        0.00
ZLATKA 500g  KEKSI KRAŠ**               ;656550    ;KRAŠ d.d.;        0.50;kg ;        3.15;        6.30;'3850120700499';HRANA;        0.00;        0.00
KRAŠ ŠTRUDLICE ŠLJIVA 200g PK           ;656755    ;KRAŠ d.d.;        0.20;kg ;        1.99;        9.95;'3850120700376';HRANA;        0.00;        0.00
NAPOLITANKE CHOCO NARANÈA 250g          ;663359    ;KRAŠ d.d.;        0.25;kg ;        3.99;       15.96;'3850102016198';HRANA;        0.00;        0.00
HIPP BIO VK MARELICE 190g               ;04081     ;HIPP           ;        0.19;kg ;        1.67;        8.79;'9062300101680';HRANA;        0.00;        0.00
HIPP BIO POVRÆE/RIŽA/TELET.220g         ;04176     ;HIPP           ;        0.22;kg ;        2.12;        9.64;'9062300103035';HRANA;        0.00;        0.00
HIPP SOK KRUŠKA 200mL                   ;133167    ;HIPP           ;        0.20;L  ;        1.33;        6.65;'9062300105640';HRANA;        0.00;        0.00
HIPP BIO POVRÆE/RIŽA/PILETINA 190g      ;150941    ;HIPP           ;        0.19;kg ;        2.04;       10.74;'9062300100959';HRANA;        0.00;        0.00
FRUTEK ÈAJ JABUKA/KAMILICA 125mL        ;159596    ;FRUTEK         ;        0.13;L  ;        0.99;        7.92;'3838945502696';HRANA;        0.00;        0.00
FRUTEK NEKTAR BANANA 125mL              ;159598    ;FRUTEK         ;        0.13;L  ;        0.99;        7.92;'3838945502726';HRANA;        0.00;        0.00
FRUTEK BIO SOK JABUKA 125mL             ;159600    ;FRUTEK         ;        0.13;L  ;        0.99;        7.92;'3838945502733';HRANA;        0.00;        0.00
FRUTEK SOK BRESKVA/KRUŠKA 125mL         ;159601    ;FRUTEK         ;        0.13;L  ;        0.99;        7.92;'3838945502740';HRANA;        0.00;        0.00
FRUTEK BIO SOK JABUKA/MRKVA 125mL       ;159602    ;FRUTEK         ;        0.13;L  ;        0.99;        7.92;'3838945502757';HRANA;        0.00;        0.00
FRUTEK BRESKVA S RIŽOM 120g             ;159607    ;FRUTEK         ;        0.12;kg ;        1.26;       10.50;'3838945502955';HRANA;        0.00;        0.00
FRUTEK MARELICA 120g                    ;159608    ;FRUTEK         ;        0.12;kg ;        1.26;       10.50;'3838945502979';HRANA;        0.00;        0.00
FRUTEK KAŠICA KRUŠKA 120g               ;159612    ;FRUTEK         ;        0.12;kg ;        1.26;       10.50;'3838945504171';HRANA;        0.00;        0.00
FRUTEK KAŠICA BANANA 120g               ;159613    ;FRUTEK         ;        0.12;kg ;        1.26;       10.50;'3838945504188';HRANA;        0.00;        0.00
FRUTEK KAŠICA ŽITA/JABUKA 120g          ;159617    ;FRUTEK         ;        0.12;kg ;        1.26;       10.50;'3838945504294';HRANA;        0.00;        0.00
FRUTEK MARELICA 190g                    ;159619    ;FRUTEK         ;        0.19;kg ;        1.75;        9.21;'3838945503136';HRANA;        0.00;        0.00
FRUTEK ŽITARICE/JABUKA 190g             ;159620    ;FRUTEK         ;        0.19;kg ;        1.75;        9.21;'3838945503143';HRANA;        0.00;        0.00
FRUTEK BRESKVA/RIŽA 190g                ;159623    ;FRUTEK         ;        0.19;kg ;        1.75;        9.21;'3838945503174';HRANA;        0.00;        0.00
FRUTEK KAŠICA PIŠKOTI/JABUKA 120g       ;205286    ;FRUTEK         ;        0.12;kg ;        1.26;       10.50;'3838945511353';HRANA;        0.00;        0.00
FRUTEK PIŠKOTI/JABUKA 190g              ;205287    ;FRUTEK         ;        0.19;kg ;        1.75;        9.21;'3838945511391';HRANA;        0.00;        0.00
FRUTEK KAŠICA ŠLJIVA/KRUŠKA 120g        ;240115    ;FRUTEK         ;        0.12;kg ;        1.26;       10.50;'3838945511407';HRANA;        0.00;        0.00
FRUTEK BIO KAŠICA JABUKA 190g           ;316219    ;FRUTEK         ;        0.19;kg ;        1.75;        9.21;'3838945016445';HRANA;        0.00;        0.00
FRUTEK BIO KAŠICA JABUKA/BRESKVA 190g   ;316220    ;FRUTEK         ;        0.19;kg ;        1.75;        9.21;'3838945016452';HRANA;        0.00;        0.00
FRUTEK BIO KAŠICA JABUKA/MRKVA 190g     ;316221    ;FRUTEK         ;        0.19;kg ;        1.75;        9.21;'3838945016469';HRANA;        0.00;        0.00
FRUTEK BIO KAŠICA JABUKA 120g           ;316287    ;FRUTEK         ;        0.12;kg ;        1.26;       10.50;'3838945016483';HRANA;        0.00;        0.00
FRUTEK BIO KAŠICA JABUKA/BRESKVA 120g   ;316288    ;FRUTEK         ;        0.12;kg ;        1.26;       10.50;'3838945016476';HRANA;        0.00;        0.00
FRUTEK BIO KAŠICA JABUKA/MRKVA 120g     ;316289    ;FRUTEK         ;        0.12;kg ;        1.26;       10.50;'3838945016490';HRANA;        0.00;        0.00
BEBIVITA VK ŠLJIVA 190g                 ;354201    ;BEBIVITA       ;        0.19;kg ;        1.19;        6.26;'9007253102469';HRANA;        0.00;        0.00
BEBIVITA VK BRESKVA 190g                ;354202    ;BEBIVITA       ;        0.19;kg ;        1.19;        6.26;'9007253102476';HRANA;        0.00;        0.00
BEBIVITA INSTANT ÈAJ KOMORAÈ 200g       ;419321    ;BEBIVITA       ;        0.20;kg ;        3.99;       19.95;'9007253102988';HRANA;        0.00;        0.00
LINO BABY KEKSIÆI 140g                  ;420926    ;LINO           ;        0.14;kg ;        1.89;       13.50;'3850104269219';HRANA;        0.00;        0.00
LINO BABY FLIPS 25g                     ;420927    ;LINO           ;        0.03;kg ;        1.89;       75.60;'3850104268618';HRANA;        0.00;        0.00
LINO KAŠICA JABUKA 130g                 ;448724    ;LINO           ;        0.13;kg ;        1.09;        8.38;'3850104280085';HRANA;        0.00;        0.00
LINO KAŠICA KRUŠKA 130g                 ;448725    ;LINO           ;        0.13;kg ;        1.09;        8.38;'3850104280122';HRANA;        0.00;        0.00
LINO KAŠICA MARELICA 130g               ;448726    ;LINO           ;        0.13;kg ;        1.09;        8.38;'3850104280139';HRANA;        0.00;        0.00
LINO KAŠICA BRESKVA 130g                ;448727    ;LINO           ;        0.13;kg ;        1.09;        8.38;'3850104280061';HRANA;        0.00;        0.00
LINO KAŠICA ŠLJIVA/JABUKA 190g          ;448729    ;LINO           ;        0.19;kg ;        1.59;        8.37;'3850104280023';HRANA;        0.00;        0.00
LINO KAŠICA JABUKA/BANANA 190g          ;448730    ;LINO           ;        0.19;kg ;        1.60;        8.42;'3850104280092';HRANA;        0.00;        0.00
LINO KAŠICA JABUKA/KRUŠKA 190g          ;448731    ;LINO           ;        0.19;kg ;        1.39;        7.32;'3850104280115';HRANA;        0.00;        0.00
LINO KAŠICA JABUKA/KEKS 190g            ;448732    ;LINO           ;        0.19;kg ;        1.59;        8.37;'3850104280108';HRANA;        0.00;        0.00
LINO KAŠICA VOÆE S RIŽOM 190g           ;448733    ;LINO           ;        0.19;kg ;        1.59;        8.37;'3850104280030';HRANA;        0.00;        0.00
HIPP BIO NEKT.ŠLJIVA S KRUŠK.200mL      ;503028    ;HIPP           ;        0.20;L  ;        1.28;        6.40;'9062300129882';HRANA;        0.00;        0.00
HIPP BIO VK JAB/BAN/DJ.KEKS 190g        ;520183    ;HIPP           ;        0.19;kg ;        1.65;        8.68;'9062300132455';HRANA;        0.00;        0.00
HIPP BIO VK INTEG.ŽIT/JAB/BAN.190g      ;520298    ;HIPP           ;        0.19;kg ;        1.65;        8.68;'9062300132363';HRANA;        0.00;        0.00
HIPP BIO ŠPAGETI BOLOGNESE 190g         ;520403    ;HIPP           ;        0.19;kg ;        2.04;       10.74;'4062300266247';HRANA;        0.00;        0.00
HIPP BIO MK DJ.KEKS/JABUKA 190g         ;525725    ;HIPP           ;        0.19;kg ;        1.68;        8.84;'9062300133148';HRANA;        0.00;        0.00
HIPP BIO MK BANANA/GRIZ 190g            ;526112    ;HIPP           ;        0.19;kg ;        1.68;        8.84;'9062300133025';HRANA;        0.00;        0.00
LINO MLIJEÈNI DESERT KEKS 200g          ;553653    ;LINO           ;        0.20;kg ;        2.29;       11.45;'3850104294143';HRANA;        0.00;        0.00
FRUTEK BRESKVA/JOGURT POUCH 100g        ;563544    ;FRUTEK         ;        0.10;kg ;        1.40;       14.00;'3838945035019';HRANA;        0.00;        0.00
FRUTEK MARELICA/ŽITARICE POUCH 100g     ;563545    ;FRUTEK         ;        0.10;kg ;        1.40;       14.00;'3838945035026';HRANA;        0.00;        0.00
FRUTEK ŠPINAT/PURETINA 190g             ;575673    ;FRUTEK         ;        0.12;kg ;        1.99;       16.58;'3838945030687';HRANA;        0.00;        0.00
FRUTEK POVRÆE/GOVEDINA/RIŽA 190g        ;575674    ;FRUTEK         ;        0.19;kg ;        1.99;       10.47;'3838945030663';HRANA;        0.00;        0.00
FRUTEK JABUKA/BANANA/JAGODA POUCH 100g  ;582751    ;FRUTEK         ;        0.10;kg ;        1.40;       14.00;'3838945037105';HRANA;        0.00;        0.00
FRUTEK MLIJEKO/VANILIJA 190g            ;584807    ;FRUTEK         ;        0.19;kg ;        1.75;        9.21;'3838945020541';HRANA;        0.00;        0.00
FRUTEK PIŠKOTI/JABUKA POUCH 100g        ;592305    ;FRUTEK         ;        0.10;kg ;        1.40;       14.00;'3838945038003';HRANA;        0.00;        0.00
FRUTEK KAŠICA MLIJEKO/KAKAO 190g        ;592307    ;FRUTEK         ;        0.19;kg ;        1.75;        9.21;'3838945020565';HRANA;        0.00;        0.00
HIPP BIO NAPITAK VODA/JABUKA 500mL      ;600779    ;HIPP           ;        0.50;L  ;        1.68;        3.36;'4062300395572';HRANA;        0.00;        0.00
FRUTEK KAŠICA JABUKA/BANANA/PIR 190g    ;601248    ;FRUTEK         ;        0.19;kg ;        1.75;        9.21;'3838945034265';HRANA;        0.00;        0.00
FRUTEK JABUKA/ŠLJIVA/JEÈAM 190g         ;601530    ;FRUTEK         ;        0.19;kg ;        1.75;        9.21;'3838945034258';HRANA;        0.00;        0.00
HIPPIS BIO JABUKA/BANANA/JAGODA 100g    ;608252    ;HIPP           ;        0.10;kg ;        1.35;       13.50;'4062300278547';HRANA;        0.00;        0.00
FRUTEK VOÆNA KAŠA POUCH 100g            ;609699    ;FRUTEK         ;        0.10;kg ;        1.40;       14.00;'3838945039260';HRANA;        0.00;        0.00
FRUTEK KAŠICA JABUKA/Š.VOÆE POUCH 100g  ;609701    ;FRUTEK         ;        0.10;kg ;        1.40;       14.00;'3838945439602';HRANA;        0.00;        0.00
FRUTOLINO JABUKA/KRUŠKA/BAN.POUCH 100g  ;612028    ;FRUTOLINO      ;        0.10;kg ;        1.39;       13.90;'3856020248093';HRANA;        0.00;        0.00
FRUTOLINO KRUŠKA/MARELICA POUCH 100g    ;612029    ;FRUTOLINO      ;        0.10;kg ;        1.39;       13.90;'3856020248123';HRANA;        0.00;        0.00
LINO KEKSIÆI KAKAO 140g KEKSOLINO       ;617123    ;LINO           ;        0.14;kg ;        1.89;       13.50;'3856020254827';HRANA;        0.00;        0.00
HIPPIS BIO JABUKA/BRESKVA/Š.VOÆE 100g   ;617338    ;HIPP           ;        0.10;kg ;        1.35;       13.50;'4062300278554';HRANA;        0.00;        0.00
HIPPIS BIO JABUKA/KRUŠKA/BANANA 100g    ;617339    ;HIPP           ;        0.10;kg ;        1.35;       13.50;'4062300278530';HRANA;        0.00;        0.00
FRUTEK JABUKA/ŠLJIVA/KRUŠKA POUCH 100g  ;628043    ;FRUTEK         ;        0.10;kg ;        1.40;       14.00;'3838945439619';HRANA;        0.00;        0.00
HIPP BIO NAPITAK VOÆE/VITAMIN C 500mL   ;633308    ;HIPP           ;        0.50;L  ;        1.68;        3.36;'4062300392915';HRANA;        0.00;        0.00
HIPPIS BIO JAB/BANANA/MALINA/ŽIT.100g   ;633312    ;HIPP           ;        0.10;kg ;        1.35;       13.50;'4062300278608';HRANA;        0.00;        0.00
HIPPIS BIO JABUKA/BANANA/DJ.KEKS 100g   ;633313    ;HIPP           ;        0.10;kg ;        1.35;       13.50;'9062300133728';HRANA;        0.00;        0.00
FRULLA BABY JABUKA/JAGODA 100g BIO      ;642124    ;FRULLA         ;        0.10;kg ;        0.89;        8.90;'8024985011037';HRANA;        0.00;        0.00
FRULLA BABY JABUKA/BAN/MANGO 100g BIO   ;642125    ;FRULLA         ;        0.10;kg ;        0.89;        8.90;'8024985012362';HRANA;        0.00;        0.00
FRULLA BABY JABUKA/BAN/MALINA 100g      ;642126    ;FRULLA         ;        0.10;kg ;        0.89;        8.90;'8024985011051';HRANA;        0.00;        0.00
FRULLA BABY JABUKA/BOROV/ZOB 100g BIO   ;642127    ;FRULLA         ;        0.10;kg ;        0.89;        8.90;'8024985012379';HRANA;        0.00;        0.00
HIPP MLIJEÈNI DESERT BANANA/KAKAO 4X100G;654855    ;HIPP           ;        0.40;kg ;        3.29;        8.23;'4062300467545';HRANA;        0.00;        0.00
HIPP BIO VK ŠLJIVE 125g                 ;83497     ;HIPP           ;        0.13;kg ;        1.26;       10.08;'9062300106739';HRANA;        0.00;        0.00
OCAT JABUÈNI 1/1 KISKO                  ;01303     ;KISKO          ;        1.00;L  ;        1.99;        1.99;'3850164340118';HRANA;        0.00;        0.00
OCAT JABUÈNI 1/2 KISKO                  ;01304     ;KISKO          ;        0.50;L  ;        1.42;        2.84;'3850164340149';HRANA;        0.00;        0.00
OCAT VINSKI 1/1 KISKO                   ;01306     ;KISKO          ;        1.00;L  ;        1.99;        1.99;'3850164321117';HRANA;        0.00;        0.00
OCAT VINSKI 1/2 KISKO                   ;01309     ;KISKO          ;        0.50;L  ;        1.42;        2.84;'3850164321148';HRANA;        0.00;        0.00
OCAT ALKOHOLNI 5/1 KISKO                ;01311     ;KISKO          ;        5.00;L  ;        5.57;        1.11;'3850164310197';HRANA;        0.00;        0.00
OCAT ALKOHOLNI 3/1 KISKO                ;01314     ;KISKO          ;        3.00;L  ;        3.56;        1.19;'3850164310180';HRANA;        0.00;        0.00
OCAT ALKOHOLNI 1/1 KISKO                ;01315     ;KISKO          ;        1.00;L  ;        1.26;        1.26;'3850164310111';HRANA;        0.00;        0.00
OCAT ALKOHOLNI 0.5L KISKO               ;08949     ;KISKO          ;        0.50;L  ;        1.03;        2.06;'3850164310142';HRANA;        0.00;        0.00
OCAT ALKOHOLNI 1L PREHRANA              ;08970     ;EKOS GREEN D.O.O.;        1.00;L  ;        0.69;        0.69;'3859891093007';HRANA;        0.00;        0.00
OCAT ALKOHOLNI 3L PREHRANA              ;08971     ;EKOS GREEN D.O.O.;        3.00;L  ;        2.05;        0.68;'3859891093014';HRANA;        0.00;        0.00
OCAT ALKOHOLNI 5L PREHRANA              ;08972     ;EKOS GREEN D.O.O.;        5.00;L  ;        3.45;        0.69;'3859891093038';HRANA;        0.00;        0.00
OCAT JABUÈNI 1/1 PREHRANA               ;14422     ;EKOS GREEN D.O.O.;        1.00;L  ;        1.05;        1.05;'3859891093106';HRANA;        0.00;        0.00
OCAT ALKOHOLNI 1/1 ZVIJEZDA             ;223235    ;ZVIJEZDA PLUS D.O.O.;        1.00;L  ;        1.15;        1.15;'3858882210928';HRANA;        0.00;        0.00
ACETO BALSAMICO 500mL MONARI            ;244055    ;MONARI         ;        0.50;L  ;        2.99;        5.98;'8003185000010';HRANA;        0.00;        0.00
ACETO BAL. DI MODENA 500mL ZVIJEZDA     ;250381    ;ZVIJEZDA PLUS D.O.O.;        0.50;L  ;        3.69;        7.38;'3858882214063';HRANA;        0.00;        0.00
OCTENA KISELINA 80 % 250mL ALKALOID     ;28031     ;ALKALOID       ;        0.25;L  ;        2.65;       10.60;'3830045725005';HRANA;        0.00;        0.00
OCAT VINSKI 1/1 PREHRANA                ;33158     ;EKOS GREEN D.O.O.;        1.00;L  ;        1.13;        1.13;'3859891093205';HRANA;        0.00;        0.00
PUDING JAGODA 40g PODRAVKA              ;02048     ;DOLCELA        ;        0.04;kg ;        0.75;       18.75;'3850104216725';HRANA;        0.00;        0.00
KREMA ZA KREMŠNITE DR.OETKER 230g       ;151051    ;DR.OETKER      ;        0.23;kg ;        3.16;       13.74;'5997381329415';HRANA;        0.00;        0.00
PUDING ÈOKOLADA 49g DR.OETKER           ;17501     ;DR.OETKER      ;        0.05;kg ;        0.75;       15.31;'5997381312356';HRANA;        0.00;        0.00
ŠLAG FIX 8g PODRAVKA                    ;17586     ;DOLCELA        ;        0.01;kg ;        0.39;       48.75;'3850104219481';HRANA;        0.00;        0.00
PRELJEV ZA TORTE SVIJETLI 13g PODRAVKA  ;17706     ;DOLCELA        ;        0.01;kg ;        0.90;       69.23;'3850104219474';HRANA;        0.00;        0.00
KREMA ZA TORTE ÈOKOLADA 65g DR.OETKER   ;18265     ;DR.OETKER      ;        0.07;kg ;        1.69;       26.00;'5997381312264';HRANA;        0.00;        0.00
PUDING ÈOKOLADA 3+1 DR.OETKER           ;240675    ;DR.OETKER      ;        0.20;kg ;        2.25;       11.48;'5997381341943';HRANA;        0.00;        0.00
TIRAMISU LAGANA KREMA 100g DOLCELA      ;27578     ;DOLCELA        ;        0.10;kg ;        2.29;       22.90;'3850104066405';HRANA;        0.00;        0.00
RUM ŠEÆER 10g PODRAVKA                  ;305693    ;DOLCELA        ;        0.01;kg ;        0.33;       33.00;'3850104249495';HRANA;        0.00;        0.00
PUDING VANILIJA 37g PODRAVKA            ;435487    ;DOLCELA        ;        0.04;kg ;        0.70;       18.92;'3850104274800';HRANA;        0.00;        0.00
PUDING ÈOKOLADA 45g PODRAVKA            ;435489    ;DOLCELA        ;        0.05;kg ;        0.70;       15.56;'3850104274817';HRANA;        0.00;        0.00
PUDING VANILIJA 37g 3+1 PODRAVKA        ;507658    ;DOLCELA        ;        0.15;kg ;        2.09;       14.12;'3850104276514';HRANA;        0.00;        0.00
PUDING ÈOKOLADA 45g 3+1 PODRAVKA        ;507659    ;DOLCELA        ;        0.18;kg ;        2.09;       11.61;'3850104276507';HRANA;        0.00;        0.00
SPECIAL PUDING ZA KREMŠNITE-VANILIJA 80G;519971    ;DR.OETKER      ;        0.08;kg ;        1.20;       15.00;'5997381360616';HRANA;        0.00;        0.00
SPECIAL PUDING ZA MAÐARICU-ÈOKOLADA 100G;519972    ;DR.OETKER      ;        0.10;kg ;        1.20;       12.00;'5997381360647';HRANA;        0.00;        0.00
SPECIAL PUDING ZA CHEESECAKE 75g        ;554987    ;DR.OETKER      ;        0.08;kg ;        1.20;       16.00;'5997381363037';HRANA;        0.00;        0.00
PARFE KREMA 180g PODRAVKA               ;62386     ;DOLCELA        ;        0.18;kg ;        3.39;       18.83;'3850104075803';HRANA;        0.00;        0.00
PARFE KREMA ÈOKOLADA 200g DOLCELA       ;641954    ;DOLCELA        ;        0.20;kg ;        3.39;       16.95;'3856020271329';HRANA;        0.00;        0.00
PUDING VANILIJA 3+1 DR.OETKER           ;652578    ;DR.OETKER      ;        0.15;kg ;        2.25;       14.80;'5997381375627';HRANA;        0.00;        0.00
PUDING ÈOKOLADA 3+1 DR.OETKER           ;653680    ;DR.OETKER      ;        0.20;kg ;        2.25;       11.48;'5997381375658';HRANA;        0.00;        0.00
PUDING PERFETTA VANILIJA 80g DOLCELA    ;654527    ;DOLCELA        ;        0.08;kg ;        1.09;       13.63;'3856020277031';HRANA;        0.00;        0.00
PUDING PERFETTA ÈOKOLADA 80g DOLCELA    ;654628    ;DOLCELA        ;        0.08;kg ;        1.09;       13.63;'3856020277062';HRANA;        0.00;        0.00
PUDING VANILIJA 38g DR.OETKER           ;654695    ;DR.OETKER      ;        0.04;kg ;        0.75;       19.74;'5997381375610';HRANA;        0.00;        0.00
ŠLAG KREMA ÈOKOLADA 60g DR.OETKER       ;656653    ;DR.OETKER      ;        0.06;kg ;        1.28;       21.33;'5997381375719';HRANA;        0.00;        0.00
KREMA ZA TORTE VANILIJA 45g DR.OETKER   ;657346    ;DR. OETKER     ;        0.05;   ;        1.43;       31.78;'5997381375702';HRANA;        0.00;        0.00
ŠLAG KREMA VANILIJA 45g DR. OETKER      ;657347    ;DR.OETKER      ;        0.05;kg ;        1.15;       25.56;'5997381375733';HRANA;        0.00;        0.00
KREMA ZA KREMŠNITE 230g PODRAVKA        ;66159     ;DOLCELA        ;        0.23;kg ;        2.92;       12.70;'3850104075810';HRANA;        0.00;        0.00
KOKOŠJA JUHA S TJEST.I MESOM 60g        ;01980     ;PODRAVKA       ;        0.06;kg ;        1.39;       23.17;'3850104002038';HRANA;        0.00;        0.00
KOKOŠJA JUHA S TJESTEN. 62g PODRAVKA    ;01983     ;PODRAVKA       ;        0.06;kg ;        1.05;       16.94;'3850104003189';HRANA;        0.00;        0.00
GOVEÐA JUHA S TJEST.I MESOM 60g         ;01986     ;PODRAVKA       ;        0.06;kg ;        1.39;       23.17;'3850104002410';HRANA;        0.00;        0.00
GOVEÐA JUHA S TJESTENINOM 65g           ;01987     ;PODRAVKA       ;        0.07;kg ;        1.05;       16.15;'3850104003134';HRANA;        0.00;        0.00
DALMATINSKA JUHA 60g                    ;01993     ;PODRAVKA       ;        0.06;kg ;        0.99;       16.50;'3850104003837';HRANA;        0.00;        0.00
FRANCUSKA JUHA 64g PODRAVKA             ;03048     ;PODRAVKA       ;        0.06;kg ;        1.37;       21.41;'3850104003219';HRANA;        0.00;        0.00
LOVAÈKA JUHA 68g PODRAVKA               ;16467     ;PODRAVKA       ;        0.07;kg ;        1.39;       20.44;'3850104002700';HRANA;        0.00;        0.00
MAGGI GOVEÐA KOCKA 120g                 ;166008    ;MAGGI          ;        0.12;kg ;        2.22;       18.50;'8585002419538';HRANA;        0.00;        0.00
MAGGI PILEÆA KOCKA 80g                  ;166010    ;MAGGI          ;        0.08;kg ;        1.71;       21.38;'8585002419477';HRANA;        0.00;        0.00
KREM JUHA OD GLJIVA 65g MINESTRA        ;169370    ;MINESTRA       ;        0.07;kg ;        0.75;       11.54;'3858881331235';HRANA;        0.00;        0.00
KOKOŠJA JUHA S TJEST.60g MINESTRA       ;169375    ;MINESTRA       ;        0.06;kg ;        0.73;       12.17;'3858881332140';HRANA;        0.00;        0.00
GOVEÐA JUHA S TJEST.60g MINESTRA        ;169376    ;MINESTRA       ;        0.06;kg ;        0.73;       12.17;'3858881332133';HRANA;        0.00;        0.00
MESNA JUHA S TJEST.60g MINESTRA         ;169377    ;MINESTRA       ;        0.06;kg ;        0.73;       12.17;'3858881332171';HRANA;        0.00;        0.00
KOKOŠJA JUHA DOZA 1kg                   ;171291    ;PODRAVKA       ;        1.00;kg ;        9.69;        9.69;'3850104217241';HRANA;        0.00;        0.00
KREM JUHA GLJIVA DOZA 1kg               ;171436    ;PODRAVKA       ;        1.00;kg ;       13.74;       13.74;'3850104217371';HRANA;        0.00;        0.00
GOVEÐA JUHA DOZA 1kg                    ;183044    ;PODRAVKA       ;        1.00;kg ;        9.90;        9.90;'3850104217227';HRANA;        0.00;        0.00
TIROLSKA JUHA 67g                       ;19342     ;PODRAVKA       ;        0.07;kg ;        1.39;       20.75;'3850104006777';HRANA;        0.00;        0.00
KREM JUHA OD VRGANJA 60g PODRAVKA       ;239928    ;PODRAVKA       ;        0.06;kg ;        1.39;       23.17;'3850104214653';HRANA;        0.00;        0.00
KOKOŠJA BISTRA JUHA S REZANCIMA 52g PODR;315658    ;PODRAVKA       ;        0.05;kg ;        0.89;       17.12;'3850104252518';HRANA;        0.00;        0.00
KOKOŠJA JUHA 18g FINI MINI PODRAVKA     ;35849     ;PODRAVKA       ;        0.02;kg ;        0.79;       43.89;'3850104048296';HRANA;        0.00;        0.00
FINI MINI JUHA OD RAJÈ/MOZZARELLA 23g   ;371871    ;PODRAVKA       ;        0.02;kg ;        0.79;       34.35;'3850104260940';HRANA;        0.00;        0.00
GOVEÐA JUHA SA ZVJEZDICAMA 52g          ;376175    ;PODRAVKA       ;        0.05;kg ;        0.89;       17.12;'3850104251924';HRANA;        0.00;        0.00
GOVEÐI TEMELJAC ZA JELA 112g PODRAVKA   ;418776    ;PODRAVKA       ;        0.11;kg ;        2.59;       23.13;'3850104266676';HRANA;        0.00;        0.00
KOKOŠJI TEMELJAC ZA JELA 112g PODRAVKA  ;418777    ;PODRAVKA       ;        0.11;kg ;        2.59;       23.13;'3850104266669';HRANA;        0.00;        0.00
POVRTNI TEMELJAC ZA JELA 112g PODRAVKA  ;418778    ;PODRAVKA       ;        0.11;kg ;        2.59;       23.13;'3850104266652';HRANA;        0.00;        0.00
KREM JUHA BROKULA I CVJETAÈA 66g        ;420391    ;PODRAVKA       ;        0.07;kg ;        1.49;       22.58;'3850104271564';HRANA;        0.00;        0.00
DOMAÆA JUHA 46g PODRAVKA                ;428305    ;PODRAVKA       ;        0.05;kg ;        0.79;       17.17;'3850104266737';HRANA;        0.00;        0.00
BAKINA JUHA 46g PODRAVKA                ;428306    ;PODRAVKA       ;        0.05;kg ;        0.79;       17.17;'3850104266720';HRANA;        0.00;        0.00
BISTRA JUHA S TJESTENINOM 45g PODRAVKA  ;428307    ;PODRAVKA       ;        0.05;kg ;        0.79;       17.56;'3850104270185';HRANA;        0.00;        0.00
KOCKA POVRTNA 120g PODRAVKA             ;429425    ;PODRAVKA       ;        0.12;kg ;        0.00;       12.42;'3850104274015';HRANA;        2.19;        1.49
GOVEÐA KOCKA 120g PODRAVKA              ;434459    ;PODRAVKA       ;        0.12;kg ;        0.00;       12.42;'3850104274862';HRANA;        2.19;        1.49
KOKOŠJA KOCKA 120g PODRAVKA             ;434460    ;PODRAVKA       ;        0.12;kg ;        0.00;       12.42;'3850104274855';HRANA;        2.19;        1.49
GOVEÐA KOCKA 80g PODRAVKA               ;434461    ;PODRAVKA       ;        0.08;kg ;        1.79;       22.38;'3850104274886';HRANA;        0.00;        0.00
GOVEÐA KOCKA 40g PODRAVKA               ;435665    ;PODRAVKA       ;        0.04;kg ;        1.15;       28.75;'3850104274831';HRANA;        0.00;        0.00
KOKOŠJA KOCKA 80g PODRAVKA              ;435772    ;PODRAVKA       ;        0.08;kg ;        1.79;       22.38;'3850104274879';HRANA;        0.00;        0.00
KOKOŠJA KOCKA 40g PODRAVKA              ;435773    ;PODRAVKA       ;        0.04;kg ;        1.15;       28.75;'3850104267208';HRANA;        0.00;        0.00
KREM JUHA OD GLJIVA 54g PODRAVKA        ;436986    ;PODRAVKA       ;        0.05;kg ;        1.39;       25.74;'3850104274596';HRANA;        0.00;        0.00
KREM JUHA OD BROKULE 57g PODRAVKA       ;436987    ;PODRAVKA       ;        0.06;kg ;        1.39;       24.39;'3850104274589';HRANA;        0.00;        0.00
KREM JUHA OD RAJÈICE 60g PODRAVKA       ;436988    ;PODRAVKA       ;        0.06;kg ;        1.39;       23.17;'3850104274619';HRANA;        0.00;        0.00
KREM JUHA OD ŠAMPINJONA 63g PODRAVKA    ;436989    ;PODRAVKA       ;        0.06;kg ;        1.39;       22.06;'3850104274626';HRANA;        0.00;        0.00
KREM JUHA ŠPINAT I SIR 23g FINI MINI    ;505586    ;PODRAVKA       ;        0.02;kg ;        0.79;       34.35;'3850104282010';HRANA;        0.00;        0.00
ALPSKA JUHA 64g PODRAVKA                ;528862    ;PODRAVKA       ;        0.06;kg ;        1.39;       21.72;'3850104295218';HRANA;        0.00;        0.00
PROLJETNA JUHA 50g PODRAVKA             ;528949    ;PODRAVKA       ;        0.05;kg ;        0.99;       19.80;'3850104295201';HRANA;        0.00;        0.00
JUHA BOGATA S VRGANJIMA I HELJDOM 70g   ;563672    ;PODRAVKA       ;        0.07;kg ;        1.49;       21.29;'3856020218850';HRANA;        0.00;        0.00
JUHA BOGATA S JEÈMOM I POVRÆEM 70g      ;563673    ;PODRAVKA       ;        0.07;kg ;        1.49;       21.29;'3856020218881';HRANA;        0.00;        0.00
JUHA BOGATA S 5 ŽITARICA 80g            ;563674    ;PODRAVKA       ;        0.08;kg ;        1.49;       18.63;'3856020218676';HRANA;        0.00;        0.00
KREM JUHA OD GLJIVA FINI MINI 20g       ;574841    ;PODRAVKA       ;        0.02;kg ;        0.79;       39.50;'3856020230982';HRANA;        0.00;        0.00
MAGGI PILEÆA JUHA 37g                   ;600514    ;MAGGI          ;        0.04;kg ;        0.75;       20.27;'7613287319746';HRANA;        0.00;        0.00
MAGGI KREM JUHA GLJIVE 52g              ;600660    ;MAGGI          ;        0.05;kg ;        1.40;       26.92;'7613287204745';HRANA;        0.00;        0.00
MAGGI GOVEÐA JUHA 37g                   ;600783    ;MAGGI          ;        0.04;kg ;        0.75;       20.27;'7613287314949';HRANA;        0.00;        0.00
MAGGI DALMATINSKA JUHA 40g              ;601793    ;MAGGI          ;        0.04;kg ;        0.75;       18.75;'7613287413727';HRANA;        0.00;        0.00
MAGGI JUHA OD RAJÈ.S TJESTENINOM 62g    ;607516    ;MAGGI          ;        0.06;kg ;        1.05;       16.94;'7613287259608';HRANA;        0.00;        0.00
MAGGI PILEÆA KREM JUHA 54g              ;607519    ;MAGGI          ;        0.05;kg ;        1.05;       19.44;'7613287259622';HRANA;        0.00;        0.00
MAGGI KOKOŠJA BISTRA JUHA 58g           ;607520    ;MAGGI          ;        0.06;kg ;        1.05;       18.10;'7613287259677';HRANA;        0.00;        0.00
MAGGI JUHA ABECEDA 44g                  ;607661    ;MAGGI          ;        0.04;kg ;        1.05;       23.86;'7613287204929';HRANA;        0.00;        0.00
KREM PILEÆA JUHA 64g PODRAVKA           ;616176    ;PODRAVKA       ;        0.06;kg ;        1.39;       21.72;'3856020255831';HRANA;        0.00;        0.00
MAMINA JUHA 60g PODRAVKA                ;616177    ;PODRAVKA       ;        0.06;kg ;        1.39;       23.17;'3856020255800';HRANA;        0.00;        0.00
KREM JUHA OD GLJIVA 500mL PODRAVKA**    ;632654    ;PODRAVKA       ;        0.50;L  ;        2.19;        4.38;'3856020264697';HRANA;        0.00;        0.00
JUHA PILEÆA ABECEDA 60g                 ;633499    ;PODRAVKA       ;        0.06;kg ;        0.89;       14.83;'3856020261634';HRANA;        0.00;        0.00
PILEÆA JUHA S RIBANOM KAŠOM 65g         ;654396    ;PODRAVKA       ;        0.07;kg ;        1.39;       21.38;'3856020276829';HRANA;        0.00;        0.00
ALPSKA JUHA 46g MAGGI                   ;662345    ;MAGGI          ;        0.05;kg ;        1.19;       25.87;'8585002445698';HRANA;        0.00;        0.00
ŠVICARSKA JUHA 49g MAGGI                ;662427    ;MAGGI          ;        0.05;kg ;        1.40;       28.57;'8585002445711';HRANA;        0.00;        0.00
BEÈKA JUHA 62g PODRAVKA                 ;94387     ;PODRAVKA       ;        0.06;kg ;        1.45;       23.39;'3850104088162';HRANA;        0.00;        0.00
SVATOVSKA JUHA 58g                      ;95410     ;PODRAVKA       ;        0.06;kg ;        1.39;       23.97;'3850104004964';HRANA;        0.00;        0.00
ÈIPS CLASSIC SLANI 130g KANAAN          ;224542    ;KANAAN d.o.o. M.POREÈ;        0.13;kg ;        0.99;        7.62;'3859888532397';HRANA;        0.00;        0.00
ÈIPS CLASSIC PAPR.130g KANAAN           ;224543    ;KANAAN d.o.o. M.POREÈ;        0.15;kg ;        0.99;        6.60;'3859888532366';HRANA;        0.00;        0.00
ÈIPS PAPRIKA 35g KANAAN                 ;268290    ;KANAAN d.o.o. M.POREÈ;        0.35;kg ;        0.37;        1.06;'3859888532458';HRANA;        0.00;        0.00
ÈIPS SLANI 35g KANAAN                   ;288438    ;KANAAN d.o.o. M.POREÈ;        0.04;kg ;        0.37;        9.25;'3859888532441';HRANA;        0.00;        0.00
PRINGLES ORIGINAL 165g                  ;428706    ;PRINGLES       ;        0.17;kg ;        2.99;       18.12;'5053990101573';HRANA;        0.00;        0.00
PRINGELS SOUR CREAM & ONION 165g        ;429479    ;ORBICO d.o.o.;        0.17;kg ;        2.99;       18.12;'5053990101597';HRANA;        0.00;        0.00
PRINGLES HOT&SPICY 165g                 ;429694    ;PRINGLES       ;        0.17;kg ;        2.99;       18.12;'5053990101542';HRANA;        0.00;        0.00
PRINGLES ORIGINAL 40g                   ;430174    ;PRINGLES       ;        0.04;kg ;        1.39;       34.75;'5053990107339';HRANA;        0.00;        0.00
PRINGLES SOUR CREAM ONION 40g           ;430639    ;PRINGLES       ;        0.04;kg ;        1.39;       34.75;'5053990107384';HRANA;        0.00;        0.00
PRINGLES CHEESE & ONION 165g            ;431287    ;PRINGLES       ;        0.17;kg ;        2.99;       18.12;'5053990101535';HRANA;        0.00;        0.00
ÈIPS SLANI 220g KANAAN                  ;444227    ;KANAAN d.o.o. M.POREÈ;        0.25;kg ;        1.52;        6.08;'3859888532076';HRANA;        0.00;        0.00
ÈIPS PAPRIKA 220g KANAAN                ;444228    ;KANAAN d.o.o. M.POREÈ;        0.25;kg ;        1.52;        6.08;'3859888532069';HRANA;        0.00;        0.00
CRUNCHIPS PAPRIKA 75g                   ;511128    ;ALCA ZAGREB D.O.O.;        0.08;kg ;        1.49;       19.87;'4018077668159';HRANA;        0.00;        0.00
CRUNCHIPS SLANI 75g                     ;511129    ;ALCA ZAGREB D.O.O.;        0.08;kg ;        1.49;       19.87;'4018077668173';HRANA;        0.00;        0.00
ÈIPI ÈIPS PAPRIKA 190g                  ;514703    ;FIBIS D.O.O.;        0.19;kg ;        2.99;       15.74;'3856021300646';HRANA;        0.00;        0.00
ÈIPI ÈIPS SLANI 200g                    ;515451    ;FIBIS D.O.O.;        0.20;kg ;        2.99;       14.95;'3856021300547';HRANA;        0.00;        0.00
CHIO TACCOS 65g                         ;58413     ;CHIO           ;        0.07;kg ;        1.49;       22.92;'5997312702058';HRANA;        0.00;        0.00
POMSTICK PAPRIKA 85g                    ;586333    ;LORENZ         ;        0.09;kg ;        2.19;       25.76;'4018077821790';HRANA;        0.00;        0.00
POMSTICK SLANI 85g                      ;593401    ;LORENZ         ;        0.09;kg ;        2.06;       24.24;'4018077821424';HRANA;        0.00;        0.00
PRINGLES PAPRIKA 165g                   ;613645    ;PRINGLES       ;        0.17;kg ;        2.99;       18.12;'5053990161669';HRANA;        0.00;        0.00
LAYS ÈIPS SLANI 200g                    ;613827    ;LAYS           ;        0.20;L  ;        3.19;       15.95;'8606017377511';HRANA;        0.00;        0.00
LAYS ÈIPS PAPRIKA 200g                  ;613828    ;LAYS           ;        0.20;kg ;        3.19;       15.95;'8606017377535';HRANA;        0.00;        0.00
PRINGLES CLASSIC PAPRIKA 165g           ;614866    ;PRINGLES       ;        0.17;kg ;        2.99;       18.12;'5053990162413';HRANA;        0.00;        0.00
PRINGLES PAPRIKA 40g                    ;616280    ;PRINGLES       ;        0.04;kg ;        1.39;       34.75;'5053990161607';HRANA;        0.00;        0.00
CHIO LENTIL CHIPS SOUR CREAM&ONION 65g  ;617041    ;CHIO           ;        0.07;kg ;        1.79;       27.54;'3856021305290';HRANA;        0.00;        0.00
LAYS REBRASTI PAPRIKA 130g              ;628775    ;LAYS           ;        0.13;kg ;        2.29;       17.62;'8606017378617';HRANA;        0.00;        0.00
LAYS SLANI 130g                         ;632283    ;LAYS           ;        0.13;kg ;        2.29;       17.62;'5900259127600';HRANA;        0.00;        0.00
LAYS MAXX PAPRIKA 120g                  ;632285    ;LAYS           ;        0.12;kg ;        2.29;       19.08;'5900259128966';HRANA;        0.00;        0.00
CRUNCHIPS PAPRIKA 130g                  ;633360    ;ALCA ZAGREB D.O.O.;        0.13;kg ;        2.12;       16.31;'4018077005589';HRANA;        0.00;        0.00
CRUNCHIPS SLANI 130g                    ;633361    ;ALCA ZAGREB D.O.O.;        0.13;kg ;        2.12;       16.31;'4018077005565';HRANA;        0.00;        0.00
LAYS MAXX SIR I LUK 120g                ;633861    ;LAYS           ;        0.12;kg ;        2.29;       19.08;'5900259127754';HRANA;        0.00;        0.00
LAYS GREEN ONION 130g                   ;634088    ;LAYS           ;        0.13;kg ;        2.29;       17.62;'5900259128898';HRANA;        0.00;        0.00
LAYS VRHNJE I LUK 130g                  ;634089    ;LAYS           ;        0.13;kg ;        2.29;       17.62;'5900259128409';HRANA;        0.00;        0.00
ÈIPI ÈIPS 60g                           ;634106    ;FIBIS D.O.O.;        0.06;kg ;        1.19;       19.83;'3856021305689';HRANA;        0.00;        0.00
ÈIPI ÈIPS PAPRIKA 55g                   ;634311    ;FIBIS D.O.O.;        0.06;kg ;        1.19;       21.64;'3856021305702';HRANA;        0.00;        0.00
LAYS OVEN BAKED JOGURT I BILJE 110g     ;634431    ;LAYS           ;        0.11;kg ;        2.39;       21.73;'5900259128843';HRANA;        0.00;        0.00
PRINGLES ORIGINAL 165g                  ;637588    ;BIALU D.O.O.;        0.00;   ;        2.99;        0.00;'5053990127726';HRANA;        0.00;        0.00
PRINGLES SOUR CREAM I ONION 165g        ;637589    ;BIALU D.O.O.;        0.00;   ;        2.99;        0.00;'5053990127740';HRANA;        0.00;        0.00
CHIO ÈIPS RED PAPRIKA 200g              ;638987    ;CHIO           ;        0.20;kg ;        2.99;       14.95;'3856021305726';HRANA;        0.00;        0.00
ÈIPI ÈIPS 130g                          ;641567    ;FIBIS D.O.O.;        0.13;kg ;        2.19;       16.85;'3856021306501';HRANA;        0.00;        0.00
ÈIPI ÈIPS PAPRIKA 120g                  ;641568    ;FIBIS D.O.O.;        0.12;kg ;        1.89;       15.75;'3856021306549';HRANA;        0.00;        0.00
ÈIPI ÈIPS PRŠUT 130g                    ;641569    ;FIBIS D.O.O.;        0.13;kg ;        2.19;       16.85;'3856021306525';HRANA;        0.00;        0.00
ÈIPI ÈIPS POBJEDNIÈKI 120g**            ;641574    ;FIBIS D.O.O.;        0.12;kg ;        1.89;       15.75;'3856021306624';HRANA;        0.00;        0.00
LAYS PIKANTNA PAPRIKA 130g              ;645004    ;LAYS           ;        0.13;kg ;        2.29;       17.62;'5900259130709';HRANA;        0.00;        0.00
ÈIPI ÈIPS 250g(SL.130+PAP.120g)         ;645205    ;FIBIS D.O.O.;        0.25;kg ;        2.79;       11.16;'3856021306976';HRANA;        0.00;        0.00
LAYS SLANI 250g                         ;647304    ;LAYS           ;        0.25;kg ;        3.15;       12.60;'5900259130754';HRANA;        0.00;        0.00
LAYS SLANI 60g                          ;647305    ;LAYS           ;        0.06;kg ;        1.29;       21.50;'5900259109071';HRANA;        0.00;        0.00
LAYS PIKANTNA PAPRIKA 60g               ;647306    ;LAYS           ;        0.06;kg ;        1.29;       21.50;'5900259113870';HRANA;        0.00;        0.00
LAY S OVEN BAKED SLANI 110g             ;649909    ;AWTINTERNATIONAL D.O.O. ZAGREB;        0.11;kg ;        2.35;       21.36;'5900259128652';HRANA;        0.00;        0.00
CHIO CHIPS RED PAPRIKA 130g             ;650204    ;CHIO           ;        0.13;kg ;        2.19;       16.85;'3856021306709';HRANA;        0.00;        0.00
CHIO CHIPS HOT PEPPERONI 130g           ;650205    ;CHIO           ;        0.13;kg ;        2.19;       16.85;'3856021306723';HRANA;        0.00;        0.00
CHIO CHIPS SOUR CREAM&ONION 130g        ;650206    ;CHIO           ;        0.13;kg ;        2.19;       16.85;'3856021306747';HRANA;        0.00;        0.00
PRINGLES CHEESY CHES 165g               ;650315    ;PRINGLES       ;        0.17;kg ;        2.99;       18.12;'5053990106981';HRANA;        0.00;        0.00
LAYS MAX SALSA 120g                     ;650319    ;LAYS           ;        0.12;kg ;        2.29;       19.08;'5900259135834';HRANA;        0.00;        0.00
CHIO LENTIL CHIPS SEA SALT 65g          ;650337    ;CHIO           ;        0.07;kg ;        1.79;       27.54;'5996253002210';HRANA;        0.00;        0.00
PRINGLES HOT CHEESE 160g                ;650347    ;PRINGLES       ;        0.16;kg ;        2.99;       18.69;'5053990175888';HRANA;        0.00;        0.00
PRINGLES HOT CHILLI&LIME 160g           ;650348    ;PRINGLES       ;        0.16;kg ;        2.99;       18.69;'5053990176168';HRANA;        0.00;        0.00
ÈIPI ÈIPS SLANI 250g                    ;650625    ;FIBIS D.O.O.;        0.25;kg ;        2.79;       11.16;'3856021307461';HRANA;        0.00;        0.00
ÈIPI ÈIPS PAPRIKA 250g                  ;650626    ;FIBIS D.O.O.;        0.25;kg ;        2.79;       11.16;'3856021307485';HRANA;        0.00;        0.00
CLIPSY MAX PILETINA 70g                 ;652177    ;CLIPSY         ;        0.07;kg ;        1.69;       24.14;'8606033741594';HRANA;        0.00;        0.00
CHIO OVEN CHIPS SALTED 100g             ;653442    ;CHIO           ;        0.10;kg ;        2.19;       21.90;'5996253002401';HRANA;        0.00;        0.00
CHIO OVEN CHIPS PAPRIKA 100g            ;653443    ;CHIO           ;        0.10;kg ;        2.19;       21.90;'5996253002326';HRANA;        0.00;        0.00
CHIO OVEN CHIPS SC& ONION 100g          ;653444    ;CHIO           ;        0.10;kg ;        2.19;       21.90;'5996253002340';HRANA;        0.00;        0.00
PRINGLES CHEESE ONION 165g              ;655776    ;BIALU D.O.O.;        0.17;kg ;        2.99;       17.59;'5053990127641';HRANA;        0.00;        0.00
CLIPSY MAX KISELO VRHNJE 70g            ;656129    ;CLIPSY         ;        0.07;kg ;        1.69;       24.14;'8606033741617';HRANA;        0.00;        0.00
CHIO ÈIPS PAPRIKA 130g+KOKICE 75g       ;657651    ;CHIO           ;      205.00;kg ;        2.89;        0.01;'3856021307997';HRANA;        0.00;        0.00
LAYS SLANI 60g+2X PAPRIKA 60g           ;658887    ;LAYS           ;        0.06;kg ;        2.58;       43.00;'3858889367441';HRANA;        0.00;        0.00
CHIO ÈIPS SOUR CREAM & ONION 200g       ;661205    ;CHIO           ;        0.00;   ;        2.99;        0.00;'3856021307607';HRANA;        0.00;        0.00
CHIO CHIPS KETCHUP 130g                 ;662586    ;CHIO           ;        0.13;kg ;        2.19;       16.85;'3856021306761';HRANA;        0.00;        0.00
FUNKY KETCHUP MEGA STICKS 95g           ;662587    ;HURIKAN D.O.O.;        0.10;kg ;        0.79;        8.32;'5310264000599';HRANA;        0.00;        0.00
FUNKY CHIPS SNACK KETCHUP 35g           ;662588    ;HURIKAN D.O.O.;        0.04;kg ;        0.39;       11.14;'5319990220776';HRANA;        0.00;        0.00
FRIPSY BUGLES HOT CHILLI 50g            ;662589    ;HURIKAN D.O.O.;        0.05;kg ;        0.39;        7.80;'5319990220868';HRANA;        0.00;        0.00
FRISPY CHICKEN MEGA 120g                ;662591    ;HURIKAN D.O.O.;        0.12;kg ;        0.79;        6.58;'5310264000582';HRANA;        0.00;        0.00
PRINGLES JAPANESE STYLE 165g            ;662669    ;ORBICO d.o.o.;        0.17;kg ;        2.99;       18.12;'5053990185764';HRANA;        0.00;        0.00
PRINGLES TURKISH STYLE KEBAB 165g       ;662670    ;ORBICO d.o.o.;        0.17;L  ;        2.99;       18.12;'5053990185825';HRANA;        0.00;        0.00
ÈIPI ÈIPS REBRASTI SLANI 120g           ;662857    ;CHIO           ;        0.12;kg ;        1.89;       15.75;'3856021307737';HRANA;        0.00;        0.00
ÈIPI ÈIPS REBRASTO VATRENO LJUT 120g    ;662858    ;CHIO           ;        0.12;kg ;        1.89;       15.75;'3856021307751';HRANA;        0.00;        0.00
ÈIPI ÈIPS ULTRA REBR.KREM.PAPRIKA 120g  ;662859    ;CHIO           ;        0.12;kg ;        1.89;       15.75;'3856021307775';HRANA;        0.00;        0.00
ÈIPI ÈIPS ULTRA REBR.VRHNJE I ZAÈ.120g  ;662860    ;FIBIS D.O.O.;        0.12;kg ;        1.89;       15.75;'3856021307799';HRANA;        0.00;        0.00
ÈIPI ÈIPS ULTRA REBR.SOL I PAPAR 120g   ;662861    ;FIBIS D.O.O.;        0.12;kg ;        1.89;       15.75;'3856021307812';HRANA;        0.00;        0.00
POMSTICKS KISELO VRHNJE 85g             ;662926    ;LORENZ         ;        0.09;kg ;        2.19;       25.76;'4018077821691';HRANA;        0.00;        0.00
PRINGLES ADVENTSKI KALENDAR             ;663888    ;ORBICO d.o.o.;        1.01;kg ;       31.99;       31.83;'5053990186884';HRANA;        0.00;        0.00
LAYS SIR I BRUSNICA 130g                ;664396    ;AWTINTERNATIONAL D.O.O. ZAGREB;        0.13;kg ;        2.29;       17.62;'5900259140227';HRANA;        0.00;        0.00
SODA BIKARBONA 40g PODRAVKA             ;01776     ;PODRAVKA d.d. KOPRIVNICA;        0.04;kg ;        0.69;       17.25;'3850104074035';HRANA;        0.00;        0.00
LIMUNSKA KISELINA 20g ŠAFRAM            ;33189     ;ŠAFRAM D.O.O. ZAGREB;        0.02;kg ;        0.40;       20.00;'3859888163102';HRANA;        0.00;        0.00
LIMUNSKA KISELINA 100g ŠAFRAM           ;33191     ;ŠAFRAM D.O.O. ZAGREB;        0.10;kg ;        1.19;       11.90;'3859888163355';HRANA;        0.00;        0.00
KONZERVANS 10g ŠAFRAM                   ;33345     ;ŠAFRAM D.O.O. ZAGREB;        0.01;kg ;        0.29;       29.00;'3859888163003';HRANA;        0.00;        0.00
SODA BIKARBONA 200g ŠAFRAM              ;43365     ;ŠAFRAM D.O.O. ZAGREB;        0.20;kg ;        0.72;        3.60;'3859888163232';HRANA;        0.00;        0.00
SODA BIKARBONA 70g DERMA                ;511805    ;DERMA d.d. VARAŽDIN;        0.07;kg ;        0.45;        6.43;'3858881735323';HRANA;        0.00;        0.00
LIMUNSKA KISELINA 70g DERMA             ;543369    ;DERMA d.d. VARAŽDIN;        0.07;kg ;        0.89;       12.71;'3858881735330';HRANA;        0.00;        0.00
LIMUNSKA KISELINA 500g ŠAFRAM           ;56501     ;ŠAFRAM D.O.O. ZAGREB;        0.50;kg ;        4.38;        8.76;'3859888163362';HRANA;        0.00;        0.00
LIMUNSKA KISELINA 200g ŠAFRAM           ;56513     ;ŠAFRAM D.O.O. ZAGREB;        0.20;kg ;        2.25;       11.25;'3859888163331';HRANA;        0.00;        0.00
SODA BIKARBONA 500g ŠAFRAM              ;58182     ;ŠAFRAM D.O.O. ZAGREB;        0.50;kg ;        1.46;        2.92;'3859888163249';HRANA;        0.00;        0.00
KVASAC SUHI 7g DI-GO                    ;08608     ;DI-GO          ;        0.01;kg ;        0.78;      111.43;'3859889940085';HRANA;        0.00;        0.00
KVASAC SUHI 500g DI-GO                  ;13868     ;DI-GO          ;        0.50;kg ;        7.10;       14.20;'3859889940108';HRANA;        0.00;        0.00
KVASAC SVJEŽI 50g(2*25g) DUOS           ;208839    ;DUOS-USLUGE DOO;        0.05;kg ;        0.45;        9.00;'3850114203142';HRANA;        0.00;        0.00
KVASAC SUHI INSTANT 7g DR.OETKER        ;24566     ;DR.OETKER d.o.o.ZAGREB;        0.01;kg ;        0.46;       65.71;'4000521000349';HRANA;        0.00;        0.00
KVASAC SUHI 7g DOLCELA                  ;397270    ;DOLCELA        ;        0.01;kg ;        0.52;       74.29;'3850104266003';HRANA;        0.00;        0.00
KVASAC SUHI 7g 4+1 GRATIS DOLCELA       ;422471    ;DOLCELA        ;        0.04;kg ;        2.08;       59.43;'3850104266577';HRANA;        0.00;        0.00
KVASAC SUHI 100g DOLCELA                ;423189    ;DOLCELA        ;        0.10;kg ;        1.26;       12.60;'3850104266034';HRANA;        0.00;        0.00
KVASAC SUHI (5X7g) 4+1GRATIS DI-GO      ;50163     ;DI-GO          ;        0.04;kg ;        3.12;       89.14;'3859889940153';HRANA;        0.00;        0.00
KVASAC SUHI 4+1 GRATIS 35g DR.OETKER    ;586209    ;DR.OETKER d.o.o.ZAGREB;        0.04;kg ;        1.84;       52.57;'4000521024444';HRANA;        0.00;        0.00
KVASAC SVJEŽI 42g DI-GO                 ;652343    ;DI-GO          ;        0.04;kg ;        0.83;       19.76;'3858887683444';HRANA;        0.00;        0.00
SVINJSKA CRIJEVA 30/32 DOZA 10m         ;106651    ;DERMA          ;        1.00;KOM;        4.49;        4.49;'3858881734265';HRANA;        0.00;        0.00
SVINJSKA CRIJEVA 32/35 10m DOZA         ;205346    ;DERMA          ;        1.00;KOM;        4.25;        4.25;'3858881734234';HRANA;        0.00;        0.00
SVINJSKA CRIJEVA 35/38 10m DOZA         ;205347    ;DERMA          ;        1.00;KOM;        3.59;        3.59;'3858881734258';HRANA;        0.00;        0.00
SVINJSKA CRIJEVA 38/42 10m DOZA         ;205348    ;DERMA          ;        1.00;KOM;        3.29;        3.29;'3858881734241';HRANA;        0.00;        0.00
SVINJSKA CRIJEVA 10m 34/36 PVC CROMA    ;230949    ;CROMA          ;        1.00;KOM;        2.49;        2.49;'3859890197027';HRANA;        0.00;        0.00
SVINJSKA CRIJEVA 10m 38/42 PVC CROMA    ;230950    ;CROMA          ;        1.00;KOM;        0.00;        1.89;'3859890197546';HRANA;        2.19;        1.89
KOLAGENO CRIJEVO 65mm 5/1 CROMA         ;235200    ;CROMA-VARAŽDIN D.O.O.;        1.00;KOM;        2.59;        2.59;'3859890197768';HRANA;        0.00;        0.00
SVINJSKA CRIJEVA 32/34 10m DOZA CROMA   ;260500    ;CROMA          ;        1.00;KOM;        2.99;        2.99;'3859890197294';HRANA;        0.00;        0.00
ELASTIÈNA MREŽICA 5m 18 OKA CROMA       ;260501    ;CROMA-VARAŽDIN D.O.O.;        1.00;KOM;        1.75;        1.75;'3859890197485';HRANA;        0.00;        0.00
SVINJSKA CRIJEVA 10m 30/32 POS.CROMA    ;289717    ;CROMA          ;        1.00;KOM;        3.99;        3.99;'3859890197263';HRANA;        0.00;        0.00
KOLAGENO CRIJEVO 55mm 5/1 CROMA         ;350959    ;CROMA-VARAŽDIN D.O.O.;        1.00;KOM;        1.69;        1.69;'3859890197751';HRANA;        0.00;        0.00
KOLAGENO CRIJEVO 45mm 5/1 CROMA         ;350961    ;CROMA-VARAŽDIN D.O.O.;        1.00;KOM;        1.29;        1.29;'3859890197744';HRANA;        0.00;        0.00
KOLAGENO CRIJEVO 75mm 5/1 CROMA         ;350983    ;CROMA-VARAŽDIN D.O.O.;        1.00;KOM;        2.99;        2.99;'3859890197775';HRANA;        0.00;        0.00
SVINJSKA CRIJEVA NEKAL.10m CROMA        ;354441    ;CROMA          ;        1.00;KOM;        1.99;        1.99;'3859890197492';HRANA;        0.00;        0.00
SVINJSKA CRIJEVA 10m 36/38 POS.CROMA    ;624785    ;CROMA          ;        1.00;KOM;        2.25;        2.25;'3859892658229';HRANA;        0.00;        0.00
FASER BAK 45/50 5/1 DERMA               ;635874    ;DERMA d.d. VARAŽDIN;        1.00;KOM;        2.65;        2.65;'3858881736245';HRANA;        0.00;        0.00
FASER BAK 50/50 5/1 DERMA               ;635875    ;DERMA d.d. VARAŽDIN;        1.00;KOM;        2.65;        2.65;'3858881736252';HRANA;        0.00;        0.00
FASER BAK 75/50 5/1 DERMA               ;635876    ;DERMA d.d. VARAŽDIN;        1.00;KOM;        0.00;        2.89;'3858881736269';HRANA;        3.39;        2.89
FASER BAK 55/50 5/1 DERMA               ;698555    ;DERMA d.d. VARAŽDIN;        1.00;KOM;        2.69;        2.69;'3858881736726';HRANA;        0.00;        0.00
SVINJSKA CRIJEVA NEKAL.10m DOZA DERMA   ;88942     ;DERMA          ;        1.00;KOM;        0.00;        2.59;'3858881734715';HRANA;        2.99;        2.59
FASER BAK 65/50 5/1 DERMA               ;965445    ;DERMA d.d. VARAŽDIN;        1.00;KOM;        2.99;        2.99;'3858881736740';HRANA;        0.00;        0.00
ZASLAÐIVAÈ SUSSINA 650 TAB.39g          ;06506     ;ENCIAN D.O.O.;        0.04;kg ;        1.99;       51.03;'90125072';HRANA;        0.00;        0.00
ZASLAÐIVAÈ SUSSINA GOLD 200 TAB.10g     ;38224     ;ENCIAN D.O.O.;        0.01;kg ;        1.59;      159.00;'90125812';HRANA;        0.00;        0.00
ZASLAÐIVAÈ STEVIA SUSSINA 200TAB.11g    ;385223    ;ENCIAN D.O.O.;        0.01;kg ;        3.69;      335.45;'90125584';HRANA;        0.00;        0.00
GALILEO UMJETNI ZASLAÐIVAÈ 1200TAB.72g  ;577310    ;AWTINTERNATIONAL D.O.O. ZAGREB;        0.07;kg ;        2.79;       38.75;'3859890364160';HRANA;        0.00;        0.00
NATREEN TABLETE 120KOM 7,6g             ;614278    ;JACOBS         ;        0.00;   ;        3.19;        0.00;'8711000476260';HRANA;        0.00;        0.00
NATREEN TABLETE 500KOM 32g              ;614279    ;JACOBS         ;        0.03;kg ;        5.49;      171.56;'8711000476208';HRANA;        0.00;        0.00
LAN 150g KRESTO                         ;342891    ;ANPEK D.O.O.;        0.15;kg ;        1.06;        7.07;'3858882291552';HRANA;        0.00;        0.00
SLANUTAK 500g NATURA                    ;348128    ;MARJAN-VOÆE d.o.o.ZAGREB;        0.50;kg ;        1.76;        3.52;'3859890587026';HRANA;        0.00;        0.00
LEÆA ZELENA 500g NATURA                 ;348141    ;MARJAN-VOÆE d.o.o.ZAGREB;        0.50;kg ;        1.85;        3.70;'3859891427307';HRANA;        0.00;        0.00
SEZAM 150g NATURA                       ;361084    ;MARJAN-VOÆE d.o.o.ZAGREB;        0.15;kg ;        1.11;        7.40;'3859891427680';HRANA;        0.00;        0.00
KREKER PŠENICA NATUR 100g MISTRAŽ       ;363877    ;MISTRAŽ D.O.O.;        0.10;kg ;        1.19;       11.90;'5997513300015';HRANA;        0.00;        0.00
KREKER PŠENICA SOLJENI 100g MISTRAŽ     ;363879    ;MISTRAŽ D.O.O.;        0.10;kg ;        1.19;       11.90;'5997513300022';HRANA;        0.00;        0.00
KREKER RIŽA NATUR 100g MISTRAŽ          ;363880    ;MISTRAŽ D.O.O.;        0.10;kg ;        1.19;       11.90;'5997513300039';HRANA;        0.00;        0.00
KREKER RIŽA SEZ.I KUK.SOLJ.100g MISTRAŽ ;363881    ;MISTRAŽ D.O.O.;        0.10;kg ;        1.19;       11.90;'5997513300060';HRANA;        0.00;        0.00
KREKER RIŽA SEZ.I KUK.NATUR 100G.MISTRAŽ;363882    ;MISTRAŽ D.O.O.;        0.10;kg ;        1.19;       11.90;'5997513300053';HRANA;        0.00;        0.00
KREKER RIŽA SOLJENI 100g MISTRAŽ        ;363883    ;MISTRAŽ D.O.O.;        0.10;kg ;        1.19;       11.90;'5997513300046';HRANA;        0.00;        0.00
SEZAM 100g ŠAFRAM                       ;38260     ;ŠAFRAM D.O.O. ZAGREB;        0.10;kg ;        0.99;        9.90;'3859888163164';HRANA;        0.00;        0.00
LEÆA CRVENA 500g NATURA                 ;385271    ;MARJAN-VOÆE d.o.o.ZAGREB;        0.50;kg ;        1.85;        3.70;'3859890587019';HRANA;        0.00;        0.00
MEKI REGULATOR PROBAVE 80g MISTRAZ      ;393377    ;MISTRAŽ D.O.O.;        0.08;kg ;        1.46;       18.25;'3858882921404';HRANA;        0.00;        0.00
CHIA SJEMENKE 100g NATURA               ;445146    ;MARJAN-VOÆE d.o.o.ZAGREB;        0.10;kg ;        1.60;       16.00;'3859892798062';HRANA;        0.00;        0.00
MIX ZA PECIVA 150g NATURA               ;445147    ;MARJAN-VOÆE d.o.o.ZAGREB;        0.15;kg ;        0.99;        6.60;'3859892798079';HRANA;        0.00;        0.00
ÈIPS OD JABUKE JONATHAN 20g             ;514487    ;SANA DELIKATESE DOO;        0.02;kg ;        0.79;       39.50;'3859892873295';HRANA;        0.00;        0.00
ÈIPS OD JABUKE S TAMNOM ÈOKOLADOM 50g   ;514489    ;SANA DELIKATESE DOO;        0.05;kg ;        2.19;       43.80;'3859892873356';HRANA;        0.00;        0.00
ŠTAPIÆI OD JABUKE BEZ KORE 25g          ;514490    ;SANA DELIKATESE DOO;        0.03;kg ;        1.05;       42.00;'3859892873370';HRANA;        0.00;        0.00
ÈIPS OD RIŽE SLANI 50g EKOZONA          ;552018    ;BIOVEGA DOO;        0.05;kg ;        1.49;       29.80;'3858888739249';HRANA;        0.00;        0.00
MEKINJE ZOBENE 500g EKOZONA             ;568802    ;BIOVEGA DOO;        0.50;kg ;        2.65;        5.30;'3858888737801';HRANA;        0.00;        0.00
HUMMUS NATURAL 80g RIBELLA              ;604575    ;RIBELLA        ;        0.08;kg ;        1.19;       14.88;'8606011898913';HRANA;        0.00;        0.00
HUMMUS NATURAL 200g RIBELLA             ;604576    ;RIBELLA        ;        0.20;kg ;        2.25;       11.25;'8606011898852';HRANA;        0.00;        0.00
KUS KUS INTEG.ORGANSKI 1kg NUTRIGOLD    ;611063    ;GALLERIA INTERNAZIONALE D.O.O.;        1.00;kg ;        3.85;        3.85;'3858891971414';HRANA;        0.00;        0.00
O"PLANT VEG NUGG BROKULA 400g PODRAVKA  ;619911    ;PODRAVKA d.d. KOPRIVNICA;        0.40;kg ;        3.99;        9.98;'3856020261269';HRANA;        0.00;        0.00
O"PLANT VEG NUGG CVJETAÈA 400g PODRAVKA ;619912    ;PODRAVKA d.d. KOPRIVNICA;        0.40;kg ;        3.99;        9.98;'3856020261238';HRANA;        0.00;        0.00
O"PLANT VEG NUGG HELJDA 400g PODRAVKA   ;619913    ;PODRAVKA d.d. KOPRIVNICA;        0.40;kg ;        3.99;        9.98;'3856020261207';HRANA;        0.00;        0.00
O"PLANT BURGER 238g PODRAVKA            ;626725    ;PODRAVKA d.d. KOPRIVNICA;        0.24;kg ;        5.39;       22.65;'3856020260897';HRANA;        0.00;        0.00
O"PLANT ÆEVAPÈIÆI 200g PODRAVKA         ;626755    ;PODRAVKA d.d. KOPRIVNICA;        0.20;kg ;        5.39;       26.95;'3856020259082';HRANA;        0.00;        0.00
NATUREL NAMAZ OD POVRÆA 75g             ;628497    ;AWTINTERNATIONAL D.O.O. ZAGREB;        0.08;kg ;        1.50;       20.00;'3858887246243';HRANA;        0.00;        0.00
NATUREL NAMAZ POVRÆE SA ŠAMPINJON.75g   ;628498    ;AWTINTERNATIONAL D.O.O. ZAGREB;        0.08;kg ;        1.50;       20.00;'3858887246236';HRANA;        0.00;        0.00
KREKER RIŽA HAVAJSKA MOR.SOL 100g B.YOND;633478    ;B.YOND         ;        0.10;kg ;        1.19;       11.90;'3800233091144';HRANA;        0.00;        0.00
KREKER RIŽA SA SJEMENKAMA 100g B.YOND   ;633479    ;B.YOND         ;        0.10;kg ;        1.19;       11.90;'3800233091182';HRANA;        0.00;        0.00
KREKER RIŽA CHIA/KVINOA/AMAR.100g B.YOND;633483    ;ALCA ZAGREB D.O.O.;        0.10;kg ;        1.19;       11.90;'3800233091199';HRANA;        0.00;        0.00
ÈIPS RIŽA CHEDD.SIR/CHUTNEY 60g B.YOND  ;633484    ;B.YOND         ;        0.06;kg ;        1.19;       19.83;'3800233091168';HRANA;        0.00;        0.00
ÈIPS RIŽA VLASAC/KIS.VRHNJE 60g B.YOND  ;633485    ;B.YOND         ;        0.06;kg ;        1.19;       19.83;'3800233091212';HRANA;        0.00;        0.00
CHIA SJEMENKE 500g NATURA               ;640591    ;MARJAN-VOÆE d.o.o.ZAGREB;        0.50;kg ;        4.98;        9.96;'3859893512353';HRANA;        0.00;        0.00
GURU HUMMUS JALAPENA 180g               ;645014    ;RIBELLA        ;        0.18;kg ;        2.25;       12.50;'8606011896254';HRANA;        0.00;        0.00
KOBAYA 170g SANA                        ;655926    ;SANA DELIKATESE DOO;        0.17;kg ;        4.99;       29.35;'3872617001100';HRANA;        0.00;        0.00
BIO SLANUTAK 500g EKOZONA               ;658084    ;BIOVEGA DOO;        0.50;kg ;        2.29;        4.58;'3858886175537';HRANA;        0.00;        0.00
O"PLANT A LA CHICKEN NUGGETS 300g       ;691770    ;PODRAVKA d.d. KOPRIVNICA;        0.30;kg ;        5.39;       17.97;'3856020263843';HRANA;        0.00;        0.00
SOJINA FAŠIRANA SMJESA 170g MISTRAŽ     ;692232    ;MISTRAŽ D.O.O.;        0.17;kg ;        2.79;       16.41;'3858882923675';HRANA;        0.00;        0.00
MATCHA PRAH ORGANSKI 100g NUTRIGOLD     ;692234    ;GALLERIA INTERNAZIONALE D.O.O.;        0.10;kg ;        8.39;       83.90;'3858891970738';HRANA;        0.00;        0.00
PESTO GENOVESE 150g SANA                ;692275    ;SANA DELIKATESE DOO;        0.15;kg ;        3.99;       26.60;'3858892322864';HRANA;        0.00;        0.00
KOLAÈ MAÐARICA 420g EKOS VARAŽDIN       ;539935    ;EKOS CAKES D.O.O.;        0.42;kg ;        4.79;       11.40;'3858889613562';HRANA;        0.00;        0.00
KOLAÈI ÈUPAVCI 480g EKOS VARAŽDIN       ;539936    ;EKOS CAKES D.O.O.;        0.48;kg ;        5.35;       11.15;'3858889613777';HRANA;        0.00;        0.00
KOLAÈI MEDENA PITA 300g EKOS VARAŽDIN   ;539937    ;EKOS CAKES D.O.O.;        0.30;kg ;        4.59;       15.30;'3858889613807';HRANA;        0.00;        0.00
MIX DOMAÆIH KOLAÈA 390g                 ;587409    ;EKOS CAKES D.O.O.;        0.39;kg ;        4.89;       12.54;'3858889615238';HRANA;        0.00;        0.00
KOLAÈI BOEM 450g KAILA                  ;655383    ;KAILA D.O.O.;        0.45;kg ;        6.09;       13.53;'3859893766022';HRANA;        0.00;        0.00
DOLCELA KOLAÈI MINI KREMŠNITE 340g      ;655821    ;DOLCELA SVJ.KOL;        0.34;kg ;        4.19;       12.32;'3838700356748';HRANA;        0.00;        0.00
MAÐARICA LINO LADA 420g                 ;656017    ;EKOS CAKES D.O.O.;        0.42;kg ;        4.85;       11.55;'3858889619588';HRANA;        0.00;        0.00
MAÐARICA  PISTACIJA 510g                ;656018    ;EKOS CAKES D.O.O.;        0.51;kg ;        6.15;       12.06;'3858889619489';HRANA;        0.00;        0.00
LISNATO TIJESTO 500g LEDO               ;02933     ;LEDO           ;        0.50;kg ;        2.49;        4.98;'3850116558981';HRANA;        0.00;        0.00
OKRUGLICE SA ŠLJIVOM 500g LEDO          ;282753    ;LEDO           ;        0.50;kg ;        3.99;        7.98;'3850116876658';HRANA;        0.00;        0.00
BALCONI BISKVIT MIX MAX 350g 10/1       ;34576     ;DUPIN d.o.o. ZAGREB;        0.35;kg ;        6.49;       18.54;'8001585001040';HRANA;        0.00;        0.00
SAVIJAÈA S VANILIJOM I ŠUM.VOÆEM 500g   ;361443    ;LEDO           ;        0.50;kg ;        3.99;        7.98;'3850116888972';HRANA;        0.00;        0.00
NJOKI 1kg FROZY                         ;414922    ;FROZY          ;        1.00;kg ;        3.18;        3.18;'3859889284493';HRANA;        0.00;        0.00
LISNATO TIJESTO 400g FRESCO             ;425385    ;LEDO           ;        0.40;kg ;        2.05;        5.13;'3850116104140';HRANA;        0.00;        0.00
SAVIJAÈA TAM.ÈOK./VIŠNJA 500g LEDO      ;437003    ;LEDO           ;        0.50;kg ;        3.99;        7.98;'3850116103068';HRANA;        0.00;        0.00
OKRUGLICE VANILIJA/Š.VOÆE 500g LEDO     ;525161    ;LEDO           ;        0.50;kg ;        3.99;        7.98;'3850116102443';HRANA;        0.00;        0.00
OKRUGLICE NOUGAT MILK 500g LEDO         ;560793    ;LEDO           ;        0.50;kg ;        3.99;        7.98;'3850116008240';HRANA;        0.00;        0.00
OKRUGLICE OD KRUHA 400g FROZY           ;585849    ;FROZY          ;        0.40;kg ;        1.99;        4.98;'3858891044071';HRANA;        0.00;        0.00
KNEDLE SA ŠLJIVAMA 400g FROZY           ;593908    ;FROZY          ;        0.40;kg ;        1.99;        4.98;'3858891044057';HRANA;        0.00;        0.00
PIZZA CAPRICCIOSA 330g LEDO             ;608555    ;LEDO           ;        0.33;kg ;        4.29;       13.00;'3850116038155';HRANA;        0.00;        0.00
PIZZA MARGHERITA 300g LEDO              ;608556    ;LEDO           ;        0.30;kg ;        3.98;       13.27;'3850116038186';HRANA;        0.00;        0.00
KROASAN MINI SA SEZAMOM 1kg MOKA        ;633324    ;MOKA           ;        1.00;kg ;        2.79;        2.79;'8606106793826';HRANA;        0.00;        0.00
KROASAN ÈOKOLADA 1kg MOKA               ;633325    ;MOKA           ;        1.00;kg ;        3.45;        3.45;'8606106793796';HRANA;        0.00;        0.00
LISNATO TIJESTO 500g SMRZ.BAKINA KUHINJA;637968    ;BAKINA KUHINJA ;        0.50;kg ;        1.39;        2.78;'3858883224450';HRANA;        0.00;        0.00
VALJUŠCI DOMAÆI OD KRUMPIRA ZAM 1kg     ;648495    ;ZLATO POLJE    ;        1.00;kg ;        4.99;        4.99;'3838700369328';HRANA;        0.00;        0.00
ŠTRUKLI DOMAÆI SA SIROM ZAM 1kg         ;648497    ;ZLATO POLJE    ;        1.00;kg ;        6.99;        6.99;'3838700369267';HRANA;        0.00;        0.00
KROKETI OD KRUMPIRA ZAM 400g            ;648498    ;ZLATO POLJE    ;        0.40;kg ;        1.89;        4.73;'3838700369304';HRANA;        0.00;        0.00
CMOKI OKRUGLICE OD KRUHA 1kg            ;650641    ;ZLATO POLJE    ;        1.00;kg ;        6.35;        6.35;'3838700369175';HRANA;        0.00;        0.00
LEDOLETTE KUKURUZNE S ABC SIROM 800g    ;653125    ;LEDO           ;        0.80;kg ;        4.99;        6.24;'3850116067520';HRANA;        0.00;        0.00
PIZZA MOZARELLA 325g LEDO               ;654398    ;LEDO           ;        0.33;kg ;        3.98;       12.25;'3850116067957';HRANA;        0.00;        0.00
ŽEMLJA MINI ZP 10X35g                   ;656191    ;ZLATO POLJE    ;        0.35;kg ;        1.19;        3.40;'3838700396607';HRANA;        0.00;        0.00
KAJZERICA SEZAM MINI ZP 10X35g          ;656192    ;ZLATO POLJE    ;        0.35;kg ;        1.19;        3.40;'3838700396638';HRANA;        0.00;        0.00
LISNATO TIJESTO 450g LEDO               ;664412    ;LEDO           ;        0.45;kg ;        2.49;        5.53;'3850116068855';HRANA;        0.00;        0.00
LEDOLETTE SIR ŠPINAT 800g LEDO          ;692078    ;LEDO           ;        0.80;kg ;        4.99;        6.24;'3850116067582';HRANA;        0.00;        0.00
LEDOLETTE MARELICA 800g                 ;692080    ;LEDO           ;        0.80;kg ;        4.99;        6.24;'3850116067438';HRANA;        0.00;        0.00
LEDOLETTE KAKAO 800g                    ;692081    ;LEDO           ;        0.80;kg ;        4.99;        6.24;'3850116067469';HRANA;        0.00;        0.00
MINI HOT DOG 700g LEDO                  ;692106    ;LEDO           ;        0.70;kg ;        4.99;        7.13;'3850116066035';HRANA;        0.00;        0.00
ORBIT DRAŽE PEPERMINT 14g               ;01708     ;WRIGLEY        ;        0.01;kg ;        0.99;       70.71;'50173204';HRANA;        0.00;        0.00
ÈUNGA LUNGA 3,5g                        ;03113     ;ORBICO d.o.o.;        0.00;kg ;        0.10;       33.33;'5310089000200';HRANA;        0.00;        0.00
ORBIT SPEARMINT DRAGE 14g               ;09292     ;WRIGLEY        ;        0.01;kg ;        0.99;       70.71;'50173822';HRANA;        0.00;        0.00
ORBIT WINTERFROST DRAŽEJE 14g           ;12580     ;WRIGLEY        ;        0.01;kg ;        0.99;       70.71;'50173976';HRANA;        0.00;        0.00
AIRWAVES BLACK MINT DRAŽEJE 14g         ;166355    ;WRIGLEY        ;        0.01;kg ;        0.99;       70.71;'42101925';HRANA;        0.00;        0.00
ORBIT WHITE SPEARMINT DRAŽEJE 14g       ;213861    ;WRIGLEY        ;        0.01;kg ;        0.99;       70.71;'42113164';HRANA;        0.00;        0.00
ORBIT BLUEBERRY DRAŽEJE 14g             ;251768    ;WRIGLEY        ;        0.01;kg ;        0.99;       70.71;'42123880';HRANA;        0.00;        0.00
ÈUNGA LUNGA COLA 19g                    ;291006    ;ÈUNGA LUNGA    ;        0.02;kg ;        0.38;       20.00;'5310089001467';HRANA;        0.00;        0.00
ÈUNGA LUNGA LUBENICA 15g                ;291007    ;ÈUNGA LUNGA    ;        0.02;kg ;        0.45;       23.68;'5310089001436';HRANA;        0.00;        0.00
ÈUNGA LUNGA MEGA 19g                    ;291008    ;ÈUNGA LUNGA    ;        0.02;kg ;        0.45;       23.68;'5310089001405';HRANA;        0.00;        0.00
AIRWAVES MENTOL I EUCALYPTUS DRAŽEJE    ;29625     ;WRIGLEY        ;        0.01;kg ;        0.99;       70.71;'50173167';HRANA;        0.00;        0.00
CHUPA CHUPS ŽV.GUME TUTTI FRUTTI 27g    ;303450    ;CHUPA CHUPS    ;        0.03;kg ;        0.51;       18.89;'80757092';HRANA;        0.00;        0.00
ÈUNGA LUNGA ŽVAKE ŠARENI ŠTAPIÆ 28g     ;318022    ;ÈUNGA LUNGA    ;        0.03;kg ;        0.76;       27.14;'5310089004130';HRANA;        0.00;        0.00
AIRWAVES EXTREME DRAŽEJE 14g            ;321299    ;WRIGLEY        ;        0.01;kg ;        0.99;       70.71;'42189633';HRANA;        0.00;        0.00
ŽVAKE JAMBOREE 16/1 40g                 ;333561    ;DUPIN d.o.o. ZAGREB;        0.04;kg ;        0.74;       18.50;'4014499002892';HRANA;        0.00;        0.00
ORBIT JAGODA DRAŽEJE 14g                ;396541    ;WRIGLEY        ;        0.01;kg ;        0.99;       70.71;'50173464';HRANA;        0.00;        0.00
ŽVAKAÈA GUMA NUCLEAR GUM 14g            ;398025    ;FINI           ;        0.01;kg ;        0.35;       25.00;'8410525200496';HRANA;        0.00;        0.00
ŽVAKAÈA GUMA FINI TENNIS BALLS 16g      ;398029    ;FINI           ;        0.02;kg ;        0.35;       21.88;'8410525184581';HRANA;        0.00;        0.00
ORBIT BUBBLEMINT DRAŽEJE 14g            ;404049    ;WRIGLEY        ;        0.01;kg ;        0.99;       70.71;'42247371';HRANA;        0.00;        0.00
ORBIT DRAŽEJE WHITE CLASSIC 14g         ;522568    ;WRIGLEY        ;        0.01;kg ;        0.99;       70.71;'40099484';HRANA;        0.00;        0.00
ŽVAKAÈE AIRWAVES CHERRY MENTHOL 14g     ;534254    ;WRIGLEY        ;        0.01;kg ;        0.99;       70.71;'42102120';HRANA;        0.00;        0.00
ŽVAKAÈA GUMA CRTIÆ ŠTAPIÆI 35g          ;535985    ;HURIKAN D.O.O.;        0.04;kg ;        0.53;       15.14;'5310089002341';HRANA;        0.00;        0.00
ORBIT DRAŽ. EUCALYPTUS 14g              ;547693    ;WRIGLEY        ;        0.01;kg ;        0.99;       70.71;'50173617';HRANA;        0.00;        0.00
ORBIT WHITE DRAŽEJE 14g                 ;57582     ;WRIGLEY        ;        0.01;kg ;        0.99;       70.71;'42069942';HRANA;        0.00;        0.00
ÈUNGA LUNGA LIZALICA SA ŽVAKOM 15g      ;576197    ;ÈUNGA LUNGA    ;        0.02;kg ;        0.40;       26.67;'53101884';HRANA;        0.00;        0.00
CHUPA CHUPS ŽV.GUMA JAGODA 27,6g        ;588309    ;CHUPA CHUPS    ;        0.03;kg ;        0.51;       18.89;'80908869';HRANA;        0.00;        0.00
ŽVAKAÈE JUICY FRUIT COLA TAPE 56g       ;592840    ;WRIGLEY        ;        0.06;kg ;        0.00;       30.18;'4009900535410';HRANA;        2.29;        1.69
ORBIT REFRESHERS SPEARMINT 67g BOÈICA   ;604431    ;WRIGLEY        ;        0.07;kg ;        4.20;       62.69;'4009900536257';HRANA;        0.00;        0.00
ORBIT REFRESHERS PEPERMINT 67g BOÈICA   ;604432    ;WRIGLEY        ;        0.07;kg ;        4.20;       62.69;'4009900536288';HRANA;        0.00;        0.00
ORBIT REFRESHERS SPEARMINT DRAŽEJE 15,6G;604433    ;WRIGLEY        ;        0.02;kg ;        0.99;       66.00;'4009900535519';HRANA;        0.00;        0.00
ORBIT REFRESHERS BUBBLEMINT DRAŽ.15,6g  ;609928    ;WRIGLEY        ;        0.02;kg ;        0.99;       66.00;'4009900535823';HRANA;        0.00;        0.00
ORBIT WHITE RASPBERRY POMEGRANATE 14g   ;615332    ;WRIGLEY        ;        0.01;kg ;        0.99;       70.71;'50173747';HRANA;        0.00;        0.00
ORBIT REFRESHERS TROPICAL DRAŽ.15,6g    ;617263    ;WRIGLEY        ;        0.02;kg ;        0.99;       66.00;'4009900540520';HRANA;        0.00;        0.00
ORBIT REFRESHERS TROPICAL BOÈICA 67g    ;632799    ;WRIGLEY        ;        0.07;kg ;        4.20;       62.69;'4009900540551';HRANA;        0.00;        0.00
ŽVAKE AIRWAVES DRAŽEJE GINGER LIME 14g  ;635192    ;WRIGLEY        ;        0.01;kg ;        0.99;       70.71;'40099569';HRANA;        0.00;        0.00
ŽVAKAÈE ÈUNGA LUNGA MEGA 5PACK          ;639241    ;ÈUNGA LUNGA    ;        0.08;kg ;        1.49;       19.87;'5310089008381';HRANA;        0.00;        0.00
ŽVAKAÈE GUME ZUMBIEZ 10/1 20g           ;640597    ;CHOCO GARDEN   ;        0.02;kg ;        0.40;       20.00;'7898633980881';HRANA;        0.00;        0.00
ORBIT BOÈICA SPEARMINT 64g              ;643836    ;WRIGLEY        ;        0.06;kg ;        3.69;       57.66;'4009900537506';HRANA;        0.00;        0.00
ORBIT BOÈICA PEPERMINT 64g              ;643837    ;WRIGLEY        ;        0.06;kg ;        3.69;       57.66;'4009900550215';HRANA;        0.00;        0.00
ORBIT BOÈICA BUBBLEMINT 64g             ;643838    ;WRIGLEY        ;        0.06;kg ;        3.69;       57.66;'4009900537445';HRANA;        0.00;        0.00
ORBIT BOÈICA BLUEBERRY 64g              ;643839    ;WRIGLEY        ;        0.06;kg ;        3.69;       57.66;'4009900538008';HRANA;        0.00;        0.00
ORBIT BOÈICA WHITE FRESHMINT 64g        ;643841    ;WRIGLEY        ;        0.06;kg ;        3.69;       57.66;'4009900538237';HRANA;        0.00;        0.00
ORBIT BOÈICA SWEETMINT 64g              ;643842    ;WRIGLEY        ;        0.06;kg ;        3.69;       57.66;'4009900549981';HRANA;        0.00;        0.00
ŽVAKAÈE AIRWAVES BLASKCURRANT 64g       ;644864    ;WRIGLEY        ;        0.06;kg ;        3.69;       57.66;'4009900550499';HRANA;        0.00;        0.00
ŽVAKAÈE AIRWAVES EXTREME 64g            ;644865    ;WRIGLEY        ;        0.06;kg ;        3.69;       57.66;'4009900550208';HRANA;        0.00;        0.00
AIRWAVES BOÈICA BLACKMINT 64g           ;645241    ;WRIGLEY        ;        0.06;kg ;        3.69;       57.66;'4009900550178';HRANA;        0.00;        0.00
ŽVAKAÈA JUICY PRUIT FANCY FRUIT 56g     ;647380    ;WRIGLEY        ;        0.06;kg ;        0.00;       30.18;'4009900536646';HRANA;        2.29;        1.69
CHUPA CHUPS ŽVAKAÈE 86g MAGIC CUBES     ;657223    ;FILIR D.O.O.;        0.09;kg ;        2.65;       30.81;'80957508';HRANA;        0.00;        0.00
AIRWAVES CRNI RIBIZL DRAŽEJE 14g        ;85439     ;WRIGLEY        ;        0.01;kg ;        0.99;       70.71;'42070047';HRANA;        0.00;        0.00
ORBIT DRAŽE SWEET MINT 14g              ;96924     ;WRIGLEY        ;        0.01;kg ;        0.99;       70.71;'50173808';HRANA;        0.00;        0.00
TALIANETTA REZ.S UMAKOM OD GLJIVA 140g  ;223381    ;TALIANETTA     ;        0.14;kg ;        0.00;       10.64;'3850104230967';HRANA;        2.49;        1.49
TALIANETTA CARBONARA 160g PODRAVKA      ;223382    ;TALIANETTA     ;        0.16;kg ;        0.00;        9.31;'3850104230943';HRANA;        2.49;        1.49
TALIANETTA TJEST.SA 4 SIRA 145g         ;224261    ;TALIANETTA     ;        0.15;kg ;        0.00;       10.28;'3850104231025';HRANA;        2.49;        1.49
TALIANETTA MAKARONI BOLOGNESE 160g      ;224666    ;TALIANETTA     ;        0.16;kg ;        0.00;        9.31;'3850104230950';HRANA;        2.49;        1.49
TALIANETTA TJEST.MAC N CHEESE 160g      ;644878    ;TALIANETTA     ;        0.16;kg ;        0.00;        9.31;'3856020269319';HRANA;        2.49;        1.49
ÈOKOLINO 1kg                            ;01877     ;PODRAVKA d.d. KOPRIVNICA;        1.00;kg ;        8.99;        8.99;'3850104017537';HRANA;        0.00;        0.00
LJEŠNJAK ÈOKOLINO 1kg                   ;01881     ;PODRAVKA d.d. KOPRIVNICA;        1.00;kg ;        8.99;        8.99;'3850104017476';HRANA;        0.00;        0.00
ÈOKOLINO 500g                           ;152407    ;PODRAVKA d.d. KOPRIVNICA;        0.50;kg ;        4.99;        9.98;'3850104210259';HRANA;        0.00;        0.00
KEKSOLINO 500g                          ;184093    ;PODRAVKA d.d. KOPRIVNICA;        0.50;kg ;        4.99;        9.98;'3850104218804';HRANA;        0.00;        0.00
LJEŠNJAK ÈOKOLINO 500g                  ;209679    ;PODRAVKA d.d. KOPRIVNICA;        0.50;kg ;        4.99;        9.98;'3850104227530';HRANA;        0.00;        0.00
ÈOKOLINO 200g                           ;224389    ;PODRAVKA d.d. KOPRIVNICA;        0.20;kg ;        2.59;       12.95;'3850104230011';HRANA;        0.00;        0.00
LJEŠNJAK ÈOKOLINO 200g                  ;224390    ;PODRAVKA d.d. KOPRIVNICA;        0.20;kg ;        2.59;       12.95;'3850104230059';HRANA;        0.00;        0.00
KEKSOLINO 200g                          ;224678    ;PODRAVKA d.d. KOPRIVNICA;        0.20;kg ;        2.59;       12.95;'3850104230066';HRANA;        0.00;        0.00
GRISOLINO 200g                          ;224741    ;PODRAVKA d.d. KOPRIVNICA;        0.20;kg ;        2.59;       12.95;'3850104230035';HRANA;        0.00;        0.00
ÈOKOLINO LINO FIT VREÆICA 400g          ;398949    ;PODRAVKA d.d. KOPRIVNICA;        0.40;kg ;        4.99;       12.48;'3850104263682';HRANA;        0.00;        0.00
ÈOKOLINO LINO PLUS VREÆICA 400g         ;398950    ;PODRAVKA d.d. KOPRIVNICA;        0.40;kg ;        4.99;       12.48;'3850104263460';HRANA;        0.00;        0.00
ÈOKOLINO 1,4kg PODRAVKA                 ;592415    ;PODRAVKA d.d. KOPRIVNICA;        1.40;kg ;       10.99;        7.85;'3856020242176';HRANA;        0.00;        0.00
ÈOKOLEŠNIK 450g                         ;628473    ;PODRAVKA d.d. KOPRIVNICA;        0.45;kg ;        4.59;       10.20;'3856020262174';HRANA;        0.00;        0.00
ÈOKOLEŠNIK 950g                         ;633170    ;PODRAVKA d.d. KOPRIVNICA;        0.95;kg ;        7.99;        8.41;'3856020262204';HRANA;        0.00;        0.00
ÈOKOLINO PROTEIN POWER 350g             ;635436    ;PODRAVKA d.d. KOPRIVNICA;        0.35;kg ;        5.99;       17.11;'3856020264789';HRANA;        0.00;        0.00
BEBIMIL 2 600g                          ;580828    ;BEBIMIL        ;        0.60;kg ;       11.25;       18.75;'9007253104906';HRANA;        0.00;        0.00
BEBIMIL 3 AKTIV 500g                    ;581700    ;BEBIMIL        ;        0.50;kg ;        9.00;       18.00;'9007253104920';HRANA;        0.00;        0.00
BEBIMIL 1 600g                          ;614385    ;BEBIMIL        ;        0.60;kg ;       11.25;       18.75;'9007253105071';HRANA;        0.00;        0.00
BEBIMIL JUNIOR 500g                     ;637976    ;BEBIMIL        ;        0.50;kg ;        8.76;       17.52;'9007253000017';HRANA;        0.00;        0.00
NUTELLA 400g STAKLENKA                  ;01792     ;FERRERO        ;        0.40;kg ;        4.69;       11.73;'80135876';HRANA;        0.00;        0.00
NUTELLA 200g ÈAŠA                       ;09080     ;FERRERO        ;        0.20;kg ;        3.49;       17.45;'80135463';HRANA;        0.00;        0.00
NUTELLA 750g                            ;102608    ;FERRERO        ;        0.75;kg ;        7.99;       10.65;'80176800';HRANA;        0.00;        0.00
LINO LADA 2,5kg                         ;16446     ;LINO LADA      ;        2.50;kg ;       19.99;        8.00;'3850104019791';HRANA;        0.00;        0.00
LINO LADA 400g                          ;17245     ;LINO LADA      ;        0.40;kg ;        0.00;        8.23;'3850104019784';HRANA;        3.99;        3.29
LINO LADA PVC 50g                       ;25656     ;LINO LADA      ;        0.05;kg ;        0.69;       13.80;'3850104019760';HRANA;        0.00;        0.00
EUROKREM TEKUÆI PVC 500g                ;279525    ;EUROCREM       ;        0.50;kg ;        5.19;       10.38;'8601900503411';HRANA;        0.00;        0.00
NUTELLA COPPETTA T15*60 15g             ;368715    ;FERRERO        ;        0.02;kg ;        0.49;       32.67;'80751151';HRANA;        0.00;        0.00
LEONA CREAM NAMAZ 200g                  ;376056    ;LEONA          ;        0.20;kg ;        1.25;        6.25;'5310206001011';HRANA;        0.00;        0.00
KREM NAMAZ LE CREAM DUO 500g            ;539913    ;LE CREAM       ;        0.50;kg ;        2.39;        4.78;'3890000472382';HRANA;        0.00;        0.00
KREM NAMAZ LE CREAM  KAKAO 500g         ;539914    ;LE CREAM       ;        0.50;kg ;        2.39;        4.78;'3890000472443';HRANA;        0.00;        0.00
LINO LADA GOLD 350g                     ;553441    ;LINO LADA      ;        0.35;kg ;        0.00;        9.40;'3856020213572';HRANA;        3.99;        3.29
FRAPELLA ŠTAPIÆ+KREMA 55g               ;592312    ;FRAPELLA       ;        0.06;kg ;        1.01;       18.36;'8697428014584';HRANA;        0.00;        0.00
LINO LADA DUO 160g                      ;610836    ;LINO LADA      ;        0.16;kg ;        2.29;       14.31;'3856020240219';HRANA;        0.00;        0.00
LINO LADA GOLD 160g                     ;610838    ;LINO LADA      ;        0.16;kg ;        2.29;       14.31;'3856020240189';HRANA;        0.00;        0.00
KREM NAMAZ MILKA 600g                   ;613118    ;MONDELEZ       ;        0.60;kg ;        6.99;       11.65;'7622201521257';HRANA;        0.00;        0.00
LINO LADA DUO 700g                      ;617084    ;LINO LADA      ;        0.70;kg ;        6.59;        9.41;'3856020259884';HRANA;        0.00;        0.00
LINO LADA MILK 700g                     ;617085    ;LINO LADA      ;        0.70;kg ;        6.59;        9.41;'3856020259945';HRANA;        0.00;        0.00
LINO LADA GOLD 650g                     ;617086    ;LINO LADA      ;        0.70;kg ;        6.59;        9.41;'3856020259914';HRANA;        0.00;        0.00
LINO LADA DUO 900g                      ;619461    ;LINO LADA      ;        0.90;kg ;        6.99;        7.77;'3856020262112';HRANA;        0.00;        0.00
LINO LADA MILK 350g                     ;625583    ;LINO LADA      ;        0.35;kg ;        0.00;        9.40;'3850104267109';HRANA;        3.99;        3.29
NUTELLA 600g                            ;626448    ;FERRERO        ;        0.60;kg ;        6.49;       10.82;'8000500179864';HRANA;        0.00;        0.00
LINO LADA GOLD CREAMY 350g              ;628123    ;LINO LADA      ;        0.35;kg ;        0.00;        9.40;'3856020265366';HRANA;        3.99;        3.29
LINO LADA GOLD CREAMY 700g              ;628124    ;LINO LADA      ;        0.70;kg ;        6.59;        9.41;'3856020265335';HRANA;        0.00;        0.00
LINO LADA MILK 160g                     ;633668    ;LINO LADA      ;        0.16;kg ;        2.29;       14.31;'3856020265106';HRANA;        0.00;        0.00
LINO LADA MILK MANIA 350g               ;655103    ;LINO LADA      ;        0.35;kg ;        3.99;       11.40;'3856020280581';HRANA;        0.00;        0.00
PISTACIJA KREM NAMAZ 200g BELGID OR     ;655873    ;BELGID OR      ;        0.20;kg ;        0.00;       19.95;'5410291030580';HRANA;        5.49;        3.99
SOK MRKV/JAB.700mL FRUCTAL              ;15074     ;ALCA ZAGREB D.O.O.;        0.70;L  ;        4.38;        6.26;'3838945515436';HRANA;        0.00;        0.00
MENTOL BOMBON 80g BEZ ŠEÆERA KRAŠ       ;16762     ;KRAŠ MENTOL    ;        0.08;kg ;        1.49;       18.63;'3850102212460';HRANA;        0.00;        0.00
KEKS INTEGRALI 1kg ÈAJNI                ;184875    ;POHIT d.o.o.;        1.00;kg ;        3.91;        3.91;'8008620001416';HRANA;        0.00;        0.00
GRANCEREALE VLAKNA/KAKAO 230g           ;230355    ;AWTINTERNATIONAL D.O.O. ZAGREB;        0.23;kg ;        2.79;       12.13;'8076809540155';HRANA;        0.00;        0.00
DIGESTIVE LIGHT 250g                    ;313343    ;DUPIN d.o.o. ZAGREB;        0.25;kg ;        1.84;        7.36;'5000396037227';HRANA;        0.00;        0.00
GRANCEREALE FRUTTA 250g                 ;319464    ;AWTINTERNATIONAL D.O.O. ZAGREB;        0.25;kg ;        2.79;       11.16;'8076809540179';HRANA;        0.00;        0.00
GRANCEREALE CLASSICO 250g               ;319466    ;AWTINTERNATIONAL D.O.O. ZAGREB;        0.25;kg ;        2.00;        8.00;'8076809540124';HRANA;        0.00;        0.00
GRANCEREALE DIGESTIVE KEKS 250g         ;321090    ;AWTINTERNATIONAL D.O.O. ZAGREB;        0.25;kg ;        2.00;        8.00;'8076809545426';HRANA;        0.00;        0.00
NATUREL DEKSTROZA BOMBONI NARANÈA 39g   ;346683    ;AWTINTERNATIONAL D.O.O. ZAGREB;        0.04;kg ;        0.73;       18.72;'5999038501847';HRANA;        0.00;        0.00
NATUREL DEKST.BOMBON JAGODA 39g         ;346684    ;AWTINTERNATIONAL D.O.O. ZAGREB;        0.04;kg ;        0.73;       18.72;'5999038501854';HRANA;        0.00;        0.00
505 S CRTOM BEZ ŠEÆERA 80g              ;355897    ;KRAŠ d.d.;        0.08;kg ;        1.49;       18.63;'3850102216383';HRANA;        0.00;        0.00
DORINA MLIJ.ÈOKOLADA BEZ DOD.ŠEÆERA 80g ;395965    ;DORINA         ;        0.08;kg ;        2.99;       37.38;'3850102128433';HRANA;        0.00;        0.00
BREAKFAST BISCUIT MUESLI&FRUIT 160g     ;413213    ;KOESTLIN       ;        0.16;kg ;        2.09;       13.06;'3856014113512';HRANA;        0.00;        0.00
BREAKFAST BISCUIT CEREALS & CHOCO 160g  ;413215    ;KOESTLIN       ;        0.16;kg ;        2.09;       13.06;'3856014113543';HRANA;        0.00;        0.00
BREAKFAST BISCUIT CEREALS,NUTS & HONEY  ;413216    ;KOESTLIN       ;        0.16;kg ;        2.09;       13.06;'3856014113574';HRANA;        0.00;        0.00
BREAKFAST BISC.CEREALS & CRANBERRY 160g ;413217    ;KOESTLIN       ;        0.16;kg ;        2.09;       13.06;'3856014113604';HRANA;        0.00;        0.00
DIGESTIVE 400g                          ;436488    ;DUPIN d.o.o. ZAGREB;        0.40;kg ;        3.09;        7.73;'5000396037937';HRANA;        0.00;        0.00
DIGESTIVE 250g                          ;443063    ;DUPIN d.o.o. ZAGREB;        0.25;kg ;        1.84;        7.36;'5000396033373';HRANA;        0.00;        0.00
KRUH PROTEINSKI 250g                    ;447564    ;ENCIAN D.O.O.;        0.25;kg ;        3.10;       12.40;'4000446011376';HRANA;        0.00;        0.00
BREAKFAST BISC.CEREALS&WILDBERRIES 160g ;452028    ;KOESTLIN       ;        0.16;kg ;        2.19;       13.69;'3856014117824';HRANA;        0.00;        0.00
BREAKFAST BISCUIT DOUB.CHOCOLATE 160g   ;452032    ;KOESTLIN       ;        0.16;kg ;        2.09;       13.06;'3856014117886';HRANA;        0.00;        0.00
MISURA KEKS ZOB/JOGURT BŠ 400g          ;508723    ;SALVIA D.O.O.;        0.40;kg ;        3.19;        7.98;'8002590043544';HRANA;        0.00;        0.00
KRUH RAŽENI 3 VRSTE ŽITARICA 500g       ;51628     ;ENCIAN D.O.O.;        0.50;kg ;        2.49;        4.98;'4000446001735';HRANA;        0.00;        0.00
KRUH RAŽENI SA SUNCOKRETOM 500g         ;51629     ;ENCIAN D.O.O.;        0.50;kg ;        2.49;        4.98;'4000446001742';HRANA;        0.00;        0.00
PŠENIÈNE POSIJE PROBAVI ME 250g         ;539787    ;ENCIAN D.O.O.;        0.25;kg ;        2.39;        9.56;'3858890102963';HRANA;        0.00;        0.00
MISURA KEKS KAKAO/RIŽA BMJ 120g         ;540288    ;SALVIA D.O.O.;        0.12;kg ;        1.20;       10.00;'8002590045654';HRANA;        0.00;        0.00
ŠEÆER SMEÐI TAMNI 500g MUSCOVADO        ;54869     ;ENCIAN D.O.O.;        0.50;kg ;        3.95;        7.90;'3859889425063';HRANA;        0.00;        0.00
KANDI TAMNA ÈOKOLADA BŠ 80g             ;572047    ;SAPONIA D.D. OSIJEK;        0.08;kg ;        3.49;       43.63;'3858889868962';HRANA;        0.00;        0.00
PEZ DEKSTROZA ROLLS 39g                 ;573011    ;FILIR D.O.O.;        0.04;kg ;        0.91;       23.33;'9044400806306';HRANA;        0.00;        0.00
MASLAC OD KIKIRIKIJA HRSKAVI 280g       ;595767    ;DUPIN d.o.o. ZAGREB;        0.28;kg ;        3.85;       13.75;'5201044009676';HRANA;        0.00;        0.00
MASLAC OD KIKIRIKIJA GLATKI 280g        ;600208    ;DUPIN d.o.o. ZAGREB;        0.28;kg ;        3.81;       13.61;'5201044009669';HRANA;        0.00;        0.00
ZOBENI KEKS BRUSNICA 50g BOOM BOX       ;604588    ;BOOM BOX       ;        0.05;kg ;        0.99;       19.80;'3858890476835';HRANA;        0.00;        0.00
ZOBENI KEKS KOKOS 50g BOOM BOX          ;604589    ;BOOM BOX       ;        0.05;kg ;        1.19;       23.80;'3858890476866';HRANA;        0.00;        0.00
MISURA KREKERI INTEGRALNI 385g          ;616001    ;SALVIA D.O.O.;        0.39;kg ;        2.99;        7.77;'8002590042745';HRANA;        0.00;        0.00
KEKS SA ZOBENIM PAHULJ.210g WELLNESS    ;616017    ;COCA COLA HBC HRVATSKA D.O.O.;        0.21;kg ;        1.65;        7.86;'8600043030525';HRANA;        0.00;        0.00
KANDIT DARK NO SUGAR ADD.MIX NUTS 80g   ;616330    ;SAPONIA D.D. OSIJEK;        0.08;kg ;        3.49;       43.63;'3856024803694';HRANA;        0.00;        0.00
DIGESTIVE 1000g                         ;618686    ;DUPIN d.o.o. ZAGREB;        1.00;kg ;        5.09;        5.09;'5000396048001';HRANA;        0.00;        0.00
MINI BITES Š.VOÆE/BIJ.ÈOK.20g BOOMBOX   ;634650    ;BOOM BOX       ;        0.02;kg ;        0.59;       29.50;'3856027800553';HRANA;        0.00;        0.00
FRULLA PIRE JABUKA/BOB.VOÆE 100g BIO    ;642128    ;HANAEL FOOD D.O.O.;        0.10;kg ;        1.09;       10.90;'8024985008051';HRANA;        0.00;        0.00
LINO LADA KIKIRIKI MASLAC CREAMY 350g   ;642477    ;PODRAVKA d.d. KOPRIVNICA;        0.35;kg ;        4.29;       12.26;'3856020271077';HRANA;        0.00;        0.00
LINO LADA KIKIRIKI MASLAC CRUNCHY 350g  ;642478    ;PODRAVKA d.d. KOPRIVNICA;        0.35;kg ;        4.29;       12.26;'3856020271107';HRANA;        0.00;        0.00
SIRUP OD JAVORA 250mL DENNREE           ;645430    ;BIOVEGA DOO;        0.25;L  ;        7.19;       28.76;'4021851616925';HRANA;        0.00;        0.00
JAFFA O CAKE NUTRI CRUNCHY CEREAL 115g  ;645531    ;CRVENKA        ;        0.12;kg ;        1.15;       10.00;'8600462042123';HRANA;        0.00;        0.00
FRULLA JABUKA BANANA 100g               ;646389    ;HANAEL FOOD D.O.O.;        0.10;kg ;        1.09;       10.90;'8024985003988';HRANA;        0.00;        0.00
BIO POWER POUCH 200g OPLANT 200g        ;648057    ;O'PLANT        ;        0.20;kg ;        2.15;       10.75;'3856020270575';HRANA;        0.00;        0.00
BIO IMMUNO POUCH OPLANT 200g            ;648058    ;O'PLANT        ;        0.20;kg ;        2.15;       10.75;'3856020270605';HRANA;        0.00;        0.00
BIO FOCUS POUCH OPLANT 200g             ;648059    ;O'PLANT        ;        0.20;kg ;        2.15;       10.75;'3856020270636';HRANA;        0.00;        0.00
BIO REFRESH POUCH OPLANT 200g           ;648060    ;O'PLANT        ;        0.20;kg ;        2.15;       10.75;'3856020272548';HRANA;        0.00;        0.00
DIGESTIVE 133g                          ;648242    ;DUPIN d.o.o. ZAGREB;        0.13;kg ;        1.25;        9.40;'5941664011634';HRANA;        0.00;        0.00
DIGESTIVE 2X400g                        ;650699    ;DUPIN d.o.o. ZAGREB;        0.80;kg ;        4.69;        5.86;'5000396032758';HRANA;        0.00;        0.00
SOK OD ARONIJE 0,75L                    ;650721    ;ENCIAN D.O.O.;        0.75;L  ;        7.49;        9.99;'3858894620340';HRANA;        0.00;        0.00
PIROVO BRAŠNO INTEGRALNO 1kg NUTRIGOLD  ;653702    ;GALLERIA INTERNAZIONALE D.O.O.;        1.00;kg ;        2.19;        2.19;'3858891972473';HRANA;        0.00;        0.00
FRULLA JABUKA MANGO BRESK.100g BIO      ;658099    ;HANAEL FOOD D.O.O.;        0.10;kg ;        1.09;       10.90;'8024985005234';HRANA;        0.00;        0.00
SOK OD MALINA 0,7L FRUCTAL              ;692236    ;ALCA ZAGREB D.O.O.;        0.70;L  ;        4.49;        6.41;'3838945042291';HRANA;        0.00;        0.00
DIGESTIVE BEZ ŠEÆERA 133g               ;692263    ;DUPIN d.o.o. ZAGREB;        0.13;kg ;        1.25;        9.40;'5941664011719';HRANA;        0.00;        0.00
PIROVO BRAŠNO BIJELO 1kg NUTRIGOLD      ;692311    ;GALLERIA INTERNAZIONALE D.O.O.;        1.00;kg ;        2.39;        2.39;'3858891972640';HRANA;        0.00;        0.00
MANITOBA BIJELO PŠ.BRAŠNO T5501KG       ;692312    ;GALLERIA INTERNAZIONALE D.O.O.;        1.00;kg ;        2.25;        2.25;'3858894432820';HRANA;        0.00;        0.00
MANITOBA BRAŠNO PŠ.INTEGRALNO 1kg       ;692313    ;GALLERIA INTERNAZIONALE D.O.O.;        1.00;kg ;        2.25;        2.25;'3858894432837';HRANA;        0.00;        0.00
DIGESTIVE CHOCO 2X200g+ŠALICA           ;692322    ;DUPIN d.o.o. ZAGREB;        0.40;kg ;        4.80;       12.00;'3858890268683';HRANA;        0.00;        0.00
BOOM BOX SMOOTHIE 200g JAB-JAG-BOROVNICA;692368    ;BOOM BOX       ;        0.20;kg ;        2.19;       10.95;'3856027801338';HRANA;        0.00;        0.00
BOOM BOX SMOOTHIE 200g JAB-BRSK.MANG    ;692369    ;BOOM BOX       ;        0.20;kg ;        2.19;       10.95;'3856027801277';HRANA;        0.00;        0.00
BOOM BOX SMOOTHIE 200g JAB-BAN-MARAK    ;692370    ;BOOM BOX       ;        0.20;kg ;        2.19;       10.95;'3856027801987';HRANA;        0.00;        0.00
BOOM BOX SMOOTHIE 200g JAB-KRUŠ-KIWI    ;692371    ;BOOM BOX       ;        0.20;kg ;        2.19;       10.95;'3856027801307';HRANA;        0.00;        0.00
KEKS FO KOKOS IN.OR.50g DUPIN           ;692372    ;DUPIN d.o.o. ZAGREB;        0.05;kg ;        1.39;       27.80;'5900316552239';HRANA;        0.00;        0.00
KEKS FO PROTEIN BROWNIE 50g DUPIN       ;692373    ;DUPIN d.o.o. ZAGREB;        0.05;kg ;        1.39;       27.80;'5900316552178';HRANA;        0.00;        0.00
DIGESTIVE 500g                          ;692401    ;DUPIN d.o.o. ZAGREB;        0.50;kg ;        3.29;        6.58;'5941664012679';HRANA;        0.00;        0.00
DIGESTIVE GINGERBREAD 266g DUPIN        ;692404    ;DUPIN d.o.o. ZAGREB;        0.27;kg ;        3.49;       13.12;'5000168004167';HRANA;        0.00;        0.00
BOBI FLIPS 90g                          ;142917    ;BOBI           ;        0.09;kg ;        0.95;       10.56;'3858891590042';HRANA;        0.00;        0.00
FLIPS SMOKI S KIKIR.40g                 ;209716    ;SOKO ŠTARK     ;        0.04;kg ;        0.49;       12.25;'8600939507070';HRANA;        0.00;        0.00
FLIPS SMOKI S KIKIR.130g                ;209719    ;SOKO ŠTARK     ;        0.13;kg ;        0.00;        7.62;'8600939507087';HRANA;        1.29;        0.99
FLIPS KETCHUP DINI 30g CLIPSY           ;220083    ;CLIPSY         ;        0.03;kg ;        0.99;       33.00;'8606103039255';HRANA;        0.00;        0.00
FLIPS S KIKIRIK.50g KANAAN              ;224540    ;KANAAN d.o.o. M.POREÈ;        0.05;kg ;        0.40;        8.00;'3859888532045';HRANA;        0.00;        0.00
FLIPS S KIKIRIKIJEM 8OG KANAAN          ;240689    ;KANAAN d.o.o. M.POREÈ;        0.08;kg ;        0.50;        6.25;'3859888532090';HRANA;        0.00;        0.00
ÈOKO SMOKI 40g                          ;242656    ;SOKO ŠTARK     ;        0.04;kg ;        0.69;       17.25;'8600939375631';HRANA;        0.00;        0.00
FLIPS SMOKI PARTY PACK 225g             ;291981    ;SOKO ŠTARK     ;        0.23;kg ;        1.99;        8.84;'8600939507094';HRANA;        0.00;        0.00
FLIPS S KIKIRIKIJEM 130g KANAAN         ;512223    ;KANAAN d.o.o. M.POREÈ;        0.13;kg ;        0.80;        6.15;'3859888532083';HRANA;        0.00;        0.00
BOBI FLIPS 40g                          ;516461    ;BOBI           ;        0.04;kg ;        0.56;       14.00;'3858891590004';HRANA;        0.00;        0.00
BOBI FLIPS KIKIRIKI 2X90g 180g          ;517704    ;BOBI           ;        0.18;kg ;        1.90;       10.56;'3858891590325';HRANA;        0.00;        0.00
BOBI PIKANT 70g                         ;521003    ;BOBI           ;        0.07;kg ;        1.09;       15.57;'3858891590080';HRANA;        0.00;        0.00
BOBI FLIPS 40g 2+1 GRATIS               ;524021    ;BOBI           ;        0.12;kg ;        1.04;        8.67;'3858891161297';HRANA;        0.00;        0.00
BOBI PIZZA 70g                          ;526267    ;BOBI           ;        0.07;kg ;        1.09;       15.57;'3858891590103';HRANA;        0.00;        0.00
FLIPS GUSTO 85g                         ;535494    ;GUSTO          ;        0.09;kg ;        0.91;       10.71;'5941868200087';HRANA;        0.00;        0.00
CHIO MINIONS 75g                        ;540873    ;FIBIS D.O.O.;        0.08;kg ;        1.49;       19.87;'9000159732501';HRANA;        0.00;        0.00
FLIPS GUSTO IZNENADJENJE 60g            ;566084    ;GUSTO          ;        0.06;kg ;        1.35;       22.50;'6420211000349';HRANA;        0.00;        0.00
BOBI KUKURUZNI FLIPS 35g                ;566119    ;BOBI           ;        0.04;kg ;        0.43;       12.29;'3858891590967';HRANA;        0.00;        0.00
BOBI KUKURUZNI FLIPS 80g                ;566120    ;BOBI           ;        0.08;kg ;        0.89;       11.13;'3858891590981';HRANA;        0.00;        0.00
FLIPS MAX KISELO VRHNJE 25g             ;581491    ;AWTINTERNATIONAL D.O.O. ZAGREB;        0.03;kg ;        0.69;       27.60;'8606014407464';HRANA;        0.00;        0.00
FLIPS MAX SLATKI CHILI 25g              ;581492    ;AWTINTERNATIONAL D.O.O. ZAGREB;        0.03;kg ;        0.69;       27.60;'8606014407440';HRANA;        0.00;        0.00
POM BAR ORIGINAL 50g                    ;584262    ;FIBIS D.O.O.;        0.05;kg ;        1.19;       23.80;'3856021302718';HRANA;        0.00;        0.00
POM BAR PAPRIKA 50g                     ;584263    ;FIBIS D.O.O.;        0.05;kg ;        1.19;       23.80;'3856021302732';HRANA;        0.00;        0.00
POM BAR KETCHUP 50g                     ;584264    ;FIBIS D.O.O.;        0.05;kg ;        1.19;       23.80;'3856021302756';HRANA;        0.00;        0.00
BOBI VRHNJE I LUK 70g                   ;588748    ;BOBI           ;        0.07;kg ;        1.09;       15.57;'3858891590721';HRANA;        0.00;        0.00
CHIO KROKI KROKET KETCHUP 120g          ;593095    ;CHIO           ;        0.12;kg ;        1.42;       11.83;'3856021303555';HRANA;        0.00;        0.00
CHIO TIP TOP PIZZA 45g                  ;593909    ;FIBIS D.O.O.;        0.05;kg ;        1.07;       23.78;'3856021303746';HRANA;        0.00;        0.00
FLIPS GUSTO PRUTIÆI 60g                 ;595836    ;GUSTO          ;        0.06;kg ;        0.80;       13.33;'5941868202166';HRANA;        0.00;        0.00
CHIO TIP TOP VESELI PRIJATELJI 45g      ;597650    ;FIBIS D.O.O.;        0.00;   ;        1.07;        0.00;'3856021303722';HRANA;        0.00;        0.00
CHIO TIP TOP CUBICS 50g                 ;597653    ;FIBIS D.O.O.;        0.05;kg ;        1.07;       21.40;'3856021303685';HRANA;        0.00;        0.00
CHIO TIP TOP CUBICS 50g KETCHUP         ;597656    ;FIBIS D.O.O.;        0.05;kg ;        1.07;       21.40;'3856021303708';HRANA;        0.00;        0.00
BOBI FLIPS 90g 2+1 GRATIS               ;604688    ;BOBI           ;        0.27;kg ;        2.18;        8.07;'3858891161501';HRANA;        0.00;        0.00
BOBI STIX KETCHUP 35g                   ;605791    ;BOBI           ;        0.04;kg ;        0.49;       14.00;'3858891590479';HRANA;        0.00;        0.00
TIP TOP CUBICS 100g                     ;613652    ;FIBIS D.O.O.;        0.10;kg ;        1.56;       15.60;'3856021303302';HRANA;        0.00;        0.00
BOBI HASHTAG LIKE 70g                   ;615710    ;BOBI           ;        0.07;kg ;        1.09;       15.57;'3858891590141';HRANA;        0.00;        0.00
BOBI STIX PIZZA 35g                     ;615712    ;BOBI           ;        0.04;kg ;        0.50;       14.29;'3858891590844';HRANA;        0.00;        0.00
CHIO CHEESE TUBES 70g                   ;615900    ;FIBIS D.O.O.;        0.00;   ;        1.49;        0.00;'5996253000711';HRANA;        0.00;        0.00
SMOKI 300g XXL                          ;619094    ;SOKO ŠTARK     ;        0.30;kg ;        2.19;        7.30;'8600939508145';HRANA;        0.00;        0.00
CROCO PUFFS 150g                        ;619915    ;MIRNA-VERIS D.O.O.;        0.15;kg ;        1.39;        9.27;'5941194005417';HRANA;        0.00;        0.00
FLIPS CURLY LOOPS 120g                  ;632410    ;ALCA ZAGREB D.O.O.;        0.12;kg ;        1.99;       16.58;'4018077008375';HRANA;        0.00;        0.00
SMOKI POPCORN MIX 90g                   ;632771    ;SOKO ŠTARK     ;        0.09;kg ;        1.16;       12.89;'8600939510667';HRANA;        0.00;        0.00
FLIPS CURLY CLASSIC 120g                ;632925    ;ALCA ZAGREB D.O.O.;        0.12;kg ;        1.99;       16.58;'4018077006654';HRANA;        0.00;        0.00
POM BAR SOUR CREAM 50g                  ;633451    ;FIBIS D.O.O.;        0.05;kg ;        1.19;       23.80;'3856021302770';HRANA;        0.00;        0.00
DINOS FLIPS KEÈAP 25g                   ;639652    ;MIRNA-VERIS D.O.O.;        0.03;kg ;        0.49;       19.60;'3905350810781';HRANA;        0.00;        0.00
CHIO KROKI KROKET KETCHUP 110g          ;641364    ;CHIO           ;        0.11;kg ;        1.49;       13.55;'3856021305252';HRANA;        0.00;        0.00
FLIPS XXL GUSTO PIZZA 300g              ;647550    ;GUSTO          ;        0.30;kg ;        2.99;        9.97;'5941868208489';HRANA;        0.00;        0.00
CHIO TIP TOP CUBICS 2X100g              ;650696    ;FIBIS D.O.O.;        0.00;   ;        2.79;        0.00;'3856021307430';HRANA;        0.00;        0.00
CLIPSY MAX PILETINA 110g                ;652179    ;CLIPSY         ;        0.11;kg ;        1.99;       18.09;'8606033741600';HRANA;        0.00;        0.00
FLIPS MAX PILETINA 30g                  ;652405    ;AWTINTERNATIONAL D.O.O. ZAGREB;        0.03;kg ;        0.99;       33.00;'8606033741570';HRANA;        0.00;        0.00
FLIPS CLIPSY HOT DOG 30g                ;652547    ;CLIPSY         ;        0.03;kg ;        0.99;       33.00;'8606033741808';HRANA;        0.00;        0.00
FLIPS MB CLIPSY MIX 150g                ;652548    ;CLIPSY         ;        0.15;L  ;        2.00;       13.33;'8606033741464';HRANA;        0.00;        0.00
FLIPS CLIPSY KIKIRIKI 50g               ;652549    ;CLIPSY         ;        0.05;kg ;        0.49;        9.80;'8606033741440';HRANA;        0.00;        0.00
POM BAR ORIGINAL 150g                   ;654347    ;FIBIS D.O.O.;        0.15;kg ;        2.28;       15.20;'3856021307584';HRANA;        0.00;        0.00
CHIO TIP TOP FRIED CHICKEN 45g          ;656203    ;CHIO           ;        0.04;kg ;        1.09;       27.25;'3856021307546';HRANA;        0.00;        0.00
CHIO TIP TOP BIG PEP 40g                ;656205    ;CHIO           ;        0.04;kg ;        1.09;       27.25;'3856021307560';HRANA;        0.00;        0.00
SMOKI WOW KIKIRIKI 70g                  ;656940    ;ATLANTIC TRADE d.o.o.;        0.07;kg ;        1.29;       18.43;'8600939508176';HRANA;        0.00;        0.00
SMOKI WOW ÈOKOLADA 70g                  ;656941    ;ATLANTIC TRADE d.o.o.;        0.07;kg ;        1.29;       18.43;'8600939508183';HRANA;        0.00;        0.00
BOBI RINGS KIKIRIKI 70g                 ;658476    ;BOBI           ;        0.07;kg ;        1.09;       15.57;'3858891591285';HRANA;        0.00;        0.00
FLIPS CLIPSY MIX II 150g                ;658608    ;CLIPSY         ;        0.15;kg ;        2.00;       13.33;'8606033741495';HRANA;        0.00;        0.00
FLIPS GUSTO HOT RINGS 300g              ;658766    ;MIRNA-VERIS D.O.O.;        0.00;   ;        2.99;        0.00;'5941868209981';HRANA;        0.00;        0.00
FLIPS MONSTER MUNCH PAPRIKA 75g         ;662992    ;ALCA ZAGREB D.O.O.;        0.07;kg ;        1.99;       28.43;'4018077634970';HRANA;        0.00;        0.00
FLIPS MONSTER MUNCH ORIGINAL 75g        ;662993    ;ALCA ZAGREB D.O.O.;        0.08;kg ;        1.99;       26.53;'4018077632006';HRANA;        0.00;        0.00
KUTIJA ZIMSKE ÈAROLIJE 479,50g          ;664149    ;FILIR D.O.O.;        0.48;kg ;        6.59;       13.73;'3858891166322';HRANA;        0.00;        0.00
KVIKI PERECI 50g                        ;02023     ;KVIKI          ;        0.05;kg ;        0.79;       15.80;'3850104007200';HRANA;        0.00;        0.00
KVIKI PERECI 100g                       ;02029     ;KVIKI          ;        0.10;kg ;        1.09;       10.90;'3850104007217';HRANA;        0.00;        0.00
KVIKI PERECI 200g                       ;02030     ;KVIKI          ;        0.20;kg ;        1.81;        9.05;'3850104007224';HRANA;        0.00;        0.00
KVIKI RIBICE 100g                       ;02034     ;KVIKI          ;        0.10;kg ;        1.09;       10.90;'3850104007613';HRANA;        0.00;        0.00
KVIKI GRIC 50g SLANI PODRAVKA           ;03049     ;KVIKI          ;        0.05;kg ;        0.89;       17.80;'3850104007781';HRANA;        0.00;        0.00
KVIKI ŠTAPIÆI 100g                      ;06750     ;KVIKI          ;        0.10;kg ;        1.09;       10.90;'3850104007293';HRANA;        0.00;        0.00
KVIKI SLANI ŠTAPIÆI 50g                 ;06752     ;KVIKI          ;        0.05;kg ;        0.79;       15.80;'3850104007309';HRANA;        0.00;        0.00
KREKER SLANI 250g CRICH IVOX            ;107862    ;POHIT d.o.o.;        0.25;kg ;        1.56;        6.24;'8008620009313';HRANA;        0.00;        0.00
KREKER INTEGRALNI 250g CRICH IVOX       ;107863    ;POHIT d.o.o.;        0.25;kg ;        1.59;        6.36;'8008620009337';HRANA;        0.00;        0.00
ŠTAPIÆI SA SEZAMOM 125g ULKER           ;108671    ;FILIR D.O.O.;        0.15;kg ;        1.59;       10.60;'8690504011750';HRANA;        0.00;        0.00
KREKERI PAVESI SLANI 250g AWT           ;195794    ;MULINO BIANCO  ;        0.25;kg ;        2.09;        8.36;'8013355998542';HRANA;        0.00;        0.00
KREKERI PAVESI NESLANI 250g AWT         ;195795    ;MULINO BIANCO  ;        0.25;kg ;        2.09;        8.36;'8013355500752';HRANA;        0.00;        0.00
KVIKI ŠTAPIÆI 220g PODRAVKA             ;201515    ;KVIKI          ;        0.22;kg ;        1.94;        8.82;'3850104224966';HRANA;        0.00;        0.00
KVIKI MAXI ŠTAP.S KIK.190g              ;226444    ;KVIKI          ;        0.19;kg ;        1.81;        9.53;'3850104235283';HRANA;        0.00;        0.00
CROCO MIX KREKERI&PERECI 500g           ;312580    ;MIRNA-VERIS D.O.O.;        0.50;kg ;        2.60;        5.20;'5941194000917';HRANA;        0.00;        0.00
CROCO KREKERI PIZZA 400g                ;324534    ;CROCO          ;        0.40;kg ;        2.29;        5.73;'5941194000078';HRANA;        0.00;        0.00
TAK CLASSIC SLANI KREKER 100g           ;331143    ;ALCA ZAGREB D.O.O.;        0.10;kg ;        0.89;        8.90;'8600114001720';HRANA;        0.00;        0.00
PRIMA ŠTAPIÆI SLANI 40g                 ;367122    ;SOKO ŠTARK     ;        0.04;kg ;        0.40;       10.00;'8600939212257';HRANA;        0.00;        0.00
CROCO BIG KREKERI 200g                  ;377033    ;MIRNA-VERIS D.O.O.;        0.20;kg ;        1.25;        6.25;'5941194002553';HRANA;        0.00;        0.00
CROCO KREKERI PIZZA 100g                ;399005    ;CROCO          ;        0.10;KOM;        0.63;        6.30;'5941194000252';HRANA;        0.00;        0.00
PRIMA ŠTAPIÆI SLANI 220g                ;399057    ;SOKO ŠTARK     ;        0.22;kg ;        1.26;        5.73;'8600939212271';HRANA;        0.00;        0.00
PRIMA ŠTAPIÆI KIKIRIKI 100g             ;399058    ;SOKO ŠTARK     ;        0.10;kg ;        0.98;        9.80;'8600939212295';HRANA;        0.00;        0.00
CROCO SIR 400g                          ;399070    ;CROCO          ;        0.40;kg ;        2.43;        6.08;'5941194000085';HRANA;        0.00;        0.00
PRIMA ŠTAPIÆI KIKIRIKI 230g             ;403627    ;SOKO ŠTARK     ;        0.23;kg ;        1.71;        7.43;'8600939212448';HRANA;        0.00;        0.00
TUC SALT ORIGINAL 100g                  ;405092    ;MONDELEZ       ;        0.10;L  ;        1.15;       11.50;'5410041435702';HRANA;        0.00;        0.00
TUC BACON 100g                          ;405093    ;MONDELEZ       ;        0.10;kg ;        1.15;       11.50;'7622300570293';HRANA;        0.00;        0.00
TUC CHEESE/SIR 100g                     ;405094    ;MONDELEZ       ;        0.10;kg ;        1.15;       11.50;'5998711388928';HRANA;        0.00;        0.00
CROCO KREKER SLANI 400g                 ;405517    ;CROCO          ;        0.40;kg ;        2.38;        5.95;'5941194000061';HRANA;        0.00;        0.00
TUC PAPRIKA 100g                        ;416000    ;MONDELEZ       ;        0.10;kg ;        1.15;       11.50;'5410041435900';HRANA;        0.00;        0.00
TUC ONION 100g                          ;416001    ;MONDELEZ       ;        0.10;kg ;        1.15;       11.50;'5998711388935';HRANA;        0.00;        0.00
SALTAS ŠTAPIÆI KIKIRIKI 4PACK 160g      ;417381    ;SALTAS         ;        0.16;kg ;        1.80;       11.25;'3856014114205';HRANA;        0.00;        0.00
CROCO MIX 750g                          ;418075    ;MIRNA-VERIS D.O.O.;        0.75;kg ;        3.69;        4.92;'5941194002263';HRANA;        0.00;        0.00
CROCO SLANI ŠTAPIÆI 250g                ;419000    ;CROCO          ;        0.25;kg ;        1.49;        5.96;'5941194001563';HRANA;        0.00;        0.00
SLANI ŠTAPIÆI SALTAS 45g                ;419001    ;SALTAS         ;        0.05;kg ;        0.45;       10.00;'3856014112881';HRANA;        0.00;        0.00
SLANI ŠTAPIÆI SALTAS 220g               ;419003    ;SALTAS         ;        0.22;kg ;        1.76;        8.00;'3856014112850';HRANA;        0.00;        0.00
CROCO MIX 250g                          ;419061    ;CROCO          ;        0.25;kg ;        1.30;        5.20;'5941194002423';HRANA;        0.00;        0.00
SALTAS ŠTAPIÆI KIKIRIKI 100g            ;512948    ;SALTAS         ;        0.10;kg ;        1.20;       12.00;'3856014115332';HRANA;        0.00;        0.00
SALTAS SLANI PERECI 100g                ;512952    ;SALTAS         ;        0.10;kg ;        0.89;        8.90;'3856014115394';HRANA;        0.00;        0.00
SALTAS SLANI ŠTAPIÆI 90g                ;512953    ;SALTAS         ;        0.09;kg ;        0.89;        9.89;'3856014117275';HRANA;        0.00;        0.00
BOBI RIBICE 50g                         ;520289    ;FILIR D.O.O.;        0.05;kg ;        0.56;       11.20;'3858891590226';HRANA;        0.00;        0.00
TAK SLANI KREKER CLASSIC 200g           ;521737    ;ALCA ZAGREB D.O.O.;        0.20;kg ;        1.43;        7.15;'8600114001737';HRANA;        0.00;        0.00
BOBI RIBICE 100g                        ;522534    ;FILIR D.O.O.;        0.10;kg ;        1.05;       10.50;'3858891590745';HRANA;        0.00;        0.00
ELEPHANT SLANO PECIVO 80g               ;550982    ;ELEPHANT       ;        0.08;kg ;        0.99;       12.38;'5949040201044';HRANA;        0.00;        0.00
ELEPHANT SLANO PECIVO SEZAM 80g         ;550983    ;ELEPHANT       ;        0.08;kg ;        0.99;       12.38;'5949040201068';HRANA;        0.00;        0.00
CROCO SLANI 150g                        ;566082    ;CROCO          ;        0.15;kg ;        0.99;        6.60;'5941194003499';HRANA;        0.00;        0.00
CROCO SEZAM 150g                        ;566083    ;CROCO          ;        0.15;kg ;        0.99;        6.60;'5941194003529';HRANA;        0.00;        0.00
KVIKI GRIC 200g                         ;567540    ;KVIKI          ;        0.20;kg ;        1.99;        9.95;'3856020225643';HRANA;        0.00;        0.00
ULKER ŠTAPIÆI SA SEZAMOM 40g            ;575619    ;FILIR D.O.O.;        0.15;kg ;        0.53;        3.53;'8690504018087';HRANA;        0.00;        0.00
ELEPHANT MED,SENF I LUK 70g             ;576069    ;ELEPHANT       ;        0.07;kg ;        0.99;       14.14;'5949040202058';HRANA;        0.00;        0.00
ELEPHANT PECIVO RAJÈICA I ZAÈIN 70g     ;583333    ;ELEPHANT       ;        0.07;kg ;        0.99;       14.14;'5949040203000';HRANA;        0.00;        0.00
BOBI RIBICE 200g                        ;584166    ;FILIR D.O.O.;        0.20;kg ;        1.85;        9.25;'3858891590240';HRANA;        0.00;        0.00
CHIO MAXI MIX 200g**                    ;597953    ;CHIO           ;        0.20;kg ;        2.08;       10.40;'5996253000841';HRANA;        0.00;        0.00
CHIO KREKERI 100g                       ;597986    ;CHIO           ;        0.10;kg ;        1.18;       11.80;'4000522060731';HRANA;        0.00;        0.00
PRIMA ŠTAPIÆI KIKIRIKI 40g              ;598181    ;SOKO ŠTARK     ;        0.04;kg ;        0.56;       14.00;'8600939212844';HRANA;        0.00;        0.00
ELEPHANT MJEŠAVINA SJEMENKI 80g         ;605982    ;ELEPHANT       ;        0.08;kg ;        0.99;       12.38;'5949040201129';HRANA;        0.00;        0.00
KVIKI MAXI PERECI CHIA 200g             ;615406    ;KVIKI          ;        0.20;kg ;        1.49;        7.45;'3856020255039';HRANA;        0.00;        0.00
KVIKI MAXI PERECI LAN 200g              ;615407    ;KVIKI          ;        0.20;kg ;        1.49;        7.45;'3856020255008';HRANA;        0.00;        0.00
KVIKI MAXI PERECI SLANI 200g            ;615408    ;KVIKI          ;        0.20;kg ;        1.49;        7.45;'3856020254889';HRANA;        0.00;        0.00
ULKER ŠTAPIÆI CLIP SA SIROM 100g        ;615709    ;FILIR D.O.O.;        0.10;kg ;        1.31;       13.10;'5941664000416';HRANA;        0.00;        0.00
CHIO PERECI 80g                         ;616226    ;CHIO           ;        0.08;kg ;        1.19;       14.88;'4000522060311';HRANA;        0.00;        0.00
CHIO MAXI MIX 100g                      ;616227    ;CHIO           ;        0.10;kg ;        1.18;       11.80;'4000522060915';HRANA;        0.00;        0.00
ELEPHANT TWIST MORSKA SOL I MED 160g    ;617102    ;ELEPHANT       ;        0.16;KOM;        1.65;       10.31;'5949040203482';HRANA;        0.00;        0.00
ELEPHANT TWIST RAJÈICA IKIM 160g        ;617103    ;ELEPHANT       ;        0.16;kg ;        1.65;       10.31;'5949040203673';HRANA;        0.00;        0.00
TAK MULTIGRAIN KREKER CLASIC 115g       ;619253    ;ALCA ZAGREB D.O.O.;        0.12;kg ;        1.10;        9.57;'8600114009474';HRANA;        0.00;        0.00
TAK MULTIGRAIN KREKER CORN 135g         ;619254    ;ALCA ZAGREB D.O.O.;        0.14;kg ;        1.09;        8.07;'8600462041973';HRANA;        0.00;        0.00
TAK MULTIGRAIN KREKER NORDIC 125g       ;619255    ;ALCA ZAGREB D.O.O.;        0.13;kg ;        1.09;        8.72;'8600462041959';HRANA;        0.00;        0.00
KREKER MANJE SOLI 250g CRICH            ;633431    ;POHIT d.o.o.;        0.25;kg ;        1.59;        6.36;'8008620009320';HRANA;        0.00;        0.00
CHIO ŠTAPIÆI 190g                       ;634107    ;CHIO           ;        0.19;kg ;        1.99;       10.47;'5996253001541';HRANA;        0.00;        0.00
CHIO ŠTAPIÆI 40g                        ;634108    ;CHIO           ;        0.04;kg ;        0.49;       12.25;'4000522061653';HRANA;        0.00;        0.00
PARDON ŠTAPIÆI KIKIRIKI 210g            ;634159    ;PARDON         ;        0.21;kg ;        1.96;        9.33;'8606017378822';HRANA;        0.00;        0.00
PARDON ŠTAPIÆI KIKIRIKI 100g            ;634979    ;PARDON         ;        0.10;kg ;        1.15;       11.50;'8606017378808';HRANA;        0.00;        0.00
ELEPHANT TWIST KAR LUK 160g             ;636784    ;ELEPHANT       ;        0.16;kg ;        1.79;       11.19;'5949040203505';HRANA;        0.00;        0.00
KVIKI KREKERI SLANI 120g                ;642993    ;KVIKI          ;        0.12;kg ;        1.29;       10.75;'3856020270452';HRANA;        0.00;        0.00
KVIKI KREKER MEDITERAN 120g             ;642994    ;KVIKI          ;        0.12;kg ;        1.29;       10.75;'3856020270483';HRANA;        0.00;        0.00
SALTAS ŠTAPIÆI KIKIRIKI 270g XXXL       ;645159    ;SALTAS         ;        0.27;kg ;        2.19;        8.11;'3856014107078';HRANA;        0.00;        0.00
KREKERI MORSKA SOL**                    ;646226    ;BOOM BOX       ;        0.07;kg ;        0.99;       14.14;'3856027801390';HRANA;        0.00;        0.00
PARDON ŠTAPIÆ PUNJENI S KIKIRIKIJEM 40g ;647307    ;PARDON         ;        0.04;kg ;        0.45;       11.25;'8606017374251';HRANA;        0.00;        0.00
CROCO MIX 1,5kg                         ;650234    ;CROCO          ;        1.50;kg ;        6.49;        4.33;'5941194002713';HRANA;        0.00;        0.00
KVIKI PERECI 300g XXL                   ;650241    ;KVIKI          ;        0.30;kg ;        1.99;        6.63;'3856020273750';HRANA;        0.00;        0.00
SALTAS KREKERI MORSKA SOL 100g          ;652091    ;SALTAS         ;        0.10;kg ;        0.95;        9.50;'3856014107542';HRANA;        0.00;        0.00
SALTAS KREKERI SLANINA 100g             ;652092    ;SALTAS         ;        0.10;kg ;        0.95;        9.50;'3856014107573';HRANA;        0.00;        0.00
ELEPHANT KOMADIÆI SPIRACHA CHEESE 125g  ;653725    ;ELEPHANT       ;        0.13;kg ;        1.89;       15.12;'5949040203567';HRANA;        0.00;        0.00
KREKERI SLANI 400g SAVI                 ;654611    ;SLI-MET D.O.O.;        0.40;kg ;        1.99;        4.98;'3800082907573';HRANA;        0.00;        0.00
KREKERI PIZZA 400g SAVI                 ;654612    ;SLI-MET D.O.O.;        0.40;kg ;        1.99;        4.98;'3800082907542';HRANA;        0.00;        0.00
KVIKI GRIC VRHNJE I LUK 50g             ;655342    ;KVIKI          ;        0.05;kg ;        0.89;       17.80;'3856020276607';HRANA;        0.00;        0.00
KVIKI ŠTAPIÆI KIKIRIKI 90g              ;655343    ;KVIKI          ;        0.09;kg ;        0.99;       11.00;'3856020278038';HRANA;        0.00;        0.00
SALTAS KREKERI PAPRIKA 100g             ;656822    ;SALTAS         ;        0.10;kg ;        0.95;        9.50;'3856014107603';HRANA;        0.00;        0.00
SALTAS PERECI MORSKA SOL 180g           ;656823    ;SALTAS         ;        0.18;kg ;        1.59;        8.83;'3856014107450';HRANA;        0.00;        0.00
ELEPHANT CHILI I LIMETA 70g             ;658861    ;ELEPHANT       ;        0.07;kg ;        0.99;       14.14;'5949040204847';HRANA;        0.00;        0.00
ELEPHANT KOMADIÆI MED,SENF I LUK 125g   ;660970    ;ELEPHANT       ;        0.13;kg ;        1.89;       15.12;'5949040203529';HRANA;        0.00;        0.00
ELEPHANT KOMADIÆI GLAZED BARBECEU 125g  ;661111    ;ELEPHANT       ;        0.13;kg ;        1.89;       15.12;'5941035012642';HRANA;        0.00;        0.00
GRISINI S EXTRA DJE.MASL. ULJEM 230g    ;662332    ;AWTINTERNATIONAL D.O.O. ZAGREB;        0.23;kg ;        3.59;       15.61;'8076809527569';HRANA;        0.00;        0.00
INDIJSKI ORAH 150g NATURA               ;128307    ;NATURA         ;        0.15;kg ;        3.98;       26.53;'3859890587224';HRANA;        0.00;        0.00
TIKVINE KOŠTICE OLJUŠ.200g KRESTO       ;315882    ;ANPEK D.O.O.;        0.20;kg ;        1.99;        9.95;'3858882290562';HRANA;        0.00;        0.00
KIKIRIKI SLANI PRŽENI 200g NATURA       ;331429    ;NATURA         ;        0.20;kg ;        1.79;        8.95;'3859891427451';HRANA;        0.00;        0.00
SUNCOKRET SJEMENKE 150g NATURA          ;361092    ;NATURA         ;        0.15;kg ;        0.95;        6.33;'3859891427666';HRANA;        0.00;        0.00
BUÈINE SJEMENKE 150g NATURA             ;521906    ;NATURA         ;        0.15;kg ;        1.99;       13.27;'3859892798475';HRANA;        0.00;        0.00
BUÈINE GOLICE 150g NATURA               ;521919    ;NATURA         ;        0.15;kg ;        1.99;       13.27;'3859892798796';HRANA;        0.00;        0.00
PISTACIJA 150g NATURA                   ;521920    ;NATURA         ;        0.15;kg ;        3.89;       25.93;'3859892798826';HRANA;        0.00;        0.00
KIKIRIKI U LJUSCI PEÈENI 400g NATURA    ;521924    ;NATURA         ;        0.40;kg ;        2.65;        6.63;'3859892798901';HRANA;        0.00;        0.00
BADEM PEÈENI SLANI 100g NATURA          ;537979    ;NATURA         ;        0.10;kg ;        2.79;       27.90;'3859892798871';HRANA;        0.00;        0.00
KIKIRIKI SLANI PRŽENI 85g MOGYI         ;560012    ;MOGYI          ;        0.05;kg ;        0.89;       17.80;'5997347541974';HRANA;        0.00;        0.00
KIKIRIKI PRŽ.HRSK. ÈILI 60g             ;560013    ;FILIR D.O.O.;        0.06;kg ;        0.86;       14.33;'5997347542049';HRANA;        0.00;        0.00
SUNCOKRETOVE SJEMENKE SLANE 60g         ;560014    ;FILIR D.O.O.;        0.06;kg ;        0.57;        9.50;'5997347555568';HRANA;        0.00;        0.00
SUNCOKRETOVE SJEMENKE PRŽ.SLANE 100g    ;560015    ;FILIR D.O.O.;        0.10;kg ;        1.39;       13.90;'5997347544395';HRANA;        0.00;        0.00
INDIJSKI ORAH PEÈENI SLANI 100g NATURA  ;566094    ;NATURA         ;        0.10;kg ;        0.00;       18.90;'3859892798802';HRANA;        2.19;        1.89
KIKIRIKI OLJUŠTENI PEÈENI NESLANI 200g  ;566095    ;MARJAN-VOÆE d.o.o.ZAGREB;        0.20;kg ;        1.46;        7.30;'3859893124730';HRANA;        0.00;        0.00
KIKIRIKI SUH.PR.AROMA V.250g            ;566167    ;FIBIS D.O.O.;        0.25;kg ;        2.69;       10.76;'3856021302275';HRANA;        0.00;        0.00
KIKIRIKI SUHOPRŽENI SPICY 125g          ;566695    ;FIBIS D.O.O.;        0.13;kg ;        1.59;       12.72;'3856021302299';HRANA;        0.00;        0.00
KIKIRIKI PRŽEN U ULJU 500g              ;567835    ;FIBIS D.O.O.;        0.50;kg ;        4.49;        8.98;'3856021302237';HRANA;        0.00;        0.00
KIKIRIKI SUHOPRŽENI AROM.125g           ;567916    ;FIBIS D.O.O.;        0.13;kg ;        1.59;       12.72;'3856021302251';HRANA;        0.00;        0.00
KIKIRIKI PRŽEN PRŽEN U ULJU SLANI 250g  ;568098    ;FIBIS D.O.O.;        0.25;kg ;        2.69;       10.76;'3856021302190';HRANA;        0.00;        0.00
PARTY MIX 150g NATURA                   ;580741    ;NATURA         ;        0.15;kg ;        2.83;       18.87;'3859893512032';HRANA;        0.00;        0.00
GOLDEN MIX 70g NATURA                   ;600398    ;NATURA         ;        0.07;kg ;        1.55;       22.14;'3859893512568';HRANA;        0.00;        0.00
INDIJSKI ORAH JEZGRA SLANI 60g NATURA   ;600399    ;NATURA         ;        0.06;kg ;        1.46;       24.33;'3859893512582';HRANA;        0.00;        0.00
PISTACIJA PEÈENA SLANA 50g NATURA       ;600401    ;NATURA         ;        0.05;kg ;        1.45;       29.00;'3859893512629';HRANA;        0.00;        0.00
KIKIRIKI OLJUŠTENI SLANI 500g           ;605966    ;MARJAN-VOÆE d.o.o.ZAGREB;        0.50;kg ;        2.89;        5.78;'3858893920168';HRANA;        0.00;        0.00
KIKIRIKI PRŽEN U ULJU SLANI 125g        ;616528    ;FIBIS D.O.O.;        0.13;kg ;        1.59;       12.72;'3856021305214';HRANA;        0.00;        0.00
PISTACIJA NUTLINE 125g                  ;617043    ;FIBIS D.O.O.;        0.13;kg ;        4.19;       33.52;'5941445676229';HRANA;        0.00;        0.00
MOGYI CRASSH KIKIRIKI VRHNJE 60g        ;632918    ;MOGYI          ;        0.06;kg ;        0.86;       14.33;'5997347542902';HRANA;        0.00;        0.00
MOGYI PRŽENE SLANE SJEMENKE BUNDEVE 50g ;632919    ;MOGYI          ;        0.05;kg ;        0.80;       16.00;'5997347555599';HRANA;        0.00;        0.00
MOGYI PRŽENI SLANI KUKURUZ 55g          ;632920    ;MOGYI          ;        0.00;kg ;        0.76;        0.00;'5997347540151';HRANA;        0.00;        0.00
MOGYI CRASSH KIKIRIKI SIR 60g           ;640194    ;MOGYI          ;        0.06;kg ;        0.86;       14.33;'5997347541295';HRANA;        0.00;        0.00
MOGYI CRASSH KIKIRIKI ŠUNKA 120g        ;640195    ;MOGYI          ;        0.12;kg ;        1.55;       12.92;'5997347540564';HRANA;        0.00;        0.00
MOGYI CRASSH KIKIRIKI VRH.ILUK 120g     ;640196    ;MOGYI          ;        0.12;kg ;        1.55;       12.92;'5997347540557';HRANA;        0.00;        0.00
KIKIRIKI PEÈENI NESLANI 500g            ;640683    ;MARJAN-VOÆE d.o.o.ZAGREB;        0.50;kg ;        2.89;        5.78;'3858893921226';HRANA;        0.00;        0.00
KIKIRIKI NESLANI 125g                   ;645748    ;FIBIS D.O.O.;        0.00;   ;        1.59;        0.00;'3856021306174';HRANA;        0.00;        0.00
MOGYI CRASSH KIKIRIKI 60g WASABI        ;650189    ;MOGYI          ;        0.06;kg ;        0.86;       14.33;'5997347541301';HRANA;        0.00;        0.00
MOGYI PRŽENE SLANE SUNCOKR.SJEM.150g    ;650191    ;MOGYI          ;        0.15;kg ;        1.09;        7.27;'5997347542711';HRANA;        0.00;        0.00
MOGYI FIT MIX 70g                       ;650192    ;MOGYI          ;        0.07;kg ;        1.39;       19.86;'5997347540281';HRANA;        0.00;        0.00
MOGYI PROTEIN MIX 70g                   ;650193    ;MOGYI          ;        0.07;kg ;        1.39;       19.86;'5997347540052';HRANA;        0.00;        0.00
KIKIRIKI EXTRA PRŽENI SLANI 250g        ;650213    ;FIBIS D.O.O.;        0.25;kg ;        2.69;       10.76;'3856021306198';HRANA;        0.00;        0.00
STUDENTSKI MIX MOGYI 150g XXL           ;650363    ;MOGYI          ;        0.15;kg ;        1.95;       13.00;'5997347540021';HRANA;        0.00;        0.00
MOGYI SUHO PRŽENI SLANI KIKIRIKI 150g   ;653726    ;MOGYI          ;        0.15;kg ;        1.39;        9.27;'5997347540236';HRANA;        0.00;        0.00
KIKIRIKI MED I SENF 150g POLLITO**      ;653882    ;VAMVALIS       ;        0.15;kg ;        1.39;        9.27;'5201044009447';HRANA;        0.00;        0.00
FIT MIX MOGYI 150g                      ;653900    ;MOGYI          ;        0.15;kg ;        1.95;       13.00;'5997347539797';HRANA;        0.00;        0.00
PROTEIN MIX MOGYI 150g                  ;653903    ;MOGYI          ;        0.15;kg ;        1.99;       13.27;'5997347539803';HRANA;        0.00;        0.00
JUMBO KARAMELA MIX 75g                  ;656146    ;JUMBO          ;        0.08;kg ;        1.69;       22.53;'8606015855509';HRANA;        0.00;        0.00
JUMBO ÈOKO MIX 75g                      ;656147    ;JUMBO          ;        0.08;kg ;        1.69;       22.53;'8606015855523';HRANA;        0.00;        0.00
JUMBO BEER MIX 180g                     ;656148    ;JUMBO          ;        0.18;kg ;        2.49;       13.83;'8606015859330';HRANA;        0.00;        0.00
STUDENTSKI MIX 70g                      ;660090    ;FILIR D.O.O.;        0.07;kg ;        1.19;       17.00;'5997347540298';HRANA;        0.00;        0.00
MOGYI VITAL MIX 55g                     ;662709    ;FILIR D.O.O.;        0.06;kg ;        1.39;       25.27;'5997347539667';HRANA;        0.00;        0.00
MOGYI ENERGY MIX 55g                    ;662710    ;FILIR D.O.O.;        0.06;kg ;        1.39;       25.27;'5997347539674';HRANA;        0.00;        0.00
LIZLI ÈOK.LIZALJKA 15g KRAŠ             ;01627     ;KRAŠ Ž.CARSTVO ;        0.02;kg ;        0.69;       46.00;'38500633';HRANA;        0.00;        0.00
KINDER JAJE SURPRISE 20g                ;01785     ;FERRERO        ;        0.02;kg ;        0.00;       62.50;'40084107';HRANA;        1.49;        1.25
KINDER DUPLO 26g                        ;01788     ;FERRERO        ;        0.03;kg ;        0.99;       38.08;'80052357';HRANA;        0.00;        0.00
TORTICA ÈOKOLADNA 25g KRAŠ              ;03254     ;KRAŠ TORTICA   ;        0.03;kg ;        0.55;       22.00;'3850102320011';HRANA;        0.00;        0.00
KINDER ÈOKOLADA 50g                     ;03479     ;FERRERO        ;        0.05;kg ;        1.25;       25.00;'80177609';HRANA;        0.00;        0.00
TOBLERONE 35g S MEDOM I BADEMIMA        ;04628     ;MONDELEZ       ;        0.04;kg ;        1.09;       31.14;'76145759';HRANA;        0.00;        0.00
KINDER JAJE JOY 20g                     ;103215    ;FERRERO        ;        0.02;kg ;        1.69;       84.50;'80310891';HRANA;        0.00;        0.00
KIT KAT CHUNKY 40g                      ;156423    ;KITKAT         ;        0.05;kg ;        1.25;       27.17;'3800020415627';HRANA;        0.00;        0.00
RAFFAELLO 40g 1*16*4                    ;156429    ;FERRERO        ;        0.04;kg ;        1.29;       32.25;'5413548040639';HRANA;        0.00;        0.00
POCKET COFFE T5*12*6 62g                ;169328    ;FERRERO        ;        0.06;kg ;        1.90;       30.65;'80135944';HRANA;        0.00;        0.00
KINDER BUENO 43g                        ;18295     ;FERRERO        ;        0.04;kg ;        1.29;       30.00;'80052760';HRANA;        0.00;        0.00
ÈOK.JAJE CURE 20g                       ;199102    ;DUPIN d.o.o. ZAGREB;        0.02;kg ;        1.10;       55.00;'80712756';HRANA;        0.00;        0.00
ÈOKOLADNO JAJE DEÈKI HOT WHEELS 20g     ;220426    ;DUPIN d.o.o. ZAGREB;        0.02;kg ;        1.19;       59.50;'80737797';HRANA;        0.00;        0.00
FERERO ROCHER T 4X16                    ;228298    ;FERRERO        ;        0.05;kg ;        0.00;       29.80;'80177043';HRANA;        1.50;        1.49
KIT KAT MINI VREÆICA 200g               ;290212    ;KITKAT         ;        0.20;kg ;        4.65;       23.25;'5000189974579';HRANA;        0.00;        0.00
BANANICA 25g                            ;311315    ;ATLANTIC TRADE d.o.o.;        0.03;kg ;        0.26;       10.40;'86006675';HRANA;        0.00;        0.00
RUM PLOÈICE  45g                        ;317295    ;KANDIT         ;        0.05;kg ;        0.76;       16.89;'3858881042186';HRANA;        0.00;        0.00
KINDER BUENO WHITE 39g                  ;345705    ;FERRERO        ;        0.04;kg ;        1.29;       33.08;'80761761';HRANA;        0.00;        0.00
BANANKO 30g KRAŠ                        ;354636    ;BANANKO        ;        0.03;kg ;        0.55;       18.33;'3850102127252';HRANA;        0.00;        0.00
RUM PLOÈICE 4PACK 180g                  ;365955    ;KANDIT         ;        0.18;kg ;        0.00;       10.50;'3858881042780';HRANA;        1.99;        1.89
KINDER SUPRISE LEI T1X72 20g            ;373165    ;FERRERO        ;        0.02;kg ;        0.00;       62.50;'54088191';HRANA;        1.49;        1.25
KANDI EKSTRA 30g                        ;395593    ;KANDIT         ;        0.03;kg ;        0.42;       14.00;'3858881047259';HRANA;        0.00;        0.00
KANDI KOKOS 30g                         ;395595    ;KANDIT         ;        0.03;kg ;        0.42;       14.00;'3858881047242';HRANA;        0.00;        0.00
KANDI LJEŠNJAK 35g                      ;395603    ;KANDIT         ;        0.04;kg ;        0.42;       12.00;'3858881047280';HRANA;        0.00;        0.00
KANDI KIKIRIKI 35g                      ;395843    ;KANDIT         ;        0.04;kg ;        0.42;       12.00;'3858881047266';HRANA;        0.00;        0.00
ALBENI STICK 47g                        ;396568    ;ULKER          ;        0.05;kg ;        0.95;       20.21;'8690504035749';HRANA;        0.00;        0.00
LION BIJELI 42g                         ;397610    ;KITKAT         ;        0.04;kg ;        1.25;       29.76;'7613031006267';HRANA;        0.00;        0.00
KINDER BUENO WHITE 117g                 ;419417    ;FERRERO        ;        0.12;kg ;        3.49;       29.83;'8000500121436';HRANA;        0.00;        0.00
ÈOKO BANANA SL 18g                      ;428670    ;VELETABAK DOO;        0.02;kg ;        0.21;       11.67;'8600946963074';HRANA;        0.00;        0.00
ÈOK.JAJE PRINCES 25g HURIKAN            ;436729    ;ANL            ;        0.03;kg ;        0.53;       21.20;'8699462604875';HRANA;        0.00;        0.00
ŽIVOTINJSKO CARSTVO 15g RED2016         ;506147    ;KRAŠ Ž.CARSTVO ;        0.02;kg ;        0.69;       46.00;'3850102507979';HRANA;        0.00;        0.00
ÈOK.JAJE DEÈKI                          ;509480    ;DUPIN d.o.o. ZAGREB;        0.02;kg ;        1.15;       57.50;'80710196';HRANA;        0.00;        0.00
KIT KAT 4 PRUTIÆA 41,5g ÈOKOLADICA      ;511023    ;KITKAT         ;        0.04;kg ;        1.25;       30.49;'7613035365414';HRANA;        0.00;        0.00
ÈOKOLADA MILKA OREO 37g                 ;535852    ;MONDELEZ       ;        0.04;kg ;        0.99;       26.76;'7622210721785';HRANA;        0.00;        0.00
MILKA VAFEL NUSSINI 31,5g               ;536295    ;MONDELEZ       ;        0.03;kg ;        0.79;       25.48;'7622210703606';HRANA;        0.00;        0.00
KINDER DELICE 39g                       ;540433    ;FERRERO        ;        0.04;kg ;        0.85;       21.79;'8000500267035';HRANA;        0.00;        0.00
KINDER SURPRISE T3X128 60g              ;560759    ;ATLANTIC TRADE d.o.o.;        0.06;KOM;        0.00;       58.17;'5905408021013';HRANA;        3.89;        3.49
KINDER BUENO T4 172g                    ;563681    ;FERRERO        ;        0.17;kg ;        4.39;       25.52;'5020411113828';HRANA;        0.00;        0.00
KINDER DUPLO 36,4g                      ;567319    ;FERRERO        ;        0.04;kg ;        1.09;       30.28;'4008400305424';HRANA;        0.00;        0.00
KINDER MAXI ÈOKOLADA 42g                ;567320    ;FERRERO        ;        0.04;kg ;        1.09;       25.95;'4008400224022';HRANA;        0.00;        0.00
HANUTA T2X18,44g                        ;568840    ;FERRERO        ;        0.04;kg ;        1.09;       24.77;'8000500273555';HRANA;        0.00;        0.00
KNOPPERS 25g (2019)                     ;580948    ;STORCK         ;        0.03;kg ;        0.49;       19.60;'40144399';HRANA;        0.00;        0.00
KINDER DELICE COCO 37g                  ;601345    ;FERRERO        ;        0.04;kg ;        0.85;       22.97;'8000500355138';HRANA;        0.00;        0.00
TORTICA CRUNCHY 21g KRAŠ                ;607581    ;KRAŠ TORTICA   ;        0.00;kg ;        0.55;        0.00;'3850102521449';HRANA;        0.00;        0.00
KINDER DELICE 156g                      ;608853    ;FERRERO        ;        0.16;kg ;        2.50;       16.03;'8000500264379';HRANA;        0.00;        0.00
KINDER DUPLO 91g                        ;608854    ;FERRERO        ;        0.09;kg ;        1.89;       20.77;'4008400300429';HRANA;        0.00;        0.00
KINDER SCHOCO BONS 200g                 ;610741    ;FERRERO        ;        0.20;kg ;        0.00;       23.50;'8000500247792';HRANA;        4.49;        4.70
KINDER CARDS 26g                        ;610766    ;FERRERO        ;        0.00;kg ;        0.00;      295.00;'80874652';HRANA;        0.79;        0.59
RUM BAR 26g                             ;613865    ;KOESTLIN       ;        0.03;kg ;        0.47;       18.08;'3856014103810';HRANA;        0.00;        0.00
BOMBONI U JAJU SA IGRAÈKOM POONY 10g    ;614940    ;TOJ JOY        ;        0.01;kg ;        0.00;      105.00;'8697422654540';HRANA;        1.33;        1.05
BOMBONI U JAJU SA IGRAÈKOM PUPPY 10g    ;614941    ;TOY JOY        ;        0.01;kg ;        0.00;      105.00;'8697422654533';HRANA;        1.33;        1.05
ÈOKOLADA LION STANDARD 42g              ;614975    ;KITKAT         ;        0.04;kg ;        1.25;       29.76;'7613287757029';HRANA;        0.00;        0.00
KINDER BUENO 107,5g T5                  ;615086    ;FERRERO        ;        0.11;kg ;        2.69;       25.14;'8000500383056';HRANA;        0.00;        0.00
KINDER COUNTRY 2X20,47g                 ;616101    ;FERRERO        ;        0.04;kg ;        1.59;       38.78;'8000500238912';HRANA;        0.00;        0.00
TORTICA CRUNCHY DUOPAKC 42g             ;633388    ;KRAŠ TORTICA   ;        0.04;kg ;        0.99;       23.57;'3850102006724';HRANA;        0.00;        0.00
KINDER BUENO WHITE 97,5g                ;633651    ;FERRERO        ;        0.10;kg ;        2.69;       27.73;'8000500394694';HRANA;        0.00;        0.00
KITKAT CHUNKY WHITE 40g                 ;637408    ;KITKAT         ;        0.04;kg ;        1.25;       31.25;'3800020432983';HRANA;        0.00;        0.00
MILKY WAY MILK 21,5g                    ;640381    ;MARS CHOCO     ;        0.02;kg ;        0.79;       37.62;'5000159550567';HRANA;        0.00;        0.00
MILKA LEO GO! 48g                       ;641370    ;MONDELEZ       ;        0.05;kg ;        1.09;       22.71;'7622202041495';HRANA;        0.00;        0.00
TORTICA LINO LADA 21g KRAŠ              ;642803    ;KRAŠ TORTICA   ;        0.02;kg ;        0.55;       26.19;'3850102008735';HRANA;        0.00;        0.00
TWIX 75g EXTRA-NOVO                     ;643559    ;MARS CHOCO     ;        0.08;kg ;        1.49;       19.87;'5900951312250';HRANA;        0.00;        0.00
TWIX BIJELA ÈOKOLADA 46g                ;643758    ;MARS CHOCO     ;        0.05;kg ;        1.09;       23.70;'5000159556804';HRANA;        0.00;        0.00
SNICKERS CLASIC 50g                     ;643834    ;MARS CHOCO     ;        0.05;kg ;        1.09;       21.80;'5900951311505';HRANA;        0.00;        0.00
MARS ÈOKOLADICA 51g                     ;643835    ;MARS CHOCO     ;        0.05;kg ;        1.09;       21.37;'5900951311321';HRANA;        0.00;        0.00
SNICKERS CREAMY 36,5g  2024             ;643989    ;MARS CHOCO     ;        0.37;kg ;        1.19;        3.26;'5900951310379';HRANA;        0.00;        0.00
BOUNTY ÈOKOLADA 57g-NOVO                ;644345    ;MARS CHOCO     ;        0.06;kg ;        1.39;       24.39;'5000159557771';HRANA;        0.00;        0.00
TWIX 3PACK 3X50g                        ;644530    ;MARS CHOCO     ;        0.15;kg ;        2.65;       17.67;'5000159559362';HRANA;        0.00;        0.00
SNICKERS 3PACK 3X50g                    ;644821    ;MARS CHOCO     ;        0.15;kg ;        2.39;       15.93;'5000159560061';HRANA;        0.00;        0.00
SNICKERS SUPER +1 112,5g                ;645217    ;MARS CHOCO     ;        0.11;kg ;        1.99;       17.77;'5900951310843';HRANA;        0.00;        0.00
MARS KINGSIZE 70g 2024                  ;645239    ;MARS CHOCO     ;        0.07;kg ;        1.49;       21.29;'5900951311215';HRANA;        0.00;        0.00
TWIX 50g 2024                           ;645689    ;MARS CHOCO     ;        0.05;kg ;        1.09;       21.80;'5900951313592';HRANA;        0.00;        0.00
MILKA 46g HAZELNUT FLAVOR CREME&BISCIUT ;651294    ;MONDELEZ       ;       42.00;kg ;        1.35;        0.03;'7622202241826';HRANA;        0.00;        0.00
KINDER CRISPY 34g                       ;652157    ;FERRERO        ;        0.03;kg ;        1.09;       32.06;'8000500434123';HRANA;        0.00;        0.00
KINDER CRISPIY 170g                     ;652824    ;FERRERO        ;        0.17;kg ;        5.09;       29.94;'8000500434161';HRANA;        0.00;        0.00
MILKA WAFFELINI CHOCO 31g               ;653634    ;MONDELEZ       ;        0.03;kg ;        0.79;       25.48;'7622202286742';HRANA;        0.00;        0.00
ÈOKOLADICE QUANTA 8X12,5g BREAK PACK    ;653831    ;FIBIS D.O.O.;        0.10;kg ;        1.49;       14.90;'6291003633010';HRANA;        0.00;        0.00
ÈOKOLADICE QUANTA 8X16g YONKES PACK     ;653832    ;FIBIS D.O.O.;        0.13;kg ;        1.49;       11.64;'6291003633027';HRANA;        0.00;        0.00
ÈOKOLADICE QUANTA MIX 153g              ;653833    ;FIBIS D.O.O.;        0.15;kg ;        1.79;       11.70;'6291003632242';HRANA;        0.00;        0.00
ÈOKOLADICE QUANTA MINI MIX 164g         ;653834    ;FIBIS D.O.O.;        0.16;kg ;        1.79;       10.91;'6291003086212';HRANA;        0.00;        0.00
ÈOKOLADNO JAJE 3KOM 60g                 ;654077    ;DUPIN d.o.o. ZAGREB;        0.06;kg ;        4.29;       71.50;'8014433000089';HRANA;        0.00;        0.00
MARS 3 PACK 3X45g                       ;655128    ;MARS CHOCO     ;        0.14;kg ;        2.65;       19.63;'5000159561877';HRANA;        0.00;        0.00
KIT KAT 4PRUTIÆA LJEŠNJAK 41,5g         ;655251    ;KITKAT         ;        0.04;kg ;        1.25;       30.49;'8445291308725';HRANA;        0.00;        0.00
TOFFIFEE 125g BIJELA ÈOKOLADA           ;655924    ;STORCK         ;        0.13;kg ;        2.69;       21.52;'4014400932959';HRANA;        0.00;        0.00
TWIX SLANA KARAMELA 46g                 ;657249    ;ATLANTIC TRADE d.o.o.;        0.05;kg ;        1.09;       23.70;'5000159556873';HRANA;        0.00;        0.00
MILKA LEO GO 144g ( 3X48g)              ;663015    ;MONDELEZ       ;        0.14;kg ;        0.00;       17.99;'3858891165851';HRANA;        2.79;        2.59
KINDER BUENO T-2 3*43g                  ;74374     ;FERRERO        ;        0.13;kg ;        3.49;       27.05;'4008400320328';HRANA;        0.00;        0.00
KINDER COUNTRY 24g                      ;81724     ;FERRERO        ;        0.02;kg ;        0.89;       37.08;'40084176';HRANA;        0.00;        0.00
MENTOS FRUIT 38g                        ;02388     ;MENTOS         ;        0.04;kg ;        0.70;       18.42;'87108026';HRANA;        0.00;        0.00
MENTOS MINT 38g 109010                  ;02389     ;MENTOS         ;        0.04;kg ;        0.75;       19.74;'87108019';HRANA;        0.00;        0.00
PEZ BOMBONI 8,5 G,1/400                 ;03111     ;PEZ            ;        0.01;kg ;        0.21;       23.33;'90444470';HRANA;        0.00;        0.00
PEZ-BLISTER                             ;03112     ;PEZ            ;        0.04;kg ;        2.21;       63.14;'5997255700104';HRANA;        0.00;        0.00
WERTHERS ROLE 50g                       ;09460     ;STORCK         ;        0.05;kg ;        0.89;       17.80;'40144016';HRANA;        0.00;        0.00
FISHERMANS ORIGINAL 25g                 ;09621     ;FISHERMANS     ;        0.03;kg ;        1.49;       59.60;'50357024';HRANA;        0.00;        0.00
SMARTIES DRAŽE BOMBONI 38g              ;15094     ;SMARTIES       ;        0.04;kg ;        1.25;       32.89;'7613034462961';HRANA;        0.00;        0.00
RONDO C CLASSIC 28g                     ;180077    ;CEDEVITA KOMPR.;        0.03;kg ;        0.69;       24.64;'38502934';HRANA;        0.00;        0.00
FISHERMANS MINT 25g BEZ.ŠEÆ.            ;230436    ;FISHERMANS     ;        0.03;kg ;        1.49;       59.60;'50997862';HRANA;        0.00;        0.00
PEZ VREÆICA 85g(BOMB+FIGUR+NALJEP)      ;236826    ;PEZ            ;        0.01;kg ;        3.25;      650.00;'9044400822320';HRANA;        0.00;        0.00
MENTOS BOMB. DUGINE BOJE 37,5g          ;326735    ;MENTOS         ;        0.04;kg ;        0.75;       20.27;'87311396';HRANA;        0.00;        0.00
ORBIT STRONG MINT MINTS 28g             ;351767    ;WRIGLEY        ;        0.03;kg ;        0.99;       35.36;'42211631';HRANA;        0.00;        0.00
ORBIT FRESH MINT MINTS 28g              ;351768    ;WRIGLEY        ;        0.03;kg ;        0.99;       35.36;'42211501';HRANA;        0.00;        0.00
RONDO C XXL 61,5g                       ;367068    ;CEDEVITA KOMPR.;        0.06;kg ;        1.69;       27.70;'3850322008331';HRANA;        0.00;        0.00
TIC TAC MINT 18g                        ;383100    ;FERRERO        ;        0.02;kg ;        0.79;       43.89;'80052043';HRANA;        0.00;        0.00
TIC TAC ORANGE 18g                      ;383101    ;FERRERO        ;        0.02;kg ;        0.79;       43.89;'80052333';HRANA;        0.00;        0.00
SKITTLES FRUITS VREÆICA 38g             ;396122    ;WRIGLEY        ;        0.04;kg ;        0.90;       23.68;'5000159376655';HRANA;        0.00;        0.00
SKITTLES CRAZY SOURS VREÆICA 38g        ;396123    ;WRIGLEY        ;        0.04;kg ;        0.90;       23.68;'5000159376792';HRANA;        0.00;        0.00
SKITTLES WILD BERRY VREÆICA 38g         ;396124    ;WRIGLEY        ;        0.04;kg ;        0.90;       23.68;'4009900460187';HRANA;        0.00;        0.00
TIC TAC JAGODA 18g                      ;408092    ;FERRERO        ;        0.02;kg ;        0.79;       43.89;'80800019';HRANA;        0.00;        0.00
BONI BON TUBA ÈOK.DRAŽEJE 24.3g         ;435745    ;MONDELEZ       ;        0.03;kg ;        1.03;       41.20;'8690515008329';HRANA;        0.00;        0.00
BOMB.MIK MAKI 16g DRAŽEJE               ;436731    ;MIK MAKI       ;        0.02;kg ;        0.46;       28.75;'59012573';HRANA;        0.00;        0.00
BOMBON LIMUN RICOLA 40g                 ;515395    ;RICOLA         ;        0.04;kg ;        1.56;       39.00;'7610700923092';HRANA;        0.00;        0.00
PEZ BOMBONI SPEARMINT NW 25g            ;521907    ;PEZ            ;        0.03;kg ;        0.86;       34.40;'90444272';HRANA;        0.00;        0.00
PEZ BOMBONI PEPERMINT NW 25g            ;521908    ;PEZ            ;        0.03;kg ;        0.86;       34.40;'90444258';HRANA;        0.00;        0.00
ÈOKOLADNI DRAŽE BOMBONI U BLISTERU 20g  ;535986    ;CANDY POINT    ;        0.02;kg ;        0.40;       20.00;'8680836350405';HRANA;        0.00;        0.00
BOMBONI MIKI MAKI DRAŽE 44GŠ.VOÆE       ;535987    ;MIK MAKI       ;        0.04;kg ;        1.09;       24.77;'5904688000503';HRANA;        0.00;        0.00
BOMBINI MIKI MAKI LIMUN/JAB 44g         ;535988    ;MIK MAKI       ;        0.04;kg ;        1.09;       24.77;'5904688000718';HRANA;        0.00;        0.00
BOMBONI MIKI MAKI TUTTI F. 44g          ;535989    ;MIK MAKI       ;        0.04;kg ;        1.09;       24.77;'5904688000640';HRANA;        0.00;        0.00
BOMBONI MIKI MAKI LIM/MAL 44g           ;535990    ;MIK MAKI       ;        0.04;kg ;        1.09;       24.77;'5904688000664';HRANA;        0.00;        0.00
BOMBONI MIKI MAKI NARAN. MINT  44g      ;535991    ;MIK MAKI       ;        0.04;kg ;        1.09;       24.77;'5904688000657';HRANA;        0.00;        0.00
BOMBONI + PJENA ZA BALONE MERMAID 7g**  ;538162    ;HURIKAN D.O.O.;        0.01;kg ;        1.15;      164.29;'5385316389236';HRANA;        0.00;        0.00
BOMBONI +PJENA ZA BALONE 7g SWORD**     ;538164    ;SWEETMANIA     ;        0.01;kg ;        1.15;      164.29;'5947264764147';HRANA;        0.00;        0.00
BOMBONI+IGRAÈKA POL.JEEP 5g             ;538793    ;VIDAS          ;        0.01;kg ;        2.52;      504.00;'6947070000322';HRANA;        0.00;        0.00
BOMBONI+IGRAÈKA ICE CREAM 8g            ;538794    ;VIDAS          ;        0.01;kg ;        1.72;      215.00;'6945630301018';HRANA;        0.00;        0.00
BOMBONI +IGRAÈKA HELIKOPTER 6g          ;539106    ;VIDAS          ;        0.01;kg ;        2.52;      420.00;'6921078604850';HRANA;        0.00;        0.00
BOMBONI RICOLA ORIGINAL 40g             ;540451    ;RICOLA         ;        0.04;kg ;        1.56;       39.00;'7610700923061';HRANA;        0.00;        0.00
DRAŽE BOMBONI 22g                       ;588668    ;GLOBAL         ;        0.02;kg ;        0.40;       18.18;'8682091101754';HRANA;        0.00;        0.00
TIC TAC FRUITY MIX 18g                  ;593821    ;FERRERO        ;        0.02;kg ;        0.79;       43.89;'80816652';HRANA;        0.00;        0.00
ŽELE BOMBONI 10g +IGRAÈ.                ;613929    ;TOY BOX        ;        0.00;kg ;        2.39;        0.00;'8681451521713';HRANA;        0.00;        0.00
ŽELE BOMBONI 10g+IGRAÈKA SUR.           ;613930    ;TOY BOX        ;        0.00;kg ;        2.39;        0.00;'8681451521812';HRANA;        0.00;        0.00
TIC TAC CITRUS MIX 18g**                ;627030    ;FERRERO        ;        0.02;kg ;        0.79;       43.89;'80883586';HRANA;        0.00;        0.00
BOMBONI CEDEVITA NARANÈA 18g            ;628238    ;CEDEVITA KOMPR.;        0.02;kg ;        0.79;       43.89;'38506222';HRANA;        0.00;        0.00
CEDEVITA BOMBONI LIMUN 18g              ;628315    ;CEDEVITA KOMPR.;        0.02;kg ;        0.79;       43.89;'38506239';HRANA;        0.00;        0.00
PERLY BOMONI 40g                        ;628690    ;DUPIN d.o.o. ZAGREB;        0.04;kg ;        1.09;       27.25;'3395503218579';HRANA;        0.00;        0.00
CEDEVITA BOMBONI VOÆNI MIX 60g          ;632237    ;CEDEVITA KOMPR.;        0.00;kg ;        1.79;        0.00;'3850322016442';HRANA;        0.00;        0.00
CEDEVITA BOMBONI ŠUMSKO VOÆE 18g        ;632758    ;CEDEVITA KOMPR.;        0.02;kg ;        0.79;       43.89;'38506246';HRANA;        0.00;        0.00
CEDEVITA BOMBONI 60g NARANÈA            ;632759    ;CEDEVITA KOMPR.;        0.06;kg ;        1.79;       29.83;'3850322016428';HRANA;        0.00;        0.00
SLATKI GEL 35g SYRIN                    ;638779    ;JOHNY BEE      ;        0.04;kg ;        1.59;       45.43;'6970738800408';HRANA;        0.00;        0.00
SMARTIES DRAŽE BOMBONI WHITE 34g        ;645225    ;SMARTIES       ;        0.03;kg ;        1.13;       33.24;'3800020432976';HRANA;        0.00;        0.00
TIC TAC ORANGE 54g                      ;645935    ;FERRERO        ;        0.05;kg ;        2.09;       38.70;'8000500164976';HRANA;        0.00;        0.00
TIC TAC MINT  54g                       ;646142    ;FERRERO        ;        0.05;kg ;        2.09;       38.70;'8000500166697';HRANA;        0.00;        0.00
BOMBONI NOODLE CUP 55g                  ;649451    ;JOHNY BEE      ;        0.06;kg ;        1.99;       36.18;'5904917031292';HRANA;        0.00;        0.00
BOMBON U TUBI SQUEEZE WORMS 23g         ;649452    ;JOHNY BEE      ;        0.02;kg ;        0.85;       36.96;'5904917030905';HRANA;        0.00;        0.00
SPREY BANANA 40mL                       ;649481    ;HURIKAN D.O.O.;        0.04;L  ;        1.49;       37.25;'6931722317227';HRANA;        0.00;        0.00
SPRAY BRAIN LICKER 60mL                 ;649482    ;TREBOR         ;        0.06;L  ;        1.49;       24.83;'5907582650072';HRANA;        0.00;        0.00
BOMBON+IGRAÈKA DINO TOY JOY 7g          ;653576    ;TOY JOY        ;        0.01;kg ;        1.79;      255.71;'8697422661210';HRANA;        0.00;        0.00
MENTOS BOMBONI CLEAN BR.PEPERMINT 21g   ;653632    ;MENTOS         ;        0.02;kg ;        1.30;       61.90;'80880042';HRANA;        0.00;        0.00
MENTOS BOMBONI CLEAN BR.LEMON MELISSA 21;653633    ;MENTOS         ;        0.02;kg ;        1.30;       61.90;'80999300';HRANA;        0.00;        0.00
RICOLA GINGER ORANGEMINT 40g**          ;655156    ;SALVIA D.O.O.;        0.04;kg ;        1.59;       39.75;'7610700015513';HRANA;        0.00;        0.00
RICOLA MALINA MELISA 40g                ;655157    ;RICOLA         ;        0.04;kg ;        1.59;       39.75;'7610700022498';HRANA;        0.00;        0.00
TIC TAC 54g PEACH FRUIT**               ;655812    ;ATLANTIC TRADE d.o.o.;        0.05;kg ;        1.89;       35.00;'8000500444634';HRANA;        0.00;        0.00
BOMBONI U PLASTIÈNOJ ÈAŠI 10g           ;656934    ;BARON INTERNATIONAL DOO;        0.01;kg ;        2.49;      249.00;'5906881423066';HRANA;        0.00;        0.00
ŽELE BOMBONI U PLAST. ÈAŠ 20g           ;656936    ;LLS PAW PATROL ;        0.01;kg ;        2.49;      249.00;'5903175684479';HRANA;        0.00;        0.00
MENTOS BOMBONI DISCOVERY 37,5g          ;657360    ;FILIR D.O.O.;        0.04;kg ;        0.79;       21.35;'87368345';HRANA;        0.00;        0.00
TIC TAC EXOTIC ESCAPE 18g               ;658780    ;FERRERO        ;        0.02;kg ;        0.79;       43.89;'80850199';HRANA;        0.00;        0.00
RICOLA FRESH MINT 40g                   ;662772    ;RICOLA         ;        0.04;KOM;        1.59;       39.75;'7610700026540';HRANA;        0.00;        0.00
TIC TAC EXOTIC ESCAPE 54g               ;663226    ;FERRERO        ;        0.05;kg ;        2.09;       38.70;'8000500451236';HRANA;        0.00;        0.00
TIC TAC DRAGON FRUIT 54g                ;663227    ;FERRERO        ;        0.05;kg ;        2.09;       38.70;'8000500453766';HRANA;        0.00;        0.00
VAU VAU BOMBONI 20g                     ;88688     ;CEDEVITA KOMPR.;        0.02;kg ;        1.29;       64.50;'3850322000564';HRANA;        0.00;        0.00
BAJADERA 300g KRAŠ                      ;01091     ;BAJADERA       ;        0.30;kg ;       11.49;       38.30;'3850102230051';HRANA;        0.00;        0.00
RAFFAELLO 150g T15                      ;01789     ;FERRERO        ;        0.15;kg ;        4.29;       28.60;'8000500023976';HRANA;        0.00;        0.00
BAJADERA 200g KRAŠ                      ;02292     ;BAJADERA       ;        0.20;kg ;        7.99;       39.95;'3850102230044';HRANA;        0.00;        0.00
MERCI 400g                              ;04861     ;STORCK         ;        0.40;kg ;        0.00;       31.23;'4014400900217';HRANA;       13.99;       12.49
MERCI GROSS 250g                        ;05296     ;STORCK         ;        0.25;kg ;        8.20;       32.80;'4014400901191';HRANA;        0.00;        0.00
TOFFIFEE 15/1 125g                      ;09461     ;STORCK         ;        0.13;kg ;        0.00;       18.00;'4014400400007';HRANA;        2.69;        2.25
FERRERO ROCHER T16 200g                 ;12566     ;FERRERO        ;        0.20;kg ;        7.19;       35.95;'8000500003787';HRANA;        0.00;        0.00
MON CHERI T15 157,5g                    ;12568     ;FERRERO        ;        0.16;kg ;        5.29;       33.48;'4008400102528';HRANA;        0.00;        0.00
FERRERO ROCHER T24*4,DIAMANT 300g       ;178122    ;FERRERO        ;        0.30;kg ;       12.69;       42.30;'8000500009673';HRANA;        0.00;        0.00
FERRERO ROCHER T30 375g                 ;178745    ;FERRERO        ;        0.38;kg ;       12.69;       33.84;'8000500032237';HRANA;        0.00;        0.00
TRANCETTO KAKAO 10/1 280g               ;261882    ;BALCONI        ;        0.28;kg ;        2.25;        8.04;'8001585001224';HRANA;        0.00;        0.00
PAVOLI ÈOKOLADNI DESERT 310g            ;265241    ;KAMILA         ;        0.31;kg ;        4.25;       13.71;'3901276340036';HRANA;        0.00;        0.00
MON CHERI T5X15X6 52,5g                 ;299014    ;FERRERO        ;        0.05;kg ;        1.89;       36.35;'40084084';HRANA;        0.00;        0.00
PRALINE 200g KANDIT                     ;301692    ;KANDIT         ;        0.20;kg ;        0.00;        9.45;'3858881041219';HRANA;        2.79;        1.89
KANDIT JELLY PRALINE 200g               ;301695    ;KANDIT         ;        0.20;kg ;        0.00;        9.45;'3858881041233';HRANA;        2.79;        1.89
KANDIT CHOCO JELLY 200g                 ;301698    ;KANDIT         ;        0.20;kg ;        0.00;        9.45;'3858881041257';HRANA;        2.79;        1.89
GRIOTTE DESERT 204g                     ;304218    ;GRIOTTE        ;        0.20;kg ;        7.69;       37.70;'3850102125821';HRANA;        0.00;        0.00
PAVOLLI KOCKA 310g ÈOK. DESERT          ;319382    ;HURIKAN D.O.O.;        0.31;kg ;        3.45;       11.13;'3901276340944';HRANA;        0.00;        0.00
MORELLO BOMBONJERA 185g                 ;319383    ;KAMILA         ;        0.19;kg ;        3.32;       17.95;'3901276340968';HRANA;        0.00;        0.00
BOMBONJERA PAVOLLI ELIPSA 250g          ;333822    ;KAMILA         ;        0.25;kg ;        3.98;       15.92;'3901276340951';HRANA;        0.00;        0.00
RUM PLOÈICE MINI 182g                   ;372586    ;KANDIT         ;        0.18;kg ;        3.45;       18.96;'3858881044135';HRANA;        0.00;        0.00
RAFFAELLO 230g T23*8                    ;397850    ;FERRERO        ;        0.23;kg ;        6.39;       27.78;'4008400183022';HRANA;        0.00;        0.00
BOMBONJERA EURODESERT 160g              ;410107    ;SL             ;        0.16;kg ;        4.55;       28.44;'8601900505125';HRANA;        0.00;        0.00
RAFFAELLO 260g PIATTA                   ;419416    ;FERRERO        ;        0.26;kg ;        6.69;       25.73;'4008400180724';HRANA;        0.00;        0.00
TOFFIFEE 375g                           ;430381    ;ALCA ZAGREB D.O.O.;        0.38;kg ;        0.00;       15.92;'4014400919417';HRANA;        7.99;        5.97
AFTER EIGHT 200g CLASSIC                ;436237    ;NESTLE         ;        0.20;kg ;        4.99;       24.95;'7613034937575';HRANA;        0.00;        0.00
FERRERO ROCHER 100g                     ;518439    ;FERRERO        ;        0.10;kg ;        4.39;       43.90;'8000500192801';HRANA;        0.00;        0.00
FERRERO COLLECTION 172g                 ;518786    ;FERRERO        ;        0.17;kg ;        8.69;       50.52;'8000500247150';HRANA;        0.00;        0.00
PRALINE ADRIA BLACK 180g                ;546622    ;ADRIA          ;        0.18;kg ;        3.90;       21.67;'3858890262681';HRANA;        0.00;        0.00
PRALINE KAMILA CHOCOLATE 300g           ;546932    ;KAMILA         ;        0.30;kg ;        4.64;       15.47;'3904647830099';HRANA;        0.00;        0.00
PRALINE MOUNTAIN TWIST 310g KAMILA      ;546933    ;KAMILA         ;        0.31;kg ;        2.79;        9.00;'3901276340388';HRANA;        0.00;        0.00
PRALINE MINI CVIJET 120g KAMILA         ;546935    ;KAMILA         ;        0.12;kg ;        2.12;       17.67;'3904647830228';HRANA;        0.00;        0.00
PRALINE PEPERMINT 280g                  ;547504    ;KANDIT         ;        0.28;kg ;        3.99;       14.25;'3858889865343';HRANA;        0.00;        0.00
PRALINE 280g KANDIT                     ;554547    ;KANDIT         ;        0.28;kg ;        3.99;       14.25;'3858889866616';HRANA;        0.00;        0.00
RAFFAELLO 80g                           ;567023    ;FERRERO        ;        0.08;kg ;        0.00;       26.88;'8000500311585';HRANA;        2.59;        2.15
PRALINE LINDOR CORNET ASS 200g          ;580144    ;DUPIN d.o.o. ZAGREB;        0.20;kg ;        8.99;       44.95;'7610400082556';HRANA;        0.00;        0.00
PRALINE LINDOR CORNET MILK 200g         ;580145    ;DUPIN d.o.o. ZAGREB;        0.20;kg ;        8.99;       44.95;'7610400082549';HRANA;        0.00;        0.00
MERCI 250g KNUSPER                      ;580513    ;STORCK         ;        0.25;kg ;        8.20;       32.80;'4014400917956';HRANA;        0.00;        0.00
BOMBONIJERA 80g FLOWER                  ;582235    ;DUPIN d.o.o. ZAGREB;        0.08;kg ;        2.89;       36.13;'5904637000820';HRANA;        0.00;        0.00
KINDER HAPPY MOMENTS PRALINE 161g       ;619211    ;ATLANTIC TRADE d.o.o.;        0.16;kg ;        0.00;       31.99;'8000500389652';HRANA;        5.99;        5.15
PRALINE HA SEASHELLS 125g               ;625173    ;HAMLET         ;        0.13;kg ;        4.49;       35.92;'5400265012667';HRANA;        0.00;        0.00
BOMBONIJERA 75g BEST WISHES             ;626312    ;BARON INTERNATIONAL DOO;        0.08;kg ;        3.10;       41.33;'5901177153665';HRANA;        0.00;        0.00
PRALINE LJEŠNJAK 40g                    ;627171    ;DUPIN d.o.o. ZAGREB;        0.04;kg ;        1.69;       42.25;'5904637004651';HRANA;        0.00;        0.00
PRALINE CHOCO CHERRY 40g                ;627291    ;DUPIN d.o.o. ZAGREB;        0.04;kg ;        1.69;       42.25;'5904637004644';HRANA;        0.00;        0.00
BAJADERA PRALINA 150g RED               ;637542    ;BAJADERA       ;        0.15;kg ;        6.29;       41.93;'3850102007929';HRANA;        0.00;        0.00
PRALINE KRAŠ ANTIQUE PELINKOVAC 158g    ;637951    ;KRAŠ d.d.;        0.16;kg ;        6.99;       44.24;'3850102006755';HRANA;        0.00;        0.00
MILKA PALINE LJEŠNJAK  44g              ;641030    ;MONDELEZ       ;        0.04;kg ;        2.65;       60.23;'7622202032790';HRANA;        0.00;        0.00
PRALINE 60g U LIM KUTIJI MEDO           ;641047    ;DUPIN d.o.o. ZAGREB;        0.06;kg ;        4.05;       67.50;'5904637006204';HRANA;        0.00;        0.00
ZAINI PRALINE GIANDUIA 154g             ;649737    ;DUPIN d.o.o. ZAGREB;        0.15;kg ;        3.99;       25.91;'8004735114591';HRANA;        0.00;        0.00
ZAINI PRALINE MILK 154g**               ;649738    ;DUPIN d.o.o. ZAGREB;        0.15;kg ;        3.29;       21.36;'8004735108156';HRANA;        0.00;        0.00
ZAINI PRALINE PISTACIJA 144g            ;649739    ;DUPIN d.o.o. ZAGREB;        0.14;kg ;        3.99;       27.71;'8004735121124';HRANA;        0.00;        0.00
GRIOTTE 153g RED 2024                   ;651595    ;GRIOTTE        ;        0.15;kg ;        5.39;       35.23;'3850102008179';HRANA;        0.00;        0.00
DUPIN PRALINE 200g TURON SELECTION      ;652166    ;DUPIN d.o.o. ZAGREB;        0.20;kg ;        4.49;       22.45;'8410223873435';HRANA;        0.00;        0.00
DUPIN PRALINE WISHIES 100g**            ;652176    ;DUPIN d.o.o. ZAGREB;        0.10;kg ;        4.39;       43.90;'5400265043364';HRANA;        0.00;        0.00
ROSHEN PRALINE 150g S LIKEROM OD VISKIJA;656527    ;AWTINTERNATIONAL D.O.O. ZAGREB;        0.15;kg ;        3.49;       23.27;'4823077633690';HRANA;        0.00;        0.00
LINDOR PRALINE ASSORTED 200g            ;657911    ;DUPIN d.o.o. ZAGREB;        0.20;kg ;        8.99;       44.95;'8003340090276';HRANA;        0.00;        0.00
PRALINE CAFFAREL DARK NOCCIOLOTTA 150g  ;658296    ;DUPIN d.o.o. ZAGREB;        0.15;kg ;        4.99;       33.27;'8013108007750';HRANA;        0.00;        0.00
PRALINE CAFFAREL MILK NOCCIO 150g       ;658299    ;DUPIN d.o.o. ZAGREB;        0.15;kg ;        4.99;       33.27;'8013108007699';HRANA;        0.00;        0.00
PRALINE DUBAI STYLE 650g                ;662393    ;HURIKAN D.O.O.;        0.65;kg ;        6.89;       10.60;'3904647880094';HRANA;        0.00;        0.00
PRALINE 210g MORSKI PLODOVI             ;662394    ;HURIKAN D.O.O.;        0.21;kg ;        3.99;       19.00;'3904647890734';HRANA;        0.00;        0.00
PRALINE 210g ÈOK. SRCA                  ;662401    ;HURIKAN D.O.O.;        0.21;kg ;        3.99;       19.00;'3904647890727';HRANA;        0.00;        0.00
ÈOK.PRALINE 450g SOCADO                 ;663378    ;BARON INTERNATIONAL DOO;        0.45;kg ;        0.00;       11.09;'8000017110282';HRANA;        5.99;        4.99
ÈOK.PRALINE 450g ASSORTED STABILO       ;663379    ;BARON INTERNATIONAL DOO;        0.45;kg ;        0.00;       11.09;'8000017110299';HRANA;        5.99;        4.99
MUNCHMALLOW 105g                        ;124805    ;CRVENKA        ;        0.11;kg ;        1.29;       12.29;'8600114000020';HRANA;        0.00;        0.00
PIŠKOTE 200g VERONA IVOX                ;150466    ;POHIT d.o.o.;        0.20;kg ;        1.39;        6.95;'8015997000300';HRANA;        0.00;        0.00
PIŠKOTE 400g VERONA IVOX                ;150467    ;POHIT d.o.o.;        0.40;kg ;        0.00;        5.48;'8015997000201';HRANA;        2.81;        2.19
LU BARNI CHOCO 30g                      ;228275    ;MONDELEZ       ;        0.03;kg ;        0.79;       26.33;'5906747314118';HRANA;        0.00;        0.00
PETIT KEKS 400g MONTE                   ;238455    ;MONTE          ;        0.40;kg ;        1.19;        2.98;'3872247000832';HRANA;        0.00;        0.00
PETIT 1kg MONTE KEKS                    ;238532    ;MONTE          ;        1.00;kg ;        2.19;        2.19;'3872247000498';HRANA;        0.00;        0.00
LOACKER NAPOLITANER 175g SALVIA         ;243381    ;LOACKER        ;        0.18;kg ;        2.19;       12.51;'8000380007219';HRANA;        0.00;        0.00
LOACKER THINS DARK CHOCOLATE 150g       ;243382    ;LOACKER        ;        0.15;kg ;        2.19;       14.60;'8000380141548';HRANA;        0.00;        0.00
PLAZMA KEKS 300g NOVO                   ;316285    ;BAMBI          ;        0.30;kg ;        2.99;        9.97;'8600043000023';HRANA;        0.00;        0.00
LU BARNI MILK 30g                       ;325845    ;MONDELEZ       ;        0.03;kg ;        0.79;       26.33;'5906747318345';HRANA;        0.00;        0.00
LU BARNI MILK  150g                     ;325855    ;MONDELEZ       ;        0.15;kg ;        3.49;       23.27;'7622300511814';HRANA;        0.00;        0.00
LU BARNI CHOCO 150g                     ;325856    ;MONDELEZ       ;        0.15;kg ;        3.49;       23.27;'7622300509606';HRANA;        0.00;        0.00
MILKA CHOCO MINIS 150g                  ;393627    ;MONDELEZ       ;        0.15;kg ;        2.25;       15.00;'7622300441715';HRANA;        0.00;        0.00
MUNCHMALLOW FAMILY PACK 210g            ;411396    ;CRVENKA        ;        0.21;kg ;        2.05;        9.76;'8600114001980';HRANA;        0.00;        0.00
IŠLERI S EUROKREMOM 250g                ;416268    ;SL             ;        0.25;kg ;        3.09;       12.36;'8600946443002';HRANA;        0.00;        0.00
MILKA CAKE & CHOCOLADE 175g             ;421816    ;MONDELEZ       ;        0.18;kg ;        3.39;       19.37;'7622210295965';HRANA;        0.00;        0.00
TORTINA VINCINNI 300g KAKAO             ;422303    ;BARON INTERNATIONAL DOO;        0.30;kg ;        0.00;        6.63;'5310115006404';HRANA;        2.25;        1.99
BISKREM KAKAO PUNJENI BISKVIT 160g      ;440474    ;MCVITIE'S      ;        0.16;kg ;        1.40;        8.75;'5941664006814';HRANA;        0.00;        0.00
MILKA CHOCO STICKS 112g                 ;443230    ;MONDELEZ       ;        0.11;kg ;        2.25;       20.09;'7622210406354';HRANA;        0.00;        0.00
MILKA CHOCO COW 120g                    ;445745    ;MONDELEZ       ;        0.12;kg ;        2.25;       18.75;'7622300864057';HRANA;        0.00;        0.00
ÈAJNI KOLUTIÆI 750g PASSUS              ;447599    ;HANAEL FOOD D.O.O.;        0.75;kg ;        2.79;        3.72;'3859891902811';HRANA;        0.00;        0.00
PETIT KEKS KAKAO 350g                   ;447931    ;HANAEL FOOD D.O.O.;        0.35;kg ;        1.49;        4.26;'3859891902682';HRANA;        0.00;        0.00
TORTA CHOCO DESERT 400g DUPIN           ;501684    ;BALCONI        ;        0.40;kg ;        3.91;        9.78;'8001585004171';HRANA;        0.00;        0.00
TORTA VIENNESE 400g DUPIN               ;501686    ;BALCONI        ;        0.40;kg ;        3.91;        9.78;'8001585004188';HRANA;        0.00;        0.00
BISKVIT MEKANI MINI MADELEINES 175g     ;502575    ;SALVIA D.O.O.;        0.18;kg ;        2.29;       13.09;'3178530402353';HRANA;        0.00;        0.00
TORTA TIRAMISU 400g DUPIN               ;509447    ;BALCONI        ;        0.40;kg ;        3.91;        9.78;'8001585004164';HRANA;        0.00;        0.00
KEKS OREO 176g  (2017)                  ;529827    ;MONDELEZ       ;        0.18;kg ;        2.19;       12.44;'7622210765338';HRANA;        0.00;        0.00
NUTELLA B-READY 44g                     ;534775    ;FERRERO        ;        0.04;kg ;        1.29;       29.32;'8000500264850';HRANA;        0.00;        0.00
NUTELLA B-READY 132g                    ;534776    ;FERRERO        ;        0.13;kg ;        2.99;       22.65;'8000500227848';HRANA;        0.00;        0.00
KEKS OREO 66g 2017 NOVO                 ;536803    ;MONDELEZ       ;        0.07;kg ;        0.99;       15.00;'7622210766175';HRANA;        0.00;        0.00
MEKANI BISKVIT ÈOKOLADA MADELEINES 175g ;546931    ;SALVIA D.O.O.;        0.18;kg ;        2.29;       13.09;'3178530407938';HRANA;        0.00;        0.00
LOACKER COCOA & MILK VAFLI 175g         ;546983    ;LOACKER        ;        0.18;kg ;        2.19;       12.51;'8000380180721';HRANA;        0.00;        0.00
TRAJNI KOLAÈ S KREMOM OD KAKAOA 300g    ;547562    ;DUPIN d.o.o. ZAGREB;        0.30;kg ;        0.00;        5.63;'3800093510144';HRANA;        2.25;        1.69
NAPOLITANKE CREME 187g JAFFA            ;547619    ;CRVENKA        ;        0.19;kg ;        1.55;        8.29;'8600114005841';HRANA;        0.00;        0.00
NAPOLITANKE ŠLAG I ÈOK. 187g JAFFA      ;547620    ;CRVENKA        ;        0.19;kg ;        1.55;        8.29;'8600114006626';HRANA;        0.00;        0.00
KEKS CAMEL 600g HURIKAN                 ;549965    ;CAMEL          ;        0.60;kg ;        2.65;        4.42;'3903240620304';HRANA;        0.00;        0.00
VAFEL PUNJEN KREMOM OD KOKOSA 140g DUPIN;551543    ;FLIS           ;        0.14;kg ;        2.39;       17.07;'5908234806670';HRANA;        0.00;        0.00
ÈAJNI KEKSI TWINGERS KOKOS KAKAO 500g   ;554535    ;BARON INTERNATIONAL DOO;        0.50;kg ;        2.85;        5.70;'3830041976852';HRANA;        0.00;        0.00
KEKS OREO DOUBLE 157g                   ;554758    ;MONDELEZ       ;        0.16;kg ;        2.19;       13.95;'7622210148483';HRANA;        0.00;        0.00
KEKS NOVELLINI 700g DUPIN               ;563280    ;BALCONI        ;        0.70;kg ;        4.15;        5.93;'8006210070071';HRANA;        0.00;        0.00
KEKS CHOCO FROLLE 700g                  ;563281    ;BALCONI        ;        0.70;kg ;        3.69;        5.27;'8006210920031';HRANA;        0.00;        0.00
PLAZMA KEKS ORIGINAL 150g NOVO          ;567286    ;BAMBI          ;        0.15;kg ;        0.00;        9.00;'8600043000016';HRANA;        1.65;        1.35
NAPOLITANKE KAKAO 700g NEBRASKA         ;567768    ;MONTE          ;        0.70;kg ;        0.00;        2.84;'3870353002764';HRANA;        2.29;        1.99
NAPOLITANKE LJEŠNJAK 700g NEBRASKA      ;567769    ;MONTE          ;        0.70;kg ;        0.00;        2.84;'3870353002757';HRANA;        2.29;        1.99
KEKS FIGARO 700g                        ;570417    ;LEONE          ;        0.70;kg ;        2.72;        3.89;'5310206003695';HRANA;        0.00;        0.00
KEKS PUNJENI SAFIR 300g                 ;570494    ;LION           ;        0.30;kg ;        1.69;        5.63;'5310206005057';HRANA;        0.00;        0.00
KEKS SENDVIÈ 125g  EUROCREM             ;572376    ;VELETABAK DOO;        0.13;kg ;        1.25;       10.00;'8601900501394';HRANA;        0.00;        0.00
VAFEL SA KAKAO KREMOM 160               ;574030    ;BARON INTERNATIONAL DOO;        0.16;kg ;        1.99;       12.44;'3830041977927';HRANA;        0.00;        0.00
NAPOLITANKE KIK 175g  MLIJEKO I ÈOKOLADA;575419    ;KIK PLUS       ;        0.18;kg ;        1.19;        6.80;'8606106494204';HRANA;        0.00;        0.00
NAPOLITANKE KIK ÈOKOLADA 175g           ;575420    ;KIK PLUS       ;        0.18;kg ;        1.19;        6.80;'8606106494020';HRANA;        0.00;        0.00
NAPOLITANKE KIK LJEŠNJAK 175g           ;575421    ;KIK PLUS       ;        0.18;kg ;        1.19;        6.80;'8606106494068';HRANA;        0.00;        0.00
NAPOLITANKE LJEŠNJAK MANNER 200g        ;575770    ;MANNER         ;        0.20;kg ;        0.00;        9.75;'9000331627229';HRANA;        2.45;        1.95
NAPOLITANKE ÈOKOLADA MANNER 200g        ;575771    ;MANNER         ;        0.20;kg ;        0.00;        9.75;'9000331627212';HRANA;        2.69;        1.95
NAPOLITANKE KAKAO 175g BALCONI          ;576545    ;BALCONI        ;        0.18;kg ;        1.69;        9.66;'8001585008070';HRANA;        0.00;        0.00
NAPOLITANKE LJEŠNJAK  175g BALCONI      ;576546    ;BALCONI        ;        0.18;kg ;        1.69;        9.66;'8001585008063';HRANA;        0.00;        0.00
NAPOLITANKE VANILIJA 175g BALCONI       ;576547    ;BALCONI        ;        0.18;kg ;        1.69;        9.66;'8001585008056';HRANA;        0.00;        0.00
NAPOLITANKE MLIJEKO I KAKAO 700g        ;577681    ;MONTE          ;        0.70;kg ;        0.00;        2.84;'3870353002771';HRANA;        2.29;        1.99
KINDER KEKS KARDS 128g                  ;578675    ;FERRERO        ;        0.13;kg ;        0.00;       20.70;'8000500269169';HRANA;        3.49;        2.65
KEKSI BELVITA MED&ORASI 225g            ;582532    ;MONDELEZ       ;        0.23;kg ;        2.69;       11.96;'7622210899255';HRANA;        0.00;        0.00
KEKSI BELVITA ŽITARICE 225g             ;582533    ;MONDELEZ       ;        0.23;kg ;        2.69;       11.96;'7622210899286';HRANA;        0.00;        0.00
KEKSI BELVITA ÈOKOLADA 225g             ;582534    ;MONDELEZ       ;        0.23;kg ;        2.09;        9.29;'7622210899316';HRANA;        0.00;        0.00
ŠTRUDLA SMOKVA 250g                     ;587567    ;HANAEL FOOD D.O.O.;        0.25;kg ;        1.25;        5.00;'3859891902804';HRANA;        0.00;        0.00
ŠTRUDLA VIŠNJA 250g                     ;587568    ;HANAEL FOOD D.O.O.;        0.25;kg ;        1.25;        5.00;'3859891902798';HRANA;        0.00;        0.00
ŠTRUDLA MIJEŠANO VOÆE 250g              ;587569    ;HANAEL FOOD D.O.O.;        0.25;kg ;        1.25;        5.00;'3859891902781';HRANA;        0.00;        0.00
NAPOLITANKE EUROVAFEL KOCKICA 200g      ;589447    ;SL             ;        0.20;kg ;        2.30;       11.50;'3875000057258';HRANA;        0.00;        0.00
JAFFA KOLAÈ BROWNIE CHOCO 75g           ;589546    ;CRVENKA        ;        0.08;kg ;        1.00;       13.33;'8600114009160';HRANA;        0.00;        0.00
KNOPPERS NUTBAR 40g                     ;589569    ;STORCK         ;        0.04;kg ;        0.95;       23.75;'40144450';HRANA;        0.00;        0.00
BANINI TART MARELICA 210g               ;589591    ;ALCA ZAGREB D.O.O.;        0.21;kg ;        1.50;        7.14;'8600462040938';HRANA;        0.00;        0.00
LOACKER DOUBLE CHOC 175g                ;592390    ;LOACKER        ;        0.18;kg ;        2.19;       12.51;'8000380192199';HRANA;        0.00;        0.00
KEKS LOTUS 250g                         ;595216    ;SALVIA D.O.O.;        0.25;kg ;        0.00;        7.60;'5410126716016';HRANA;        2.40;        1.90
NUTELLA BISCUITS 304g                   ;601070    ;FERRERO        ;        0.30;kg ;        0.00;       13.65;'8000500310427';HRANA;        4.79;        4.15
KEKS PLAZMA KOCKE BIJELA ÈOK. 130g      ;604979    ;BAMBI          ;        0.13;kg ;        2.35;       18.08;'8600043029567';HRANA;        0.00;        0.00
VAFEL ROLICE KAKAO 150g SWING           ;605023    ;FLIS           ;        0.15;kg ;        1.29;        8.60;'5908234805635';HRANA;        0.00;        0.00
VAFEL ROLICE VANILIJA 150g SWING        ;605024    ;FLIS           ;        0.15;kg ;        1.29;        8.60;'5908234805642';HRANA;        0.00;        0.00
VAFEL ROLICE LJEŠNJAK 150g SWING        ;605068    ;FLIS           ;        0.15;kg ;        1.29;        8.60;'5908234805666';HRANA;        0.00;        0.00
SUFLE 70g BISKVIT SA PUNJENJEM OD ÈOKOLA;607923    ;ULKER          ;        0.07;kg ;        1.16;       16.57;'8690504080893';HRANA;        0.00;        0.00
KEKSI NOBLICE 350g                      ;608816    ;BANINI         ;        0.35;kg ;        2.29;        6.54;'8600462040150';HRANA;        0.00;        0.00
KOLAÈ MANELA 50g BISKVIT PUNJEN ÈOK.    ;613932    ;MANELA         ;        0.05;kg ;        0.40;        8.00;'8681038205654';HRANA;        0.00;        0.00
ŠTRUDLA ÈOKO 250g                       ;614697    ;MASTER         ;        0.25;kg ;        1.50;        6.00;'3871354004382';HRANA;        0.00;        0.00
ŠTRUDLA  MIJEŠANA 400g PVC              ;614698    ;MASTER         ;        0.40;kg ;        1.85;        4.63;'3871354004450';HRANA;        0.00;        0.00
NAPOLITANKE JAFFA GOLD CREME 215g       ;614867    ;CRVENKA        ;        0.22;kg ;        1.79;        8.33;'8600114010432';HRANA;        0.00;        0.00
ÈOKOLADNI DESERT ALBENI 40g             ;615617    ;ULKER          ;        0.04;kg ;        0.75;       18.75;'8690504034650';HRANA;        0.00;        0.00
VAFEL ROLICA KOKOS 150g                 ;616085    ;FLIS           ;        0.15;kg ;        1.29;        8.60;'5908234805659';HRANA;        0.00;        0.00
LOACKER THINS NAPOLITANER 150g          ;616430    ;LOACKER        ;        0.15;kg ;        2.19;       14.60;'8000380201600';HRANA;        0.00;        0.00
NAPOL. LOACKER PEANUT BUTTER 175g       ;616431    ;LOACKER        ;        0.00;   ;        2.19;        0.00;'8000380205523';HRANA;        0.00;        0.00
BOMBONI S IGRAÈKOM 5g FARM.TRAKTOR      ;617213    ;HURIKAN D.O.O.;        0.01;kg ;        2.39;      478.00;'6920017101320';HRANA;        0.00;        0.00
BISKVIT MIX MAX 320g BALCONI            ;618281    ;BALCONI        ;        0.32;kg ;        3.35;       10.47;'8001585010257';HRANA;        0.00;        0.00
NUTELLA KEKSI 41,4g                     ;618425    ;FERRERO        ;        0.04;kg ;        0.00;       18.29;'8000500359358';HRANA;        0.95;        0.75
MUNCHMALLOW JAGODA 128g                 ;619513    ;CRVENKA        ;        0.13;kg ;        0.00;       11.64;'8600114010012';HRANA;        1.80;        1.49
KOLAÈ DONUT TRIPLE CHOCO 58g JAFFA      ;619515    ;CRVENKA        ;        0.06;kg ;        1.00;       17.24;'8600114010838';HRANA;        0.00;        0.00
KOLAÈ DONUT CHOCO CREAM 75g             ;619516    ;CRVENKA        ;        0.08;kg ;        1.00;       13.33;'8600114010852';HRANA;        0.00;        0.00
ŠTRUDLA SMOKVA 250g LASTA               ;619987    ;LASTA          ;        0.25;kg ;        0.00;        7.16;'3870128029941';HRANA;        2.39;        1.79
ŠTRUDLA ÈOKO LASTA 250g                 ;619988    ;LASTA          ;        0.25;kg ;        0.00;        7.16;'3870128029965';HRANA;        2.39;        1.79
KREM ŠTAPIÆI LJEŠNJAK 200g              ;619989    ;LASTA          ;        0.20;kg ;        2.39;       11.95;'3870128030060';HRANA;        0.00;        0.00
KREM ŠTAPIÆI BIJELA ÈOKOLADA 200GLASTA  ;619990    ;LASTA          ;        0.20;kg ;        2.39;       11.95;'3870128032071';HRANA;        0.00;        0.00
SENDVIÈ KEKS KAKAO 87g UB               ;633406    ;DUPIN d.o.o. ZAGREB;        0.09;kg ;        0.85;        9.77;'8690504083986';HRANA;        0.00;        0.00
SENDVIÈ KEKS 100g ML. KREMA UB          ;633407    ;DUPIN d.o.o. ZAGREB;        0.10;kg ;        0.85;        8.50;'8690504083900';HRANA;        0.00;        0.00
KEKS PLAZMA PLUS ÈOKO 135g              ;634329    ;BAMBI          ;        0.14;kg ;        1.69;       12.52;'8600043026320';HRANA;        0.00;        0.00
VAFEL ROLICE LJEŠNJAK 280g              ;634335    ;FLIS           ;        0.28;kg ;        2.10;        7.50;'5908234813661';HRANA;        0.00;        0.00
VAFEL ROLICE VANILIJA 280g              ;634336    ;FLIS           ;        0.28;kg ;        2.10;        7.50;'5908234813647';HRANA;        0.00;        0.00
VAFEL TAMNI S ML. ÈOKOLADOM 160g        ;634897    ;BARON INTERNATIONAL DOO;        0.16;kg ;        1.99;       12.44;'3830041977972';HRANA;        0.00;        0.00
NAPOLITANKE JAFFA ÈOKO NARANÈA 160g     ;636218    ;CRVENKA        ;        0.16;kg ;        1.55;        9.69;'8600114011248';HRANA;        0.00;        0.00
VAFEL KOKOS 300g PRALINKA DUPIN**       ;637077    ;FLIS           ;        0.30;kg ;        4.49;       14.97;'5908234810714';HRANA;        0.00;        0.00
NAPOLITANKE JAFFA CAPPUCINO 160g        ;637136    ;CRVENKA        ;        0.16;kg ;        1.55;        9.69;'8600114011224';HRANA;        0.00;        0.00
KREM ŠTAPIÆI KOKOS 200g LASTA           ;637237    ;LASTA          ;        0.20;kg ;        2.39;       11.95;'3870128035669';HRANA;        0.00;        0.00
ŠTRUDLA MIJEŠANA 500g                   ;637339    ;MASTER         ;        0.50;kg ;        2.25;        4.50;'3871354004580';HRANA;        0.00;        0.00
ŠTRUDLA SMOKVA 500g                     ;637340    ;MASTER         ;        0.50;kg ;        2.25;        4.50;'3871354004573';HRANA;        0.00;        0.00
KEKS TART ÈOKOLADA 100g UB              ;637523    ;DUPIN d.o.o. ZAGREB;        0.10;kg ;        1.19;       11.90;'8690504119272';HRANA;        0.00;        0.00
KEKS TART MALINA 100g                   ;637525    ;DUPIN d.o.o. ZAGREB;        0.10;kg ;        1.19;       11.90;'5000396053845';HRANA;        0.00;        0.00
KEKS FIGARO KAKAO 700g                  ;638596    ;LEONA          ;        0.70;kg ;        2.72;        3.89;'5310206009383';HRANA;        0.00;        0.00
KEKSI KOKOS 300g HURIKAN                ;638716    ;LION           ;        0.30;kg ;        1.69;        5.63;'5310206005101';HRANA;        0.00;        0.00
ÈAJNO PECIVO PRELIVENO KAKAO PRELJ.300g ;638717    ;LEONA          ;        0.30;kg ;        1.69;        5.63;'5310206009239';HRANA;        0.00;        0.00
ÈAJNO PECIVO 400g HURIKAN               ;638718    ;LEONA          ;        0.40;kg ;        1.69;        4.23;'5310206008997';HRANA;        0.00;        0.00
PIŠKOTE 400g MARSLI                     ;640133    ;TOP KAN DOO;        0.40;kg ;        1.75;        4.38;'3858894140725';HRANA;        0.00;        0.00
BUHTLE ÈOKOLADA 250g DUPIN              ;641043    ;DUPIN d.o.o. ZAGREB;        0.25;kg ;        2.05;        8.20;'3800093511530';HRANA;        0.00;        0.00
BUHTLE VANILIJA 250g DUPIN              ;641044    ;DUPIN d.o.o. ZAGREB;        0.25;kg ;        2.05;        8.20;'3800093511523';HRANA;        0.00;        0.00
KEKSI JAFFA BUTTONS KIKIRIKI MASLAC 95GK;642202    ;CRVENKA        ;        0.10;kg ;        1.59;       16.74;'8600114011439';HRANA;        0.00;        0.00
KOLAÈ JAFFA BROWNIE INTENSE 36g         ;642203    ;CRVENKA        ;        0.04;kg ;        0.65;       18.06;'8600114011477';HRANA;        0.00;        0.00
KEKS PLAZMA 600g ORIGINAL               ;642415    ;BAMBI          ;        0.60;kg ;        5.25;        8.75;'8600043001280';HRANA;        0.00;        0.00
BROVNIE S ÈOKO BOMBONIMA 200g           ;643366    ;MR.BROWNIE     ;        0.20;kg ;        3.49;       17.45;'8411037892490';HRANA;        0.00;        0.00
BROWNIE BIJELA ÈOKOLADA 200g            ;643367    ;MR.BROWNIE     ;        0.00;kg ;        3.49;        0.00;'8411037884624';HRANA;        0.00;        0.00
BROWNIE S KOM. ÈOKOLADE 50g             ;643369    ;MR.BROWNIE     ;        0.05;kg ;        0.99;       19.80;'8411037892469';HRANA;        0.00;        0.00
KEKS PETIT KAKAO PUNJENJE 300g          ;644109    ;SIMSEK         ;        0.30;kg ;        0.00;        4.50;'8692806019106';HRANA;        1.70;        1.35
TORTICE KAKAO 216g CHOCOPAYE            ;644110    ;HURIKAN D.O.O.;        0.22;kg ;        1.61;        7.45;'8692806019588';HRANA;        0.00;        0.00
TORTICE KOKOS 216g CHOCOPAYE            ;644111    ;HURIKAN D.O.O.;        0.22;kg ;        1.61;        7.45;'8692806019595';HRANA;        0.00;        0.00
SOUFFLE ÈOKOLAD.200g INVITE             ;644112    ;SIMSEK         ;        0.20;kg ;        1.85;        9.25;'8692806326631';HRANA;        0.00;        0.00
JIMMY KEKSI ÈOKOLADA 145g               ;645735    ;JIMMY FANTASTIC;        0.15;kg ;        2.49;       17.17;'8600939843468';HRANA;        0.00;        0.00
JIMMY KEKSI NOISETTE 145g               ;645736    ;JIMMY FANTASTIC;        0.15;kg ;        2.49;       17.17;'8600939843475';HRANA;        0.00;        0.00
VAFEL ROLICE LJEŠNJAK KREMA 140g ROSCHEN;645898    ;ROSCHEN        ;        0.14;kg ;        1.49;       10.64;'4823077633058';HRANA;        0.00;        0.00
KEKS TUTKU KAKAO KREMA 126g             ;645913    ;TUTKU          ;        0.13;kg ;        1.09;        8.65;'8690526090344';HRANA;        0.00;        0.00
KEKSI MIX 250g VAFLI I ÈAJNI KEKSI      ;646023    ;LEONA          ;        0.25;kg ;        1.75;        7.00;'5310206007358';HRANA;        0.00;        0.00
TEMPO KAKAO SA KREMOM OD VANILIJE 61g   ;646542    ;ULKER          ;        0.06;KOM;        0.65;       10.66;'8690504112600';HRANA;        0.00;        0.00
VAFEL ROLICE BROWNIE 150g SWING         ;646914    ;FLIS           ;        0.15;kg ;        1.29;        8.60;'5908234814460';HRANA;        0.00;        0.00
ŠTRUDLA SMOKVA 400g FAMILY PACK         ;647046    ;LASTA          ;        0.40;kg ;        0.00;        8.23;'3870128037908';HRANA;        3.99;        3.29
STIXIS VAFEL LJEŠNJAK KREMA 250g        ;647397    ;BARON INTERNATIONAL DOO;        0.25;kg ;        1.49;        5.96;'5310345008605';HRANA;        0.00;        0.00
STIXIS VAFEL KAKAO KREMA 250g           ;647398    ;BARON INTERNATIONAL DOO;        0.25;kg ;        1.49;        5.96;'5310345008599';HRANA;        0.00;        0.00
STIXIS VAFEL LIMUN KREMA 250g           ;647399    ;BARON INTERNATIONAL DOO;        0.25;kg ;        1.49;        5.96;'5310345008957';HRANA;        0.00;        0.00
LOACKER NAPOLITANER 45g                 ;647651    ;SALVIA D.O.O.;        0.05;kg ;        0.75;       16.67;'80001218';HRANA;        0.00;        0.00
LOACKER DOUBLE CHOC 45g                 ;647652    ;SALVIA D.O.O.;        0.05;kg ;        0.75;       16.67;'80972969';HRANA;        0.00;        0.00
ŠTRUDLA JAGODA 168g LOVITA              ;647709    ;AWTINTERNATIONAL D.O.O. ZAGREB;        0.17;kg ;        1.79;       10.65;'4823077634741';HRANA;        0.00;        0.00
KEKSI S KOMAD. ÈOKOLADE 150g LOVITA     ;648222    ;AWTINTERNATIONAL D.O.O. ZAGREB;        0.15;kg ;        1.59;       10.60;'4823077633317';HRANA;        0.00;        0.00
KEKSI LOVITA S KOMADIÆIMA ÈOKOLADE 150g ;649461    ;AWTINTERNATIONAL D.O.O. ZAGREB;        0.15;kg ;        1.59;       10.60;'4823077633324';HRANA;        0.00;        0.00
BALCONI MUFFIN BOROVNICA 258g           ;649719    ;BALCONI        ;        0.26;kg ;        2.89;       11.20;'8001585010684';HRANA;        0.00;        0.00
BALCONI MUFFIN ÈOKOLADA 240g            ;649720    ;BALCONI        ;        0.24;kg ;        2.89;       12.04;'8001585010677';HRANA;        0.00;        0.00
BALCONI BOMBOLONE ÈOKOLADA 210g         ;649730    ;BALCONI        ;        0.21;kg ;        2.35;       11.19;'8004970145879';HRANA;        0.00;        0.00
BALCONI BOMBOLONE MARELICA 210g         ;649732    ;BALCONI        ;        0.21;kg ;        2.35;       11.19;'8004970145893';HRANA;        0.00;        0.00
DANSKI KEKSI 150g DUPIN**               ;649734    ;DUPIN d.o.o. ZAGREB;        0.15;kg ;        2.99;       19.93;'5776879020979';HRANA;        0.00;        0.00
VAFEL LJEŠNJAK TIME  86g                ;649740    ;FLIS           ;        0.86;kg ;        2.09;        2.43;'5908234812169';HRANA;        0.00;        0.00
GRIESSON MOUNT. COOKIES 150g            ;651629    ;GRIESSON       ;        0.15;kg ;        2.25;       15.00;'4001518116999';HRANA;        0.00;        0.00
JAFFA KOLAÈ ORANGE BADEM 60g            ;652288    ;CRVENKA        ;        0.06;kg ;        1.00;       16.67;'8600114011804';HRANA;        0.00;        0.00
KEKS DUO 500g GRIESSON                  ;653959    ;GRIESSON       ;        0.50;kg ;        3.29;        6.58;'4001518117170';HRANA;        0.00;        0.00
KEKS TART LIMUN 100g UB                 ;654055    ;DUPIN d.o.o. ZAGREB;        0.10;kg ;        0.95;        9.50;'5000396053821';HRANA;        0.00;        0.00
PLAZMA STIKSI 30g KARAMELA              ;654208    ;BAMBI          ;        0.03;kg ;        0.89;       29.67;'8600043038934';HRANA;        0.00;        0.00
MEKANI BISKVIT PUNJEN DŽEMOM OD ŠLJIVE  ;654503    ;POHIT d.o.o.;        0.13;kg ;        1.45;       10.82;'3800061609238';HRANA;        0.00;        0.00
MEKANI BISKVIT S DŽEMOM OD SMOKVE 134g  ;654504    ;POHIT d.o.o.;        0.13;kg ;        1.45;       10.82;'3800061609245';HRANA;        0.00;        0.00
KEKSI KINDER KINDERINI 250g             ;654744    ;ATLANTIC TRADE d.o.o.;        0.25;kg ;        4.89;       19.56;'8000500391228';HRANA;        0.00;        0.00
MINI MADELEINES LIMUN 175g              ;655158    ;SALVIA D.O.O.;        0.18;kg ;        2.59;       14.80;'3178530423662';HRANA;        0.00;        0.00
KREM ŠTAPIÆI ÈOKOLADA 200g              ;655412    ;LASTA          ;        0.20;kg ;        2.39;       11.95;'3870128039568';HRANA;        0.00;        0.00
KEKS VIŠNJA ADRIA 140g                  ;655445    ;DUPIN d.o.o. ZAGREB;        0.14;kg ;        2.05;       14.64;'3858890268263';HRANA;        0.00;        0.00
KEKS DIVAN 650g KOKOS                   ;655527    ;KENT           ;        0.60;kg ;        1.99;        3.32;'3870353003174';HRANA;        0.00;        0.00
EURO BISCUIT MILK 125g                  ;655532    ;EUROCREM       ;        0.13;kg ;        1.59;       12.72;'3875002210897';HRANA;        0.00;        0.00
KEKS DOMAÆI 650g                        ;655533    ;HURIKAN D.O.O.;        0.65;kg ;        3.99;        6.14;'3870353003167';HRANA;        0.00;        0.00
JIMMY KEKSI KAKO NARANÈA 135g           ;655676    ;JIMMY FANASTIC ;        0.14;kg ;        2.49;       18.44;'8600939843628';HRANA;        0.00;        0.00
MR.BROWNIE BLONDIE S BELG.ÈOK 200g      ;656376    ;MR.BROWNIE     ;        0.20;kg ;        3.49;       17.45;'8411037892308';HRANA;        0.00;        0.00
MR.BROWNIE(BROWNIE) S BELG. ÈOK.200g    ;656377    ;MR.BROWNIE     ;        0.20;kg ;        3.49;       17.45;'8411037800037';HRANA;        0.00;        0.00
MR.BROWNIE/BROWNI) S BELG. ÈOK. 50g     ;656378    ;AWTINTERNATIONAL D.O.O. ZAGREB;        0.05;kg ;        0.99;       19.80;'8411037884013';HRANA;        0.00;        0.00
JAFFA NAPOL.GOLD CREME CHOCO DUET 215g  ;656445    ;ALCA ZAGREB D.O.O.;        0.22;kg ;        1.99;        9.26;'8600114011552';HRANA;        0.00;        0.00
BAIOCCHI KEKSI 168g PISTACIJA           ;656521    ;AWTINTERNATIONAL D.O.O. ZAGREB;        0.17;kg ;        3.55;       21.13;'8076809581318';HRANA;        0.00;        0.00
BAIOCCHI KEKSI 260g VREÆICA             ;656522    ;AWTINTERNATIONAL D.O.O. ZAGREB;        0.26;kg ;        3.29;       12.65;'8076809573252';HRANA;        0.00;        0.00
LOVITA KEKS 127g KAKAO                  ;656523    ;AWTINTERNATIONAL D.O.O. ZAGREB;        0.13;kg ;        1.55;       12.20;'4823077641367';HRANA;        0.00;        0.00
KEKS LINÐO ÈOKOLADNI 190g LASTA         ;656691    ;LASTA          ;        0.19;kg ;        2.49;       13.11;'3870128030046';HRANA;        0.00;        0.00
KINDER TRONKY 90g                       ;656731    ;FERRERO        ;        0.09;kg ;        2.35;       26.11;'8000500384794';HRANA;        0.00;        0.00
KEKSI 450g S PUNILOM OD VIŠNJE          ;656876    ;BARON INTERNATIONAL DOO;        0.45;kg ;        2.99;        6.64;'5902425088630';HRANA;        0.00;        0.00
KEKSI KREMALI KAKAO 560g                ;657182    ;KREMALI        ;        0.56;kg ;        3.49;        6.23;'8683125784370';HRANA;        0.00;        0.00
KEKSI KREMALI VANILIJA 560g             ;657183    ;HURIKAN D.O.O.;        0.56;kg ;        3.49;        6.23;'8683125784363';HRANA;        0.00;        0.00
NAPOLITANKE 150g KAKAO SIGNOR WAFER     ;657190    ;CABRIONI       ;        0.15;kg ;        1.15;        7.67;'8000155061903';HRANA;        0.00;        0.00
NAPOLITANKE 150g LJEŠNJAK SIGNOR WAFER  ;657191    ;CABRIONI       ;        0.15;kg ;        1.15;        7.67;'8000155101906';HRANA;        0.00;        0.00
PLAZMA KEKS 400g SPORTAŠICA 300+100g    ;657220    ;BAMBI          ;        0.40;kg ;        2.99;        7.48;'8600043039788';HRANA;        0.00;        0.00
KEKS PLAZMA ORIGINAL 2X300g +MAJICA     ;657949    ;BAMBI PLAZMA   ;        0.60;kg ;        5.98;        9.97;'3859893954399';HRANA;        0.00;        0.00
KEKS TUTKU KAKAO KREMA 120g             ;662569    ;ORBICO d.o.o.;        0.12;kg ;        1.45;       12.08;'8690526387994';HRANA;        0.00;        0.00
LASTA RONDINI LIMUN MAK 200g            ;662813    ;VIOLETA D.O.O.;        0.20;kg ;        1.99;        9.95;'3870128041554';HRANA;        0.00;        0.00
LASTA RONDINI LJEŠNJAK 200g             ;662814    ;LASTA          ;        0.20;kg ;        1.99;        9.95;'3870128041523';HRANA;        0.00;        0.00
WAFER ROLLS UB 170g                     ;662839    ;DUPIN d.o.o. ZAGREB;        0.17;kg ;        0.00;       11.47;'8690504081210';HRANA;        2.49;        1.95
KEKSI SPEKULATINS 600g                  ;662984    ;DUPIN d.o.o. ZAGREB;        0.60;kg ;        0.00;        4.82;'4006952007049';HRANA;        3.05;        2.89
KINDER DUO 150g KEKSI                   ;663225    ;FERRERO        ;        0.15;kg ;        4.29;       28.60;'8000500385807';HRANA;        0.00;        0.00
MR.BROWNIE HALLOWEEN 200g               ;663263    ;AWTINTERNATIONAL D.O.O. ZAGREB;        0.20;kg ;        3.49;       17.45;'8411037884525';HRANA;        0.00;        0.00
BISKREM MALINA 160g                     ;664270    ;MCVITIE'S      ;        0.16;kg ;        1.56;        9.75;'5941664007767';HRANA;        0.00;        0.00
NAPOLITANKE BL KAKAO 5X30g              ;664648    ;DUPIN d.o.o. ZAGREB;        0.15;kg ;        1.65;       11.00;'8001585076154';HRANA;        0.00;        0.00
NAPOLITANKE BL MLIJEKO 5X30g            ;664650    ;DUPIN d.o.o. ZAGREB;        0.15;kg ;        1.65;       11.00;'8001585076178';HRANA;        0.00;        0.00
CORNY BIG BANANA 50g                    ;153034    ;SCHWARTAU      ;        0.05;kg ;        1.19;       23.80;'4011800584511';HRANA;        0.00;        0.00
CORNY BIG KIKIRIKI 50g                  ;153051    ;SCHWARTAU      ;        0.05;kg ;        1.19;       23.80;'4011800599515';HRANA;        0.00;        0.00
FRUTABELA VIŠNJA 30g FRUCTAL            ;17242     ;ALCA ZAGREB D.O.O.;        0.03;kg ;        0.89;       29.67;'3838945501125';HRANA;        0.00;        0.00
FRUTABELA MARELICA 30g FRUCTAL          ;17244     ;ALCA ZAGREB D.O.O.;        0.03;kg ;        0.89;       29.67;'3838945501118';HRANA;        0.00;        0.00
CORNY BIG ÈOKOLADA/KEKSI 50g            ;309206    ;SCHWARTAU      ;        0.05;kg ;        1.19;       23.80;'4011800572518';HRANA;        0.00;        0.00
CORNY BIG LJEŠNJAK 50g                  ;312312    ;SCHWARTAU      ;        0.05;kg ;        1.19;       23.80;'4011800581510';HRANA;        0.00;        0.00
NESTLE FITNESS CHOCO.BARS 23.5g         ;325783    ;ALCA ZAGREB D.O.O.;        0.02;kg ;        0.79;       34.35;'5900020008121';HRANA;        0.00;        0.00
FRUTABELA ŠUM.VOÆE 30g FRUCTAL          ;38955     ;ALCA ZAGREB D.O.O.;        0.03;kg ;        0.89;       29.67;'3838945501095';HRANA;        0.00;        0.00
VITANOVA ŽITARICE+BRUSNICA 25g          ;513104    ;AWTINTERNATIONAL D.O.O. ZAGREB;        0.03;kg ;        0.44;       17.60;'8602300213160';HRANA;        0.00;        0.00
VITANOVA ŽITARICE+JAGODA 25g            ;513105    ;AWTINTERNATIONAL D.O.O. ZAGREB;        0.03;kg ;        0.44;       17.60;'8602300213115';HRANA;        0.00;        0.00
VITANOVA ŽITARICE MARELICA 20g          ;513106    ;AWTINTERNATIONAL D.O.O. ZAGREB;        0.02;kg ;        0.43;       21.50;'8602300212385';HRANA;        0.00;        0.00
CORNY MILK DARK&WHITE 40g               ;521964    ;SCHWARTAU      ;        0.04;kg ;        1.19;       29.75;'4011800583118';HRANA;        0.00;        0.00
NESTLE FIT.RED BERRIES BARS 23,5g       ;558203    ;ALCA ZAGREB D.O.O.;        0.00;kg ;        0.79;        0.00;'5900020029447';HRANA;        0.00;        0.00
NESTLE FIT.CHOCO&BANANA BAR 23,5g       ;574808    ;ALCA ZAGREB D.O.O.;        0.02;kg ;        0.79;       34.35;'5900020033956';HRANA;        0.00;        0.00
VITANOVA ŽITARICE ÈOKO/JAGODA 30g       ;628495    ;AWTINTERNATIONAL D.O.O. ZAGREB;        0.03;kg ;        0.55;       18.33;'8602300232093';HRANA;        0.00;        0.00
PLOÈICE BIJELA ÈOK.CR.VOÆE X4 100g      ;649373    ;DUPIN d.o.o. ZAGREB;        0.10;kg ;        3.59;       35.90;'8410223907888';HRANA;        0.00;        0.00
PLOÈICE MLIJEÈ.ÈOK. X4 100g             ;649374    ;DUPIN d.o.o. ZAGREB;        0.10;kg ;        3.59;       35.90;'8410223907871';HRANA;        0.00;        0.00
DOBRA ZOBENA KAŠA ÈOKOLADA 2GO 45g      ;649554    ;BIO PLOD D.O.O.;        0.05;kg ;        0.89;       19.78;'8595054908829';HRANA;        0.00;        0.00
DOBRA ZOBENA KAŠA NUTTY 2GO 40g         ;649559    ;BIO PLOD D.O.O.;        0.04;kg ;        0.89;       22.25;'8595054908867';HRANA;        0.00;        0.00
CORNY BIG BRUSNICA 50g                  ;86773     ;SCHWARTAU      ;        0.05;kg ;        1.19;       23.80;'4011800587512';HRANA;        0.00;        0.00
CORNY BIG ÈOKOLADA 50g                  ;86774     ;SCHWARTAU      ;        0.05;kg ;        1.19;       23.80;'4011800586515';HRANA;        0.00;        0.00
ÈOKOLADA ZA J.I KUH.100g KRAŠ           ;01058     ;DORINA         ;        0.10;kg ;        2.09;       20.90;'3850102110605';HRANA;        0.00;        0.00
ÈOKOLADA ZA J.I KUH.200g KRAŠ           ;02313     ;DORINA         ;        0.20;kg ;        3.89;       19.45;'3850102113613';HRANA;        0.00;        0.00
ÈOKOLADA ZA J.I KUH.100g KANDIT         ;03553     ;KANDIT         ;        0.10;kg ;        2.09;       20.90;'3858881040335';HRANA;        0.00;        0.00
ÈOKOLADA ZA J.I KUH.200g KANDIT         ;03554     ;KANDIT         ;        0.20;kg ;        0.00;       13.45;'3858881040298';HRANA;        3.99;        2.69
ÈOKOLADA ZA JELO I KUH.300g KRAŠ        ;145994    ;DORINA         ;        0.30;kg ;        5.59;       18.63;'3850102120697';HRANA;        0.00;        0.00
ÈOKOLADA ZA KUHANJE CHEFF DESS.300g     ;397319    ;SAPONIA D.D. OSIJEK;        0.30;kg ;        5.35;       17.83;'3858881048997';HRANA;        0.00;        0.00
BIJELA ÈOK. ZA KUHANJE 200g             ;534448    ;SAPONIA D.D. OSIJEK;        0.20;kg ;        5.35;       26.75;'3858889864360';HRANA;        0.00;        0.00
KAKAO TABLA ZA JELO I KUHANJE 250g CREMO;547668    ;SELECT FOOD D.O.O.;        0.25;kg ;        1.35;        5.40;'3890000472580';HRANA;        0.00;        0.00
ÈOKOLADA ZA JELO I KUHANJE 400g KANDIT  ;561525    ;SAPONIA D.D. OSIJEK;        0.40;kg ;        4.99;       12.48;'3858889866753';HRANA;        0.00;        0.00
ÈOK.ZA KUHANJE BIJELA 200g KRAŠ         ;637959    ;DORINA         ;        0.20;kg ;        5.59;       27.95;'3850102008643';HRANA;        0.00;        0.00
JAFFA 125g KRAŠ                         ;177005    ;KRAŠ JAFFA     ;        0.13;kg ;        1.39;       11.12;'3850102922703';HRANA;        0.00;        0.00
JAFFA DUO KEKS 250g KRAŠ                ;189882    ;KRAŠ JAFFA     ;        0.25;kg ;        2.60;       10.40;'3850102922833';HRANA;        0.00;        0.00
MILKA CHOCO DESSERT NARANÈA 147g        ;319702    ;MONDELEZ       ;        0.15;kg ;        1.79;       12.18;'7622300479138';HRANA;        0.00;        0.00
MILKA CHOCO DESSERT ÈOKOL.MOUSSE 128g   ;319704    ;MONDELEZ       ;        0.13;kg ;        1.79;       13.98;'7622300479084';HRANA;        0.00;        0.00
JAFFA BISKVIT 300g CRVENKA              ;321196    ;CRVENKA        ;        0.30;kg ;        2.49;        8.30;'8600114000211';HRANA;        0.00;        0.00
JAFFA CAKES CHOCO 155g                  ;428299    ;CRVENKA        ;        0.16;kg ;        1.39;        8.97;'8600114005360';HRANA;        0.00;        0.00
KEKS JAFFA KAKAO I NARANÈA 120g         ;438591    ;KRAŠ JAFFA     ;        0.12;kg ;        1.39;       11.58;'3850102505081';HRANA;        0.00;        0.00
JAFFA KEKS CHOCO VIŠNJA 155g CRVENKA    ;504752    ;CRVENKA        ;        0.16;kg ;        1.39;        8.97;'8600114006244';HRANA;        0.00;        0.00
JAFFA KEKS 800g BARON                   ;580509    ;BARON INTERNATIONAL DOO;        0.80;kg ;        4.25;        5.31;'3830041978658';HRANA;        0.00;        0.00
KEKS JAFFA 135g DELISANA SA KAKAO PRELJ ;594718    ;BARON INTERNATIONAL DOO;        0.14;kg ;        0.99;        7.33;'5905784913339';HRANA;        0.00;        0.00
JAFFA KEKS MILK CHOCO 158g              ;595822    ;CRVENKA        ;        0.16;kg ;        1.39;        8.80;'8600114009931';HRANA;        0.00;        0.00
JAFFA CAKES 150g                        ;63186     ;CRVENKA        ;        0.15;kg ;        1.39;        9.27;'8600114000013';HRANA;        0.00;        0.00
KEKS JAFFA 345g SL                      ;637522    ;VELETABAK DOO;        0.35;kg ;        2.75;        7.97;'3875002210613';HRANA;        0.00;        0.00
JAFFA KEKS 3PACK 375g XXL KRAŠ          ;665358    ;KRAŠ           ;        0.38;kg ;        3.15;        8.40;'3850102016860';HRANA;        0.00;        0.00
ROLADA KAKAO 300g                       ;15401     ;BALCONI        ;        0.30;kg ;        2.28;        7.60;'8001585002153';HRANA;        0.00;        0.00
ROLADA KAPUCINO 300g                    ;20886     ;DUPIN d.o.o. ZAGREB;        0.30;kg ;        2.28;        7.60;'8001585002160';HRANA;        0.00;        0.00
ROLINO KAKAO 222g                       ;261889    ;BALCONI        ;        0.22;kg ;        0.00;        8.51;'8001585001330';HRANA;        2.59;        1.89
ROLADA LJEŠNJAK 300g                    ;433401    ;BARON INTERNATIONAL DOO;        0.30;kg ;        1.85;        6.17;'5319990225511';HRANA;        0.00;        0.00
ROLADE MINI ROLLS ÈOKOLADA 180g         ;435254    ;BALCONI        ;        0.18;kg ;        1.69;        9.39;'8001585008032';HRANA;        0.00;        0.00
ROLADE MINI ROLLS MARELICA 180g         ;435255    ;BALCONI        ;        0.18;kg ;        1.69;        9.39;'8001585008025';HRANA;        0.00;        0.00
ROLADA KAKAO 250g DUPIN                 ;537570    ;BALCONI        ;        0.25;kg ;        1.69;        6.76;'8001585002108';HRANA;        0.00;        0.00
ROLADA LJEŠNJAK 250g DUPIN              ;537571    ;DUPIN d.o.o. ZAGREB;        0.25;kg ;        1.69;        6.76;'8001585002115';HRANA;        0.00;        0.00
ROLLINO LJEŠNJAK 222g                   ;553335    ;BALCONI        ;        0.22;kg ;        0.00;        8.51;'8001585001309';HRANA;        2.59;        1.89
TORTA ÈOKOLADA 400g BISKVIT             ;589195    ;CHOCOLITALY    ;        0.00;   ;        3.75;        0.00;'8014433002007';HRANA;        0.00;        0.00
ROLADA KAKAO 300g ÈOKOLADIRANA DOMA     ;595816    ;SLI-MET D.O.O.;        0.30;kg ;        1.69;        5.63;'3800213623310';HRANA;        0.00;        0.00
MUFFINS CLASIC 250g U POSUDI            ;643852    ;SLI-MET D.O.O.;        0.25;kg ;        3.20;       12.80;'8410722512507';HRANA;        0.00;        0.00
MUFFINS MRAMORNI 250g U POSUDI          ;643853    ;SLI-MET D.O.O.;        0.25;kg ;        3.20;       12.80;'8410722532505';HRANA;        0.00;        0.00
CHUPA CHUPS LIZ.BEST OF KOTAÈ 12g       ;159702    ;CHUPA CHUPS    ;        0.01;kg ;        0.39;       30.00;'49814521';HRANA;        0.00;        0.00
LIZALICA FLOPITO COLA 80g 10/1**        ;197996    ;FLORESTAL      ;        0.08;kg ;        0.85;       10.63;'7896321004376';HRANA;        0.00;        0.00
LIZALICA CHUPA CH.MELODY POPS FRUIT 15g ;311951    ;CHUPA CHUPS    ;        0.02;kg ;        0.60;       40.00;'84196842';HRANA;        0.00;        0.00
LIZALICA CANDY CANES  14g               ;314231    ;HAMLET         ;        0.01;kg ;        0.35;       25.00;'54083127';HRANA;        0.00;        0.00
LIZALICA JEZIK 15g                      ;522161    ;CANDY&TOY FACTO;        0.02;kg ;        1.49;       99.33;'8435124854420';HRANA;        0.00;        0.00
PJENASTE LIZALICE 45g HELLO KITTY 45g   ;547355    ;DUPIN d.o.o. ZAGREB;        0.05;kg ;        1.99;       44.22;'6936168710311';HRANA;        0.00;        0.00
LIZALICA CH.CH.3D SKULL 15g             ;562216    ;CHUPA CHUPS    ;        0.00;   ;        0.60;        0.00;'6921211114611';HRANA;        0.00;        0.00
CHUPA CHUPS 12*50 12g                   ;59070     ;CHUPA CHUPS    ;        0.01;kg ;        0.39;       32.50;'84196675';HRANA;        0.00;        0.00
LIZALICA YOLO 8/1 64g                   ;609447    ;ROX d.o.o. ZAGREB;        0.06;kg ;        2.65;       41.41;'3858893720645';HRANA;        0.00;        0.00
LIZALICE MINI CHUPA CHUPS 108g 18/1     ;615879    ;CHUPA CHUPS    ;        0.11;kg ;        2.51;       23.24;'8410031965056';HRANA;        0.00;        0.00
LIZALICE CHUPA CHUPS XXL 29g            ;617709    ;CHUPA CHUPS    ;        0.03;kg ;        0.75;       25.86;'84460547';HRANA;        0.00;        0.00
LIZALICA BRUXOLITO 50/1                 ;618456    ;FLORESTAL      ;        0.50;kg ;        3.49;        6.98;'7896321003669';HRANA;        0.00;        0.00
LIZALICE BLACK HEART 50/1 500g          ;618457    ;MIRNA-VERIS D.O.O.;        0.50;kg ;        4.18;        8.36;'7896321019981';HRANA;        0.00;        0.00
ÈOK. LIZALICA 22g CHOOKY LOLIPOPS       ;626931    ;DIPPO          ;        0.02;kg ;        0.49;       22.27;'8682134081630';HRANA;        0.00;        0.00
LIZALICA 15g +IGRAÈKA POP IT SPINER     ;638775    ;JOHNY BEE      ;        0.02;kg ;        1.65;      110.00;'5904310231558';HRANA;        0.00;        0.00
PJENASTA LIZALICA 45g ALPMIRA           ;641998    ;ALPMIRA        ;        0.05;kg ;        1.30;       28.89;'8681221148140';HRANA;        0.00;        0.00
LIZALICA+BOMBON U PRAHU 32g OZI CAT     ;642017    ;HURIKAN D.O.O.;        0.03;kg ;        0.00;       32.81;'8681812047401';HRANA;        1.35;        1.05
LIZALICA 20g 3D FIGURICA DINOSAUR BIP   ;645712    ;BARON INTERNATIONAL DOO;        0.02;kg ;        1.20;       60.00;'8714786302617';HRANA;        0.00;        0.00
LIZALICE MIX 920g ROSCHEN               ;650527    ;AWTINTERNATIONAL D.O.O. ZAGREB;        0.92;kg ;        5.99;        6.51;'4823077630743';HRANA;        0.00;        0.00
LIZALICA POPPY PRUITY 13g               ;652007    ;DUPIN d.o.o. ZAGREB;        0.01;kg ;        0.33;       25.38;'3395503272205';HRANA;        0.00;        0.00
DUPIN LIZALICA ÈOK 35g LOLLY            ;652168    ;DUPIN d.o.o. ZAGREB;        0.35;kg ;        2.29;        6.54;'5400265042794';HRANA;        0.00;        0.00
LIZALICA ELLO EGG POP DIP&LICK 32g      ;653574    ;MERT           ;        0.03;kg ;        0.00;       32.81;'8683923629057';HRANA;        1.39;        1.05
LIZALICA FM HOROZ 32g                   ;653575    ;FENOMEN        ;        0.03;kg ;        0.00;       32.81;'8681480315338';HRANA;        1.39;        1.05
LIZALICA SHOCKS COLA&MALINA 30g         ;655447    ;DUPIN d.o.o. ZAGREB;        0.03;kg ;        2.59;       86.33;'3395502983874';HRANA;        0.00;        0.00
LIZALICA RUŽ GABBY DOLL 5g              ;655449    ;DUPIN d.o.o. ZAGREB;        0.01;kg ;        1.19;      238.00;'5200701005099';HRANA;        0.00;        0.00
CHUPA CHUPS LIZALICE MELODY POPS 15g    ;658779    ;CHUPA CHUPS    ;        0.02;kg ;        0.60;       40.00;'6921211119807';HRANA;        0.00;        0.00
LIZALICA KOJAK COLA  105g**             ;662214    ;KOJAK          ;        0.11;kg ;        1.29;       12.29;'8411402282864';HRANA;        0.00;        0.00
LIZALICE KOJAK OBOJANI JEZIK 105g**     ;662216    ;KOJAK          ;        0.11;kg ;        1.29;       12.29;'8411402282871';HRANA;        0.00;        0.00
LIZALICA 4g TEKUÆI BOMBON OKUS JAGODA20G;662408    ;HURIKAN D.O.O.;        0.02;kg ;        1.35;       56.25;'6958482150116';HRANA;        0.00;        0.00
CROISSANT KAKAO 50g BAULI               ;407058    ;SALVIA D.O.O.;        0.05;kg ;        0.60;       12.00;'8001720445821';HRANA;        0.00;        0.00
CROISSANT KAKAO 6KOM 300g BAULI         ;407059    ;SALVIA D.O.O.;        0.30;kg ;        3.29;       10.97;'8001720645825';HRANA;        0.00;        0.00
KROASANI 300g ÈOK. KREMA BARON          ;520982    ;BARON INTERNATIONAL DOO;        0.30;kg ;        0.00;        8.50;'8004905570738';HRANA;        2.89;        2.55
KROASAN MARELICA 60g 7 DAYS MIDI        ;638586    ;CHIPITA        ;        0.06;kg ;        0.85;       14.17;'7622202029011';HRANA;        0.00;        0.00
KROASAN KAKAO KREMA 60g BELINO          ;640413    ;BELINO         ;        0.06;kg ;        0.69;       11.50;'5301000230387';HRANA;        0.00;        0.00
KROASANI KAKAO MINI FAMILY 185g         ;640414    ;AWTINTERNATIONAL D.O.O. ZAGREB;        0.19;kg ;        2.30;       12.43;'5301000230127';HRANA;        0.00;        0.00
KROASAN 7 DAYS MIDI KAKAO 60g           ;641362    ;CHIPITA        ;        0.06;kg ;        0.85;       14.17;'7622201388409';HRANA;        0.00;        0.00
KROASAN 7DAYS KAKO VANILIJA 60g MIDI    ;641857    ;CHIPITA        ;        0.06;kg ;        0.85;       14.17;'7622201389383';HRANA;        0.00;        0.00
7 DAY S SUPER MAX KAKAO 110g KROASAN    ;642709    ;CHIPITA        ;        0.11;kg ;        1.27;       11.55;'7622201388362';HRANA;        0.00;        0.00
KROASANI MULTIPACK 240g KAKAO           ;642726    ;CHIPITA        ;        0.24;kg ;        3.99;       16.63;'7622202049385';HRANA;        0.00;        0.00
KROASANI MULITP.240g KAKO VANILIJA      ;642727    ;CHIPITA        ;        0.24;kg ;        3.99;       16.63;'7622202049309';HRANA;        0.00;        0.00
KROASAN BELINO MIDI KAKAO VANILIJA 60g  ;643363    ;BELINO         ;        0.06;kg ;        0.69;       11.50;'5301000233418';HRANA;        0.00;        0.00
KROASANI BELINO MINI VANILIJA 72g**     ;643364    ;BELINO         ;        0.07;kg ;        0.80;       11.11;'5301000230134';HRANA;        0.00;        0.00
KROASANI BELINO MINI FAMILY VANILIJA 185;643365    ;BELINO         ;        0.19;kg ;        2.30;       12.43;'5301000230431';HRANA;        0.00;        0.00
KROASANI KAKAO 185g 7DAYS FAMILY        ;647827    ;CHIPITA        ;        0.19;kg ;        2.65;       14.32;'7622202215292';HRANA;        0.00;        0.00
KROASAN 7 DAYS 60g KAKAO                ;647832    ;CHIPITA        ;        0.06;kg ;        0.00;       13.17;'7622202215322';HRANA;        1.06;        0.79
KROASANI 7DAYS 185g DOUBLE KAKAO VANILIJ;649486    ;CHIPITA        ;        0.19;kg ;        2.65;       14.32;'7622202213984';HRANA;        0.00;        0.00
BALCONI KROASANI PISTACIJA 225g         ;649724    ;BALCONI        ;        0.23;kg ;        3.15;       14.00;'8004970146012';HRANA;        0.00;        0.00
MILKA KROASAN CHOCO 50g                 ;653636    ;FILIR D.O.O.;        0.05;kg ;        0.99;       19.80;'7622202257186';HRANA;        0.00;        0.00
MILKA KROASAN VANILIJA 50g              ;653637    ;FILIR D.O.O.;        0.05;kg ;        0.99;       19.80;'7622202257223';HRANA;        0.00;        0.00
KROASAN BELINO DOUBLE VIŠNJA 60g MIDI   ;655531    ;BELINO         ;        0.06;kg ;        0.69;       11.50;'5301000233425';HRANA;        0.00;        0.00
KROASAN CLASSIC 200g BALCONI            ;655857    ;BALCONI        ;        0.20;kg ;        2.99;       14.95;'8004970145954';HRANA;        0.00;        0.00
KROASAN ÈOKOLADA 225g BALCONI           ;655858    ;BALCONI        ;        0.23;kg ;        2.85;       12.67;'8004970145992';HRANA;        0.00;        0.00
BELINO KROASANI 72g KAKAO               ;656520    ;AWTINTERNATIONAL D.O.O. ZAGREB;        0.07;kg ;        0.99;       13.75;'5301000230011';HRANA;        0.00;        0.00
7 DAY S SUPER MAX KAKAO VANILIJA 110g   ;659073    ;CHIPITA        ;        0.11;kg ;        1.27;       11.55;'7622201390624';HRANA;        0.00;        0.00
HARIBO BRESKVA 100g                     ;02096     ;HARIBO         ;        0.10;kg ;        0.00;       11.90;'9002975380522';HRANA;        1.45;        1.19
HARIBO ZLATNI MEDO 100g                 ;02098     ;HARIBO         ;        0.10;kg ;        0.00;       11.90;'9002975301558';HRANA;        1.45;        1.19
HARIBO JAGODA 100g                      ;02100     ;HARIBO         ;        0.10;kg ;        0.00;       11.90;'9002975405157';HRANA;        1.45;        1.19
HARIBO MEKANI MEDO 200g                 ;02101     ;HARIBO         ;        0.20;kg ;        2.45;       12.25;'9002975401210';HRANA;        0.00;        0.00
HARIBO COLA 100g                        ;05229     ;HARIBO         ;        0.10;kg ;        0.00;       11.90;'9002975323369';HRANA;        1.45;        1.19
HARIBO STAR MIX 200g                    ;121996    ;HARIBO         ;        0.20;kg ;        2.45;       12.25;'9002975722025';HRANA;        0.00;        0.00
HARIBO HAPPY COLA 200g                  ;139272    ;HARIBO         ;        0.20;kg ;        2.45;       12.25;'9002975315104';HRANA;        0.00;        0.00
HARIBO 100g MEKANI MEDO                 ;20893     ;HARIBO         ;        0.10;kg ;        0.00;       11.90;'9002975401111';HRANA;        1.45;        1.19
KIKI GUMENI COLA 90g                    ;268169    ;KIKI GUMENI    ;        0.09;kg ;        1.19;       13.22;'3850102214990';HRANA;        0.00;        0.00
BEBETO SPAGHETTI STRAWBERRY 80g         ;332320    ;KERVAN         ;        0.08;kg ;        0.95;       11.88;'8690146679516';HRANA;        0.00;        0.00
HARIBO ZLATNI MEDO 200g                 ;33668     ;HARIBO         ;        0.20;kg ;        2.45;       12.25;'9002975301268';HRANA;        0.00;        0.00
KIKI GUMENI MEDO 90g RED                ;355643    ;KIKI GUMENI    ;        0.09;kg ;        1.19;       13.22;'3850102216369';HRANA;        0.00;        0.00
KIKI GUMENI ZMIJE 100g                  ;363738    ;KIKI GUMENI    ;        0.10;kg ;        1.19;       11.90;'3850102216376';HRANA;        0.00;        0.00
HARIBO CRVI 200g                        ;38128     ;HARIBO         ;        0.20;kg ;        2.45;       12.25;'9002975377218';HRANA;        0.00;        0.00
HARIBO BOMB.STARMIX 100g                ;393912    ;HARIBO         ;        0.10;kg ;        0.00;       11.90;'9002975726481';HRANA;        1.45;        1.19
HARIBO TREŠNJICE 100g                   ;394911    ;HARIBO         ;        0.10;kg ;        0.00;       11.90;'9002975309820';HRANA;        1.45;        1.19
GUM.BOMB.FINI SHOOTER TORNADO 6BOJA 26g ;398035    ;HURIKAN D.O.O.;        0.03;kg ;        0.59;       22.69;'8410525211348';HRANA;        0.00;        0.00
GUM.BOMB. FINI ROLLER DUGA ZAROL.TRAKA20;398037    ;FINI           ;        0.02;kg ;        0.50;       25.00;'8410525159039';HRANA;        0.00;        0.00
GUMENI BOMBONI TRAKE DUGA FINI 100g     ;398040    ;FINI           ;        0.10;kg ;        0.00;       11.50;'8410525206160';HRANA;        1.09;        1.15
HARIBO ROLE  25g                        ;40641     ;HARIBO         ;        0.03;kg ;        0.49;       19.60;'4001686372234';HRANA;        0.00;        0.00
HARIBO COLA ROLE 25g                    ;40642     ;HARIBO         ;        5.00;KOM;        0.49;        0.10;'4001686383025';HRANA;        0.00;        0.00
GUMENI BOMB. FINI ROLER JAGODA 20g      ;410108    ;HURIKAN D.O.O.;        0.02;kg ;        0.50;       25.00;'8410525127465';HRANA;        0.00;        0.00
GUMENI BOMBONI MALINA/KUPINA FINI 100g  ;441370    ;FINI           ;        0.10;kg ;        0.00;       11.50;'8410525116742';HRANA;        1.09;        1.15
GUMENI BOMBONI CRVI FINI 100g           ;441371    ;FINI           ;        0.10;kg ;        0.00;       11.50;'8410525116711';HRANA;        1.09;        1.15
GUM.BOMBONI BANANE FINI 100g            ;441372    ;FINI           ;        0.10;kg ;        0.00;       11.50;'8410525116759';HRANA;        1.09;        1.15
BEBETO SPAGHETTI COLA 80g               ;444878    ;KERVAN         ;        0.08;kg ;        0.95;       11.88;'8690146085164';HRANA;        0.00;        0.00
BEBETO SPAGHETTI APPLE 80g              ;508108    ;KERVAN         ;        0.08;kg ;        0.95;       11.88;'8690146679615';HRANA;        0.00;        0.00
HARIBO GUM.BOMBONI BOBICE 100g          ;511056    ;HARIBO         ;        0.10;kg ;        0.00;       11.90;'4001686705315';HRANA;        1.45;        1.19
BOMBONI PJENASTI BEBETO RAINBOW 60g     ;513427    ;KERVAN         ;        0.06;kg ;        0.85;       14.17;'8690146091882';HRANA;        0.00;        0.00
KIKI GUMENI MEDO DUO 90g                ;517066    ;KIKI GUMENI    ;        0.09;kg ;        1.19;       13.22;'3850102508921';HRANA;        0.00;        0.00
ŽELE BOMBONI VOÆNI 100g KICKS           ;536484    ;KANDIT         ;        0.10;kg ;        0.93;        9.30;'3858889864766';HRANA;        0.00;        0.00
BEBETO SOUR BLAST COLA 15g              ;556693    ;KERVAN         ;        0.02;kg ;        0.30;       20.00;'8690146675211';HRANA;        0.00;        0.00
GUMENI BOMBONI TROLLI CRVI 100g         ;562952    ;TROLLI         ;        0.10;kg ;        0.00;       11.90;'4003084319385';HRANA;        1.39;        1.19
GUMENI BOMBONI TROLLI DINO REX 100g     ;562953    ;TROLLI         ;        0.10;kg ;        0.00;       11.90;'4003084319507';HRANA;        1.39;        1.19
BEBETO SPAGHETTI RAINBOW 80g            ;565948    ;KERVAN         ;        0.08;KOM;        0.95;       11.88;'8690146122814';HRANA;        0.00;        0.00
HARIBO CRVI 100g (2019)                 ;573252    ;HARIBO         ;        0.10;kg ;        0.00;       11.90;'9002975377379';HRANA;        1.45;        1.19
BEBETO MARSHMALLOW PINK&WHITE 60g       ;594572    ;KERVAN         ;        0.06;kg ;        0.85;       14.17;'8690146101284';HRANA;        0.00;        0.00
ŽELE KOCKE 320g                         ;607259    ;KANDIT         ;        0.32;kg ;        2.23;        6.97;'3856024802338';HRANA;        0.00;        0.00
HARIBO GUMENI BOMBONI MIAMI FIZ 85g     ;615618    ;HARIBO         ;        0.09;kg ;        0.00;       14.00;'8426617359850';HRANA;        1.45;        1.19
HARIBO ŠUMSKE BOBICE 100g NOVO          ;618627    ;HARIBO         ;        0.10;kg ;        0.00;       11.90;'9002975328548';HRANA;        1.45;        1.19
HARIBO KISELI KRUMPIRIÆI 100g           ;628446    ;HARIBO         ;        0.10;kg ;        0.00;       11.90;'9002975331555';HRANA;        1.45;        1.19
GUMENI BOMBON BURGER 28g                ;628677    ;DUPIN d.o.o. ZAGREB;        0.03;kg ;        0.48;       17.14;'8992741906890';HRANA;        0.00;        0.00
GUMENI BOMBONI KI KI SOUR WORMS 180g    ;632317    ;KRAŠ d.d.;        0.18;kg ;        2.29;       12.72;'3850102006649';HRANA;        0.00;        0.00
HARIBO MIX FIZZ 100g                    ;632372    ;HARIBO         ;        0.10;kg ;        0.00;       11.90;'9002975331579';HRANA;        1.45;        1.19
HARIBO HAPPY COLA FIZZ 100g             ;632374    ;HARIBO         ;        0.10;kg ;        0.00;       11.90;'9002975331593';HRANA;        1.45;        1.19
KIKI GUMENI SOUR WORRMS 90g             ;632871    ;KIKI GUMENI    ;        0.09;kg ;        1.19;       13.22;'3850102006663';HRANA;        0.00;        0.00
GUMENI BOMBONI COLA  1kg MEGA**         ;633898    ;HURIKAN D.O.O.;        1.00;kg ;        4.65;        4.65;'8412957003928';HRANA;        0.00;        0.00
GUMENI BOMB.ZOZOLE TRAKE RAINBOW 75g    ;637466    ;ZOZOLE         ;        0.08;kg ;        0.85;       11.33;'5900353700211';HRANA;        0.00;        0.00
GUM.BOMBONI ZOZOLE STRAWBERRY STICKS 75G;642021    ;ZOZOLE         ;        0.08;kg ;        0.85;       11.33;'5900353701522';HRANA;        0.00;        0.00
GUM.BOMBONI ZOZOLE PAINTER 75g          ;642286    ;ZOZOLE         ;        0.08;kg ;        0.85;       11.33;'5900353702147';HRANA;        0.00;        0.00
GUMENI BOMBONI TROLLI BURGER 50g        ;645869    ;ROX d.o.o. ZAGREB;        0.05;kg ;        1.31;       26.20;'4000512008903';HRANA;        0.00;        0.00
GUMENI BOMBONI ZOZZOLE RAINBOW XXL 150g ;647958    ;ZOZOLE         ;        0.15;kg ;        1.59;       10.60;'5900353702413';HRANA;        0.00;        0.00
GUMENI BOMBONI ZOZZOLE PAINTER XXL 150g ;647959    ;ZOZOLE         ;        0.15;kg ;        1.59;       10.60;'5900353702437';HRANA;        0.00;        0.00
HARIBO KINDER PARTY MINIS 250g          ;654975    ;HARIBO         ;        0.25;kg ;        3.49;       13.96;'4001686003015';HRANA;        0.00;        0.00
HARIBO ZLATNI MEDO KISELI 100g**        ;654977    ;HARIBO         ;        0.10;kg ;        1.45;       14.50;'9002975002066';HRANA;        0.00;        0.00
ROSCHEN ŽELE BOMBONI 200g BOBIÈASTO VOÆE;656525    ;AWTINTERNATIONAL D.O.O. ZAGREB;        0.20;kg ;        0.00;        5.95;'4823077624261';HRANA;        1.65;        1.19
ROSCHEN ŽELE BOMBONI 200g CITRUS        ;656526    ;AWTINTERNATIONAL D.O.O. ZAGREB;        0.20;kg ;        0.00;        5.95;'4823077624247';HRANA;        1.65;        1.19
PJENASTI BOMBONI BBQ 300g MALOW         ;656933    ;BARON INTERNATIONAL DOO;        0.30;kg ;        1.99;        6.63;'5411178003178';HRANA;        0.00;        0.00
GUMENI BOMBONI VIDAL CREEPY JELLY 11g   ;657045    ;VELETABAK DOO;        0.01;kg ;        0.45;       40.91;'8413178275156';HRANA;        0.00;        0.00
GUMENI BOMBONI VIDAL PARTY MIX 150g     ;657046    ;VELETABAK DOO;        0.15;kg ;        3.29;       21.93;'8413178193566';HRANA;        0.00;        0.00
GUMENI BOMBONI TROLLI TARANTULA 100g    ;657204    ;ROX d.o.o. ZAGREB;        0.10;kg ;        0.00;       11.90;'8436036181567';HRANA;        1.39;        1.19
GUMENI BOMBONI TROLLI BLOB 100g         ;657205    ;ROX d.o.o. ZAGREB;        0.10;kg ;        0.00;       11.90;'8436036180638';HRANA;        1.39;        1.19
HITSCHIES KISELI PLAVI JEZICI 125g      ;657206    ;ROX d.o.o. ZAGREB;        0.13;kg ;        1.89;       15.12;'4003840008751';HRANA;        0.00;        0.00
HITSCHIES KISELI ZMAJEVI JEZICI 125g    ;657207    ;ROX d.o.o. ZAGREB;        0.13;kg ;        1.89;       15.12;'4003840008690';HRANA;        0.00;        0.00
GUMENI BOMBONI TROLLIY MANGO 75g        ;657208    ;ROX d.o.o. ZAGREB;        0.08;kg ;        2.99;       39.87;'4000512365105';HRANA;        0.00;        0.00
GUMENI BOMBONI TROLLI JAGODA 75g        ;657209    ;ROX d.o.o. ZAGREB;        0.08;kg ;        2.99;       39.87;'4000512365112';HRANA;        0.00;        0.00
HARIBO HARRY POTTER 85g                 ;657344    ;HARIBO         ;        0.09;kg ;        0.00;       14.00;'4001686017890';HRANA;        1.45;        1.19
HARIBO BOMBONI S GHETTI FIZZ 100g       ;658128    ;ALCA ZAGREB D.O.O.;        0.10;kg ;        0.00;       11.90;'4001686018811';HRANA;        1.45;        1.19
TROLLI DRACULA 150g GUMENI BOMBONI      ;658618    ;TROLLI         ;        0.15;kg ;        1.50;       10.00;'4000512463757';HRANA;        0.00;        0.00
TROLLI SUPERBRAIN 150g GUMENI BOMBONI   ;658619    ;TROLLI         ;        0.15;KOM;        1.50;       10.00;'4000512463771';HRANA;        0.00;        0.00
GUM.BOMBONI HALLOWEEN 168g              ;658877    ;YUPI EUROPE    ;        0.17;kg ;        2.95;       17.56;'8990102000782';HRANA;        0.00;        0.00
VIDAL MONSTER JELLY 11g GUMENI BOMBONI  ;662196    ;VELETABAK DOO;        0.01;kg ;        0.45;       40.91;'8413178390613';HRANA;        0.00;        0.00
VIDAL MONSTER MIX 180g                  ;662197    ;VELETABAK DOO;        0.18;kg ;        3.79;       21.06;'8413178368810';HRANA;        0.00;        0.00
GUMENI BOMBONI 290g KISELI PTAPIÆI      ;662403    ;HURIKAN D.O.O.;        0.29;kg ;        2.99;       10.31;'8411500120112';HRANA;        0.00;        0.00
GUMENI BOMBONI 290g GLATKI ŠTAPIÆI      ;662404    ;HURIKAN D.O.O.;        0.29;kg ;        2.99;       10.31;'8411500119826';HRANA;        0.00;        0.00
GUMENI BOMBONI 290g KISELE TRAKE        ;662406    ;HURIKAN D.O.O.;        0.29;kg ;        2.99;       10.31;'8411500119796';HRANA;        0.00;        0.00
MEDENO SRCE 150g PIONIR                 ;205654    ;PIONIR         ;        0.15;kg ;        1.89;       12.60;'8602300236022';HRANA;        0.00;        0.00
MEDENO SRCE VIŠNJA 150g                 ;206419    ;PIONIR         ;        0.15;kg ;        1.89;       12.60;'8602300206780';HRANA;        0.00;        0.00
MEDENJACI SRCULINO MARELICA 150g        ;579414    ;SRCULINO       ;        0.15;kg ;        1.26;        8.40;'5310342000145';HRANA;        0.00;        0.00
MEDENJACI SRCULINO NARANÈA 150g         ;579415    ;SRCULINO       ;        0.15;kg ;        1.26;        8.40;'5310342000213';HRANA;        0.00;        0.00
MEDENJACI SRCULINO MIX 150g             ;579675    ;SRCULINO       ;        0.15;kg ;        1.26;        8.40;'5310342000015';HRANA;        0.00;        0.00
MEDENJACI SRCULINO 600g MIJEŠ.VOÆE      ;582960    ;SRCULINO       ;        0.60;kg ;        4.45;        7.42;'5310342001753';HRANA;        0.00;        0.00
MEDENJACI SLAD. GLAZURA 1kg             ;619875    ;BARON INTERNATIONAL DOO;        1.00;kg ;        4.99;        4.99;'5900658734218';HRANA;        0.00;        0.00
MEDENJAK BIJELI 500g                    ;648080    ;VELETABAK DOO;        0.50;kg ;        0.00;        4.10;'3875000054530';HRANA;        3.99;        2.05
MEDENJACI 600g WEISS, PFEFFERNUSSE      ;650545    ;BARON INTERNATIONAL DOO;        0.60;kg ;        4.49;        7.48;'5900658736908';HRANA;        0.00;        0.00
MEDENJAK NARANÈA 500g  SL               ;651838    ;VELETABAK DOO;        0.50;kg ;        4.25;        8.50;'8600946689530';HRANA;        0.00;        0.00
MEDENJACI 400g LAMBERTZ TAMNA ÈOKOLADA  ;663381    ;LAMBERTZ       ;        0.40;kg ;        0.00;        6.48;'5900658735505';HRANA;        2.99;        2.59
MEDENJACI 400g LAMBERTS MLIJEÈ.ÈOKOLADA ;663384    ;BARON INTERNATIONAL DOO;        0.40;kg ;        0.00;        6.48;'5900658739503';HRANA;        2.99;        2.59
MEDENJACI 1kg LAMBERTZ SMEÐI            ;664694    ;BARON INTERNATIONAL DOO;        1.00;kg ;        4.99;        4.99;'5900658802115';HRANA;        0.00;        0.00
LISTOVI ZA PITE I SAVIJAÈE 500g CLARUM  ;147182    ;CLARUM         ;        0.50;kg ;        1.85;        3.70;'3859888231702';HRANA;        0.00;        0.00
PRINCES KRAFNE 200g VELIKE              ;34191     ;PAVONE         ;        0.20;kg ;        4.69;       23.45;'8006420102005';HRANA;        0.00;        0.00
PRINCES KRAFNE 100g MALE                ;34192     ;PAVONE         ;        0.10;kg ;        2.40;       24.00;'8006420101008';HRANA;        0.00;        0.00
JESTIVA POKRIVKA ZA TORTU MISTRAŽ       ;348957    ;MISTRAŽ D.O.O.;        0.00;   ;        3.45;        0.00;'3858889450808';HRANA;        0.00;        0.00
TENA LISTOVI ZA PITE I SAVIJAÈE 500g    ;351155    ;PAN-PEK D.O.O. ZAGREB;        0.50;kg ;        1.92;        3.84;'3859892466008';HRANA;        0.00;        0.00
KORE ZA KOLAÈE SWEET 440g BIOPLOD       ;504521    ;BIO PLOD D.O.O.;        0.44;kg ;        3.18;        7.23;'8606101301842';HRANA;        0.00;        0.00
KORE ZA KOLAÈE MEDENE 450g BIOPLOD      ;504522    ;BIO PLOD D.O.O.;        0.45;kg ;        3.18;        7.07;'8606101301606';HRANA;        0.00;        0.00
KORE ZA KOLAÈE ROZEN 430g BIOPLOD       ;504523    ;BIO PLOD D.O.O.;        0.43;kg ;        3.18;        7.40;'8606101301026';HRANA;        0.00;        0.00
LISTOVI ZA PITE I SAVIJAÈE C-BRAND 500g ;548679    ;CLARUM D.O.O.;        0.50;kg ;        0.00;        2.18;'3858891271620';HRANA;        1.33;        1.09
KORE ZA TORTE KAKAO 400g DOMA           ;619534    ;SLI-MET D.O.O.;        0.40;kg ;        3.70;        9.25;'3800213621538';HRANA;        0.00;        0.00
KORE ZA TORTE VANILIJA 400g DOMA        ;619535    ;SLI-MET D.O.O.;        0.40;kg ;        3.70;        9.25;'3800213621545';HRANA;        0.00;        0.00
KOŠARICE ZA PRINCES KRAFNE 200g         ;654362    ;SLI-MET D.O.O.;        0.20;kg ;        3.59;       17.95;'8000155822009';HRANA;        0.00;        0.00
BRUSCHETTE ŠPINAT/SIR 70g**             ;282423    ;ITAL FOOD      ;        0.07;kg ;        0.95;       13.57;'3800205875000';HRANA;        0.00;        0.00
BRUSCHETTE GLJIVE/VRHNJE 70g            ;282424    ;ITAL FOOD      ;        0.07;kg ;        0.95;       13.57;'3800205875208';HRANA;        0.00;        0.00
BRUSCHETTE RAJÈICA/MASLINE/ORIGANO 70g  ;282425    ;ITAL FOOD      ;        0.07;kg ;        0.95;       13.57;'3800205875109';HRANA;        0.00;        0.00
BRUSCHETTE MIJEŠANO POVRÆE 70g          ;282426    ;ITAL FOOD      ;        0.07;kg ;        0.95;       13.57;'3800205875307';HRANA;        0.00;        0.00
BRUSCHETTE 4 VRSTE SIRA 70g             ;286140    ;ITAL FOOD      ;        0.07;kg ;        0.95;       13.57;'3800205875604';HRANA;        0.00;        0.00
BRUSCHETTE ÈEŠNJAK 70g                  ;347154    ;ITAL FOOD      ;        0.70;kg ;        0.95;        1.36;'3800205870517';HRANA;        0.00;        0.00
BRUSCHETTE PIZZA 70g                    ;383982    ;ITAL FOOD      ;        0.07;kg ;        0.95;       13.57;'3800205871255';HRANA;        0.00;        0.00
BRUSCHETTE SALAMI PEPPERONI 70g         ;444141    ;ITAL FOOD      ;        0.07;kg ;        0.95;       13.57;'3800205873358';HRANA;        0.00;        0.00
BRUSCHETTE LUK I VRHNJE 70g             ;558204    ;ITAL FOOD      ;        0.07;kg ;        0.95;       13.57;'3800205877325';HRANA;        0.00;        0.00
BRUSCHETTE PIZZA 140g                   ;586538    ;ITAL FOOD      ;        0.14;kg ;        1.49;       10.64;'3800205877554';HRANA;        0.00;        0.00
BRUSCHETTE RAJCICA MASLINE ORIG 140g    ;586540    ;ITAL FOOD      ;        0.14;kg ;        1.49;       10.64;'3800205877547';HRANA;        0.00;        0.00
BAKE ROLLS ÈEŠNJAK 80g                  ;647625    ;FILIR D.O.O.;        0.08;kg ;        0.80;       10.00;'7622202016479';HRANA;        0.00;        0.00
BAKE ROLLS PIZZA 80g                    ;650236    ;FILIR D.O.O.;        0.08;kg ;        0.80;       10.00;'7622202016196';HRANA;        0.00;        0.00
BAKE ROLLS NATURAL 80g                  ;650331    ;FILIR D.O.O.;        0.08;kg ;        0.80;       10.00;'7622202015007';HRANA;        0.00;        0.00
BRUSCHETTE MIJEŠANO POVRÆE 140g         ;650369    ;ITAL FOOD      ;        0.14;kg ;        1.49;       10.64;'3800205877929';HRANA;        0.00;        0.00
BRUSCHETTE CHEDDAR I KISELO VRHNJE 140g ;658860    ;ITAL FOOD      ;        0.14;kg ;        1.72;       12.29;'3800237480586';HRANA;        0.00;        0.00
ÈOKO BANANA ORIGINAL MINI 120g KANDIT   ;508173    ;KANDIT         ;        0.12;kg ;        1.79;       14.92;'3858889862939';HRANA;        0.00;        0.00
ÈOKO BANANA ORIGINAL KANDIT 280g        ;538727    ;KANDIT         ;        0.28;kg ;        0.00;        9.96;'3858889865466';HRANA;        3.99;        2.79
CHOCO BANANA PRESTIGE 280g              ;547714    ;KANDIT         ;        0.28;kg ;        0.00;        9.96;'3858889865787';HRANA;        3.99;        2.79
CHOCO BANANA MEGA PACK 544g             ;582236    ;KANDIT         ;        0.54;kg ;        7.80;       14.34;'3858889865503';HRANA;        0.00;        0.00
KREM BANANA DIVA 510g                   ;640681    ;HANAEL FOOD D.O.O.;        0.51;kg ;        3.05;        5.98;'3857500120007';HRANA;        0.00;        0.00
BOŽIÆNA VREÈICA 100g-KLETT              ;295577    ;BARON INTERNATIONAL DOO;        0.10;kg ;        2.99;       29.90;'4008613005654';HRANA;        0.00;        0.00
KINDER SURPRISE PRIGODNI 20g            ;296845    ;FERRERO        ;        0.02;kg ;        0.00;       82.50;'80050117';HRANA;        1.89;        1.65
POKLON PAKET ÈIZMICA  297g              ;300168    ;HURIKAN D.O.O.;        0.27;kg ;        2.49;        9.29;'8693323141318';HRANA;        0.00;        0.00
RAFFAELO CUBETTO 70g                    ;377488    ;FERRERO        ;        0.07;kg ;        3.05;       43.57;'8000500164242';HRANA;        0.00;        0.00
ROCHER CUBETTO 75g                      ;377581    ;ATLANTIC TRADE d.o.o.;        0.08;kg ;        3.69;       49.20;'8000500160466';HRANA;        0.00;        0.00
KINDER ÈOKOLADA T12/24 XMAS 150g        ;402405    ;FERRERO        ;        0.15;kg ;        2.45;       16.33;'4008400203829';HRANA;        0.00;        0.00
BOŽIÆNA VREÆICA 100g                    ;430253    ;XMASS STAR     ;        0.10;kg ;        0.00;       12.50;'3830041972854';HRANA;        1.60;        1.25
BOŽIÆNJAK 120g BARON                    ;430257    ;XMASS STAR     ;        0.12;kg ;        1.65;       13.75;'3830041972830';HRANA;        0.00;        0.00
BOŽIÆNJAK 60g BARON                     ;502369    ;XMAS STAR      ;        0.06;kg ;        0.00;       10.83;'8606012128446';HRANA;        0.80;        0.65
SANTA CARRIAGE IGRAÈKA + BOMBONI        ;521839    ;HURIKAN D.O.O.;        0.01;kg ;        3.25;      650.00;'6921506690226';HRANA;        0.00;        0.00
KINDER MAXI MIX ÈOK+IGRAÈKA             ;524528    ;ATLANTIC TRADE d.o.o.;        0.13;kg ;        0.00;       70.60;'4008400270326';HRANA;       11.69;        9.39
KINDER JAJE MAXI 100g                   ;524529    ;ATLANTIC TRADE d.o.o.;        0.10;kg ;        0.00;       44.50;'4008400230726';HRANA;        5.55;        4.45
KINDER JAJE LEI MAXI 100g               ;524530    ;ATLANTIC TRADE d.o.o.;        0.00;kg ;        0.00;        0.00;'8000500170359';HRANA;        5.19;        4.45
ÈOK. JAJA U ŠALICI BARBIE 47g           ;533351    ;BARON INTERNATIONAL DOO;        0.05;kg ;        4.99;      106.17;'8004735094237';HRANA;        0.00;        0.00
BOMBONI +IGRAÈKA SANTA MICROPHONE 5g    ;546857    ;HURIKAN D.O.O.;        0.01;kg ;        3.25;      650.00;'6920168606170';HRANA;        0.00;        0.00
BOMBONI IMPULSI 5g SANTA FLASH TRAIN    ;563185    ;HURIKAN D.O.O.;        0.01;kg ;        3.25;      650.00;'6920140602022';HRANA;        0.00;        0.00
ÈOKOLADNA FIGURICA 30g + IGRAÈKA        ;563191    ;HURIKAN D.O.O.;        0.03;kg ;        0.65;       21.67;'8697422658371';HRANA;        0.00;        0.00
KINDER FIGURA CAVA 36g                  ;563809    ;ATLANTIC TRADE d.o.o.;        0.04;kg ;        1.99;       55.28;'8000500293744';HRANA;        0.00;        0.00
MILKA POKLON PAKET SA IGRAÈKOM 96g      ;580055    ;MONDELEZ       ;        0.10;kg ;       10.99;      114.48;'7622210857934';HRANA;        0.00;        0.00
CELEBRATIONS BOX 196g                   ;580734    ;ATLANTIC TRADE d.o.o.;        0.20;kg ;        0.00;       20.36;'5000159500845';HRANA;        4.65;        3.99
BOMBONIJERA PUZZLE 120g                 ;583891    ;BARON INTERNATIONAL DOO;        0.12;kg ;        4.49;       37.42;'5900847006058';HRANA;        0.00;        0.00
PANETTONE ÈOKOLADA 750g                 ;595299    ;C.A.K.DOO;        0.75;kg ;        8.05;       10.73;'8002734100898';HRANA;        0.00;        0.00
ÈOK. FIGURICA SV. NIKOLA 60g            ;595691    ;BARON INTERNATIONAL DOO;        0.06;kg ;        0.00;       10.83;'3830041979440';HRANA;        0.80;        0.65
BOMBONI 20g SA BOŽIÆNOM KUGLOM          ;596674    ;HURIKAN D.O.O.;        0.02;kg ;        3.25;      162.50;'6933893325421';HRANA;        0.00;        0.00
LIZALICA MEGA CANDY CANES 28g           ;619455    ;DUPIN d.o.o. ZAGREB;        0.03;kg ;        0.84;       30.00;'3395503146919';HRANA;        0.00;        0.00
KINDER HAPPY MOMENTS 184g               ;624859    ;ATLANTIC TRADE d.o.o.;        0.18;kg ;        0.00;       29.29;'8000500391471';HRANA;        5.99;        5.39
HARIBO WINTERMIX 90g                    ;638453    ;HARIBO         ;        0.09;kg ;        0.00;       13.22;'5996379804798';HRANA;        1.49;        1.19
LIZALICA+KISELI PRAH DJED BOŽIÈNJAK 50g ;638481    ;HURIKAN D.O.O.;        0.05;kg ;        1.99;       39.80;'6931722319870';HRANA;        0.00;        0.00
BOMBONIJERA BOŽIÆNA 120g HURIKAN        ;638483    ;HURIKAN D.O.O.;        0.12;kg ;        3.05;       25.42;'8699462605483';HRANA;        0.00;        0.00
BOMBONI 125g BISHOPS STAFF 54cm         ;638653    ;DUPIN d.o.o. ZAGREB;        0.13;kg ;        0.00;       47.12;'5400265000381';HRANA;        7.99;        5.89
PANETTONE GRANDUCALE 900g               ;648473    ;C.A.K.DOO;        0.90;kg ;        8.49;        9.43;'8002734000082';HRANA;        0.00;        0.00
BOMBONIJERA LEXUS BORIÆ 120g            ;649226    ;HURIKAN D.O.O.;        0.12;kg ;        3.69;       30.75;'8684154700416';HRANA;        0.00;        0.00
SANTA PONI  BOMBONI 5g+IGRAÈKA          ;649228    ;HURIKAN D.O.O.;        0.01;kg ;        1.69;      338.00;'6920171166227';HRANA;        0.00;        0.00
KRAŠ SLATKI MIX 373g BNG                ;649231    ;KRAŠ d.d.;        0.37;kg ;        4.49;       12.04;'3850102013692';HRANA;        0.00;        0.00
M&M CRISPY SANTA 29g                    ;649553    ;ATLANTIC TRADE d.o.o.;        0.03;kg ;        0.00;       34.14;'5000159566391';HRANA;        1.09;        0.99
KOESTLIN XMAS COOKIES SPECULAS 225g     ;649699    ;SAPONIA D.D. OSIJEK;        0.23;kg ;        1.65;        7.33;'3856014107924';HRANA;        0.00;        0.00
KOESTLIN XMAS KEKSI SPECULAAS 200g      ;649700    ;KOESTLIN       ;        0.20;kg ;        2.35;       11.75;'3856014107863';HRANA;        0.00;        0.00
BOŽIÆNJACI U VREÆICI 120g               ;649915    ;XMASS STAR     ;        0.12;kg ;        1.89;       15.75;'3830041973509';HRANA;        0.00;        0.00
SV.NIKOLA VREÆICA MIX 100g              ;650528    ;XMASS STAR     ;        0.10;kg ;        0.00;       12.50;'3830041973677';HRANA;        1.09;        1.25
PRALINE SOCADO 450g  CHRISTMAS          ;650540    ;BARON INTERNATIONAL DOO;        0.45;kg ;        0.00;       11.09;'8000017911780';HRANA;        5.79;        4.99
BOBI POKOLN PAKET 535g BOŽIÆ 2025       ;662725    ;FILIR D.O.O.;        0.54;kg ;        3.99;        7.46;'3858891166216';HRANA;        0.00;        0.00
TRONCHETTO KOLAÈ 750g ÈOK. KREMA        ;663002    ;C.A.K.DOO;        0.75;kg ;        5.99;        7.99;'8002734102229';HRANA;        0.00;        0.00
HARIBO MERRY CHRISTMAS MINIS 250g       ;663023    ;HARIBO         ;        0.25;kg ;        0.00;       13.16;'4001686805138';HRANA;        3.79;        3.29
CONSTANZA KUGEL MILK 120g MARCIPAN KUGLI;663288    ;DUPIN d.o.o. ZAGREB;        0.12;kg ;        8.49;       70.75;'4101730005153';HRANA;        0.00;        0.00
DORINA ÈOKOLADA MLIJEKO 160g BNG        ;663405    ;KRAŠ d.d.;        0.16;kg ;        2.99;       18.69;'3850102016280';HRANA;        0.00;        0.00
M&M SANTA 100g                          ;663417    ;MARS           ;        0.10;kg ;        0.00;       29.90;'50166398';HRANA;        3.79;        2.99
DORINA ÈOKOLADA KEKS 160g BNG           ;663438    ;KRAŠ d.d.;        0.16;kg ;        2.99;       18.69;'3850102016334';HRANA;        0.00;        0.00
DORINA ÈOKOLADA SPECULAAS 160g BNG      ;663439    ;KRAŠ d.d.;        0.16;kg ;        2.99;       18.69;'3850102016358';HRANA;        0.00;        0.00
DORINA ÈOKOLADA NOISETTE 160g BNG       ;663440    ;KRAŠ d.d.;        0.16;kg ;        2.99;       18.69;'3850102016297';HRANA;        0.00;        0.00
KI KI KARAMELA 100g XMAS                ;663441    ;KRAŠ d.d.;        0.10;kg ;        1.29;       12.90;'3850102016426';HRANA;        0.00;        0.00
BANANKO MINI 120g BNG                   ;663442    ;KRAŠ d.d.;        0.12;kg ;        1.69;       14.08;'3850102016372';HRANA;        0.00;        0.00
TORTICA ORIGINAL MINI 120g BNG          ;663443    ;KRAŠ d.d.;        0.12;kg ;        3.19;       26.58;'3850102008230';HRANA;        0.00;        0.00
DOMAÆICA TAMNA CIMET NARANÈA  BNG 275g  ;663445    ;KRAŠ d.d.;        0.28;kg ;        3.49;       12.69;'3850102016419';HRANA;        0.00;        0.00
LIZALICA CANDY GIANT CANE+IGRAÈKA 60g   ;663450    ;HURIKAN D.O.O.;        0.06;kg ;        0.00;       28.33;'5907582654513';HRANA;        2.20;        1.70
LIZALICA XMAS BOOTS 84g                 ;663680    ;DUPIN d.o.o. ZAGREB;        0.08;kg ;        2.65;       31.55;'3395503296430';HRANA;        0.00;        0.00
ÈOKOLADNI BOMBONI 100g SA PLIŠ.IGRAÈKOM ;663786    ;DUPIN d.o.o. ZAGREB;        0.10;kg ;       13.45;      134.50;'3395503087472';HRANA;        0.00;        0.00
SANTA GUMI+POP.CAND 25g                 ;663971    ;HURIKAN D.O.O.;        0.03;kg ;        1.25;       50.00;'9534567890121';HRANA;        0.00;        0.00
SANTA+BOMB 5g+TATTOO                    ;663972    ;HURIKAN D.O.O.;        0.01;kg ;        1.59;      318.00;'6920050600019';HRANA;        0.00;        0.00
SLJEZOV KOLAÈIÆ MALLOW PARTY 90g BOŽIÆ  ;664081    ;DUPIN d.o.o. ZAGREB;        0.09;kg ;        3.45;       38.33;'3395503297741';HRANA;        0.00;        0.00
ÈOK.PRALINE 50g SA PLIŠ MUZÈKOM IGRAÈKOM;664082    ;DUPIN d.o.o. ZAGREB;        0.05;kg ;       10.99;      219.80;'3395503186618';HRANA;        0.00;        0.00
BOBI BOŽIÆNA KUTIJA S RUÈKOM 365g 2025  ;664150    ;FILIR D.O.O.;        0.37;kg ;        4.89;       13.40;'3858891166308';HRANA;        0.00;        0.00
XMAS CHOCO BANANA 280g KANDIT           ;664152    ;SAPONIA D.D. OSIJEK;        0.28;kg ;        3.89;       13.89;'3856024806367';HRANA;        0.00;        0.00
XMAS DRAGEE 200g KANDIT                 ;664153    ;SAPONIA D.D. OSIJEK;        0.20;kg ;        7.69;       38.45;'3856024806343';HRANA;        0.00;        0.00
XMAS ÈOKOLADA SPECULAS 220g KANDIT      ;664154    ;SAPONIA D.D. OSIJEK;        0.22;kg ;        4.50;       20.45;'3856024806404';HRANA;        0.00;        0.00
XMAS PRALINE JAGODA 280g KANDIT         ;664155    ;SAPONIA D.D. OSIJEK;        0.28;kg ;        4.19;       14.96;'3856024806381';HRANA;        0.00;        0.00
XMAS VREÆICA 419g KANDIT                ;664156    ;SAPONIA D.D. OSIJEK;        0.42;kg ;        5.59;       13.34;'3856024806428';HRANA;        0.00;        0.00
MILKA ÈOKOLADA WINTER 90g               ;664393    ;FILIR D.O.O.;        0.09;kg ;        2.99;       33.22;'7622202253201';HRANA;        0.00;        0.00
MILKA DJED BOŽIÆNJAK 90g                ;664394    ;MONDELEZ       ;        0.09;kg ;        3.99;       44.33;'7622201688998';HRANA;        0.00;        0.00
ADVENTSKI KALENDAR 50g ÈOKO LICENCE     ;664477    ;BARON INTERNATIONAL DOO;        0.05;kg ;        0.00;       39.80;'5905858678478';HRANA;        2.60;        1.99
BONBONI U METALNOJ KUGLICI 5g           ;664490    ;BARON INTERNATIONAL DOO;        0.01;kg ;        1.99;      398.00;'8435477912099';HRANA;        0.00;        0.00
PRALINE DUBAI STYLE 150g SOCADO         ;664491    ;BARON INTERNATIONAL DOO;        0.15;kg ;        3.99;       26.60;'8000017161079';HRANA;        0.00;        0.00
DOMINO KOCKE 125g LAMBERTZ              ;664494    ;LAMBERTZ       ;        0.13;kg ;        1.99;       15.92;'5900658772302';HRANA;        0.00;        0.00
PARIS SPECULAS 225g                     ;665077    ;KOESTLIN       ;        0.23;kg ;        1.43;        6.36;'3856014109157';HRANA;        0.00;        0.00
LIZALICA GIGA TWIST 65g XMAS            ;699350    ;DUPIN d.o.o. ZAGREB;        0.07;kg ;        2.09;       32.15;'3395503015000';HRANA;        0.00;        0.00
ÈOK.JAJA PUNJENA ASSORTED 120g DUPIN    ;508315    ;DUPIN d.o.o. ZAGREB;        0.12;kg ;        1.59;       13.25;'8004735092530';HRANA;        0.00;        0.00
ÈOK.JAJA PUNJENA MLIJEÈNA 120g DUPIN    ;508316    ;DUPIN d.o.o. ZAGREB;        0.12;kg ;        1.59;       13.25;'8004735092523';HRANA;        0.00;        0.00
ÈOK JAJA VELIKA 200g SOCADO             ;529284    ;BARON INTERNATIONAL DOO;        0.20;kg ;        2.19;       10.95;'8000017125118';HRANA;        0.00;        0.00
ÈOK. JAJA 200g SOCADO                   ;571410    ;BARON INTERNATIONAL DOO;        0.20;kg ;        2.09;       10.45;'8000017120113';HRANA;        0.00;        0.00
HAPPY EASTER 25g ÈOK JAJE+IGRAÈKA       ;626926    ;HURIKAN D.O.O.;        0.03;kg ;        0.55;       22.00;'8697422659163';HRANA;        0.00;        0.00
ÈOK. FIGURICE HAPPY EASTER 100g         ;642064    ;BARON INTERNATIONAL DOO;        0.10;kg ;        2.99;       29.90;'5902581686503';HRANA;        0.00;        0.00
USKRS HARIBO 90g BUNNY & FRIENDS        ;642156    ;HARIBO         ;        0.09;kg ;        1.89;       21.00;'5996379820705';HRANA;        0.00;        0.00
BOMBONI S IGRAÈKOM LUCKY EGG 5g         ;653573    ;GLOBAL         ;        0.01;kg ;        1.35;      270.00;'8697422651846';HRANA;        0.00;        0.00
KANDIT USKRS PETIT BEURE ÈOK.75g        ;653888    ;SAPONIA D.D. OSIJEK;        0.08;kg ;        1.49;       19.87;'3856024806008';HRANA;        0.00;        0.00
KANDIT USKRS PRALINE JAGODA 280g        ;653890    ;SAPONIA D.D. OSIJEK;        0.28;kg ;        3.89;       13.89;'3856024805988';HRANA;        0.00;        0.00
TORTILLA CHIPS 200g NATURAL LA FIESTA   ;505645    ;SALVIA D.O.O.;        0.20;kg ;        2.24;       11.20;'5412514934842';HRANA;        0.00;        0.00
TORTILLA CHIPS 200g CHEESE LA FIESTA    ;505646    ;SALVIA D.O.O.;        0.20;kg ;        2.25;       11.25;'5412514934897';HRANA;        0.00;        0.00
TORTILLA CHIPS 200g CHILLI LA FIESTA    ;505647    ;SALVIA D.O.O.;        0.20;kg ;        2.25;       11.25;'5412514934927';HRANA;        0.00;        0.00
TORTILLA CHIPS MEX 200g DUPIN           ;541699    ;LIVEN-ZANUY    ;        0.20;kg ;        2.31;       11.55;'8411778164054';HRANA;        0.00;        0.00
TORTILLA CHIPS NACHOS 200g DUPIN        ;541700    ;LIVEN-ZANUY    ;        0.20;kg ;        2.19;       10.95;'8411778164252';HRANA;        0.00;        0.00
TORTILJA NACHO CHEESE 110g CHIO         ;626327    ;FIBIS D.O.O.;        0.11;kg ;        1.79;       16.27;'4001242106341';HRANA;        0.00;        0.00
TORTILJA ÈIPS ORIGINAL 110g CHIO        ;630185    ;FIBIS D.O.O.;        0.10;kg ;        1.79;       17.90;'4001242106334';HRANA;        0.00;        0.00
TORTILJA ÈIPS HOT CHILI 110g            ;630380    ;FIBIS D.O.O.;        0.11;kg ;        1.79;       16.27;'4001242106358';HRANA;        0.00;        0.00
DORITOS NACHO 90g                       ;641358    ;LAYS           ;        0.09;kg ;        1.99;       22.11;'8606017379393';HRANA;        0.00;        0.00
DORITOS TACO 90g                        ;641359    ;LAYS           ;        0.09;kg ;        1.99;       22.11;'8606017379416';HRANA;        0.00;        0.00
DORITOS HOT CORN 90g                    ;641360    ;LAYS           ;        0.09;kg ;        1.99;       22.11;'8606017379423';HRANA;        0.00;        0.00
DORITOS SWEET CHILLI 90g                ;647303    ;LAYS           ;        0.09;kg ;        1.99;       22.11;'8606017379409';HRANA;        0.00;        0.00
DIJO TORTILJA CHIPS MORSKA SOL 150g**   ;650361    ;DIJO           ;        0.15;kg ;        1.49;        9.93;'5900928088324';HRANA;        0.00;        0.00
DIJO TORTILJA CHIPS SIR 150g**          ;650362    ;MIRNA-VERIS D.O.O.;        0.15;kg ;        1.49;        9.93;'5900928088331';HRANA;        0.00;        0.00
DORITOS SWEET CHILLI 160g               ;652180    ;LAYS           ;        0.16;kg ;        2.79;       17.44;'8606033741365';HRANA;        0.00;        0.00
DORITOS NACHO CHEESE 160g               ;652181    ;LAYS           ;        0.16;kg ;        2.79;       17.44;'8606033741334';HRANA;        0.00;        0.00
ALPRO NAPITAK ORIGINAL SOJA KALCIJ 1L   ;30008     ;ENCIAN D.O.O.;        1.00;L  ;        3.09;        3.09;'5411188543381';HRANA;        0.00;        0.00
ALPRO NAPITAK OD RIŽE ORIGINAL 1L       ;421959    ;ENCIAN D.O.O.;        1.00;L  ;        3.79;        3.79;'5411188112549';HRANA;        0.00;        0.00
ALPRO NAPITAK OD BADEMA BŠ 1L           ;421960    ;ENCIAN D.O.O.;        1.00;L  ;        3.79;        3.79;'5411188112709';HRANA;        0.00;        0.00
ALPRO NAPITAK OD KOKOSA I BADEMA 1L     ;429356    ;ENCIAN D.O.O.;        1.00;L  ;        3.79;        3.79;'5411188118732';HRANA;        0.00;        0.00
NAPITAK OD PIRA NATURELL ALLOS 1 LIT.   ;552022    ;BIOVEGA DOO;        1.00;L  ;        3.19;        3.19;'4016249143732';HRANA;        0.00;        0.00
NAPITAK OD RIŽE NATURELL ALLOS 1L       ;552023    ;BIOVEGA DOO;        1.00;L  ;        3.19;        3.19;'4016249143695';HRANA;        0.00;        0.00
ALPRO NAPITAK OD KOKOSA BŠ 1LIT.        ;600421    ;ENCIAN D.O.O.;        1.00;L  ;        3.79;        3.79;'5411188128311';HRANA;        0.00;        0.00
BOOM BOX BIO NAPITAK OD ZOBI 1L         ;604590    ;BOOM BOX       ;        1.00;L  ;        3.29;        3.29;'3858890477504';HRANA;        0.00;        0.00
BOOM BOX BIO ZOB.NAPITAK S BADEMOM 1L   ;604591    ;BOOM BOX       ;        1.00;L  ;        3.49;        3.49;'3858890476927';HRANA;        0.00;        0.00
ZOBENI NAPITAK 1L O PLANT               ;608660    ;PODRAVKA d.d. KOPRIVNICA;        1.00;L  ;        3.25;        3.25;'3856020249847';HRANA;        0.00;        0.00
BADEM BILJNI NAPITAK 1L O PLANT         ;608662    ;PODRAVKA d.d. KOPRIVNICA;        1.00;L  ;        3.25;        3.25;'3856020249908';HRANA;        0.00;        0.00
NAPITAK OD ZOBI 1L DENNREE              ;612251    ;BIOVEGA DOO;        1.00;L  ;        1.99;        1.99;'4021851596715';HRANA;        0.00;        0.00
NAPITAK OD SOJE 1L DENREE               ;614065    ;BIOVEGA DOO;        1.00;L  ;        1.65;        1.65;'4021851011256';HRANA;        0.00;        0.00
BOOM BOX BIO ZOB.NAPITAK S BADEMOM 500mL;614196    ;BOOM BOX       ;        0.50;L  ;        2.09;        4.18;'3858890478792';HRANA;        0.00;        0.00
BOOM BOX BIO ZOB NAPITAK S LJEŠNJ.500mL ;614197    ;BOOM BOX       ;        0.50;L  ;        2.09;        4.18;'3858890478815';HRANA;        0.00;        0.00
BOOM BOX BIO ZOB.NAPIT.S LJEŠNJA.1L     ;617101    ;BOOM BOX       ;        1.00;L  ;        3.49;        3.49;'3858890476989';HRANA;        0.00;        0.00
NESTLE KUKURUZNE PAH.GLUTEN FREE 250g   ;444376    ;ALCA ZAGREB D.O.O.;        0.25;kg ;        2.49;        9.96;'5900020025432';HRANA;        0.00;        0.00
NESTLE CORNFLAKES KUK.PAHULJICE 500g    ;445277    ;ALCA ZAGREB D.O.O.;        0.50;kg ;        4.15;        8.30;'5900020025456';HRANA;        0.00;        0.00
MIX IT BRAŠNO BEZ GLUTENA 500g DR.SCHAR ;515915    ;SALVIA D.O.O.;        0.50;kg ;        2.75;        5.50;'8008698010358';HRANA;        0.00;        0.00
ORANGINO BEZ GLUTENA 150g               ;515918    ;SALVIA D.O.O.;        0.15;kg ;        2.98;       19.87;'8008698001325';HRANA;        0.00;        0.00
SALINIS PERECI BG 60g DR.SCHAR          ;515919    ;SALVIA D.O.O.;        0.06;kg ;        1.86;       31.00;'8008698002070';HRANA;        0.00;        0.00
NESTLE CORNFLAKES CHOCOLATE 450g        ;518066    ;ALCA ZAGREB D.O.O.;        0.45;kg ;        3.99;        8.87;'5900020026880';HRANA;        0.00;        0.00
FUSILLI TJESTENINA BG DR.SCHAR 250g     ;535260    ;SALVIA D.O.O.;        0.25;kg ;        1.86;        7.44;'8008698010075';HRANA;        0.00;        0.00
MIX-B BRAŠNO BG 1kg DR.SCHAR            ;539858    ;SALVIA D.O.O.;        1.00;kg ;        5.95;        5.95;'8008698004845';HRANA;        0.00;        0.00
PAN BLANCO KRUH BG DR.SCHAR 250g        ;552430    ;SALVIA D.O.O.;        0.25;kg ;        2.49;        9.96;'8008698024065';HRANA;        0.00;        0.00
PAN CEREAL RUSTICO KRUH BG 250g DR.SCHAR;563492    ;SALVIA D.O.O.;        0.25;kg ;        2.88;       11.52;'8008698024188';HRANA;        0.00;        0.00
ÈOKOLINO BEZ GLUTENA 200g               ;588737    ;PODRAVKA d.d. KOPRIVNICA;        0.20;kg ;        2.99;       14.95;'3856020240998';HRANA;        0.00;        0.00
BISCOTTO CON CIOCCOLATO 150g DR.SCHAR   ;595160    ;SALVIA D.O.O.;        0.15;kg ;        3.75;       25.00;'8008698005347';HRANA;        0.00;        0.00
CHOCO CHIP COOKIE KEKS 100g DR.SCHAR    ;595161    ;SALVIA D.O.O.;        0.10;kg ;        2.29;       22.90;'8008698013021';HRANA;        0.00;        0.00
TORTILLA BEZ GLUTENA (6X17cm) 216g      ;595770    ;DUPIN d.o.o. ZAGREB;        0.22;kg ;        3.79;       17.55;'8410076474001';HRANA;        0.00;        0.00
FUSILLI BEZ GLUTENA PASTA D ORO 500g    ;601191    ;MIRNA-VERIS D.O.O.;        0.50;kg ;        1.79;        3.58;'5948935000274';HRANA;        0.00;        0.00
ŠPAGETI BEZ GLUTENA PASTA D ORO 500g    ;601193    ;MIRNA-VERIS D.O.O.;        0.50;kg ;        1.72;        3.44;'5948935002605';HRANA;        0.00;        0.00
REZANCI BEZ GLUTENA PASTA D ORO 500g    ;601194    ;MIRNA-VERIS D.O.O.;        0.50;kg ;        1.79;        3.58;'5941634004208';HRANA;        0.00;        0.00
PUŽIÆI BEZ GLUTENA PASTA D ORO500G-NOVO ;613154    ;MIRNA-VERIS D.O.O.;        0.00;   ;        1.79;        0.00;'5948935000212';HRANA;        0.00;        0.00
KREKERI BEZGLUTENSKI DR.SCHAR 210g      ;616004    ;SALVIA D.O.O.;        0.21;kg ;        4.95;       23.57;'8008698003503';HRANA;        0.00;        0.00
NESTLE CORNFLAKES HONEY NUT 450g        ;624863    ;ALCA ZAGREB D.O.O.;        0.45;kg ;        3.99;        8.87;'5900020025692';HRANA;        0.00;        0.00
KRUH BIJELI BEZ GLUTENA 190g BAVITEN    ;647829    ;DUPIN d.o.o. ZAGREB;        0.19;kg ;        1.65;        8.68;'5907653104091';HRANA;        0.00;        0.00
KRUH TAMNI BEZ GLUTENA 190g BAVITEN     ;647830    ;DUPIN d.o.o. ZAGREB;        0.19;kg ;        1.75;        9.21;'5907653104183';HRANA;        0.00;        0.00
PAUSA CIOK KEKS 35g BEZ GLUTENA         ;655345    ;SALVIA D.O.O.;        0.04;kg ;        0.89;       25.43;'8008698001318';HRANA;        0.00;        0.00
MUFFIN 65g ÈOK.BEZGL.DR.SCHAR           ;692224    ;SALVIA D.O.O.;        0.07;kg ;        1.75;       26.92;'8008698015988';HRANA;        0.00;        0.00
KRUH BEZGL.250g SJEMENKE DUPIN          ;692374    ;DUPIN d.o.o. ZAGREB;        0.25;kg ;        2.79;       11.16;'5907653104794';HRANA;        0.00;        0.00
ZOBENE PAHULJICE EXTRA 500g BRUGGEN     ;03005     ;DUPIN d.o.o. ZAGREB;        0.50;kg ;        0.99;        1.98;'4008713702804';HRANA;        0.00;        0.00
ZOBENE PAHULJICE CIJELE 500g BRUGGEN    ;03006     ;DUPIN d.o.o. ZAGREB;        0.50;kg ;        1.40;        2.80;'4008713011289';HRANA;        0.00;        0.00
ZOBENE PAHULJICE SITNE 500g ENCIAN      ;322304    ;ENCIAN D.O.O.;        0.50;kg ;        1.09;        2.18;'4013138008851';HRANA;        0.00;        0.00
DOBRA ZOBENA KAŠA ŠUMSKO VOÆE 65g       ;513638    ;BIO PLOD D.O.O.;        0.07;kg ;        0.91;       14.00;'8595054904302';HRANA;        0.00;        0.00
DOBRA ZOBENA KAŠA ÈOKOLADA 65g          ;513639    ;BIO PLOD D.O.O.;        0.07;kg ;        0.91;       14.00;'8595054904258';HRANA;        0.00;        0.00
DOBRA ZOBENA KAŠA MALINA-VANIL.65g      ;514463    ;BIO PLOD D.O.O.;        0.07;kg ;        0.91;       14.00;'8595054904272';HRANA;        0.00;        0.00
DOBRA ZOBENA KAŠA JABUKA/CIMET 65g      ;518340    ;BIO PLOD D.O.O.;        0.07;kg ;        0.91;       14.00;'8595054904326';HRANA;        0.00;        0.00
SUPER KAŠA ÈOKOLADA/CHIA 61g DR.OETKER  ;603060    ;DR.OETKER d.o.o.ZAGREB;        0.06;kg ;        1.00;       16.39;'5997381368483';HRANA;        0.00;        0.00
SUPER KAŠA VANILIJA/CHIA SJEM.50g       ;616970    ;DR.OETKER d.o.o.ZAGREB;        0.05;kg ;        1.00;       20.00;'5997381370950';HRANA;        0.00;        0.00
ZOB.KAŠA MALINA/VANILIJA 60g BOOM BOX   ;617099    ;BOOM BOX       ;        0.06;kg ;        1.00;       16.67;'3858890478136';HRANA;        0.00;        0.00
ZOB.KAŠA LJEŠNJAK/ÈOKOLADA 60g BOOM BOX ;617100    ;BOOM BOX       ;        0.06;kg ;        1.00;       16.67;'3858890478075';HRANA;        0.00;        0.00
SUPER KAŠA MALINA/CHIA SJEMENKE 50g     ;617814    ;DR.OETKER d.o.o.ZAGREB;        0.05;kg ;        1.00;       20.00;'5997381370967';HRANA;        0.00;        0.00
ZOB.KAŠA LJEŠNJAK/ÈOKOLADA 300g BOOMBOX ;619887    ;BOOM BOX       ;        0.30;kg ;        3.99;       13.30;'3858890479225';HRANA;        0.00;        0.00
ZOB.KAŠA KOKOS/ÈOKOLADA 60g BOOMBOX     ;619888    ;BOOM BOX       ;        0.06;kg ;        1.00;       16.67;'3858890478112';HRANA;        0.00;        0.00
ZOBENA KAŠA 260g ÈOKOLADA               ;692163    ;BIO PLOD D.O.O.;        0.26;kg ;        2.99;       11.50;'8595054901110';HRANA;        0.00;        0.00
ZOBENA KAŠA 260g MALINA & VANILIJA      ;692164    ;BIO PLOD D.O.O.;        0.26;kg ;        2.99;       11.50;'8595054901073';HRANA;        0.00;        0.00
ZOBENA KAŠA 65g BOROV,CR.RIBIZL,CHIA    ;692165    ;BIO PLOD D.O.O.;        0.07;kg ;        0.99;       15.23;'8595054905958';HRANA;        0.00;        0.00
ZOBENA KAŠA 65g LJEŠNJAK                ;692166    ;BIO PLOD D.O.O.;        0.07;kg ;        0.99;       15.23;'8595054908164';HRANA;        0.00;        0.00
ZOBENE PAHULJICE 1kg DUPIN              ;692218    ;DUPIN d.o.o. ZAGREB;        1.00;kg ;        2.49;        2.49;'4008713713787';HRANA;        0.00;        0.00
ZOBENE PAHULJICE 500g KRUPNE EKOZONA    ;692250    ;BIOVEGA DOO;        0.50;kg ;        1.99;        3.98;'3858886175247';HRANA;        0.00;        0.00
DOBRA RIŽINA KAŠA 50g VANILIJA          ;692288    ;BIO PLOD D.O.O.;        0.05;kg ;        0.99;       19.80;'8595054909048';HRANA;        0.00;        0.00
DOBRA RIŽINA KAŠA ÈOK.BANA.50g          ;692289    ;BIO PLOD D.O.O.;        0.05;kg ;        0.99;       19.80;'8595054909086';HRANA;        0.00;        0.00
DOBRA RIŽINA KAŠA 50g ÈOKOLADA          ;692290    ;BIO PLOD D.O.O.;        0.05;kg ;        0.99;       19.80;'8595054909024';HRANA;        0.00;        0.00
DOBRA RIŽINA KAŠA 50g ŠUMSKO VOÆE       ;692291    ;BIO PLOD D.O.O.;        0.05;kg ;        0.99;       19.80;'8595054909062';HRANA;        0.00;        0.00
DOBRA RIŽINA KAŠA 50g MARELICA          ;692292    ;BIO PLOD D.O.O.;        0.05;kg ;        0.99;       19.80;'8595054909185';HRANA;        0.00;        0.00
KUKURUZ ZA KOKICE 200g ŠAFRAM           ;38262     ;ŠAFRAM D.O.O. ZAGREB;        0.20;kg ;        0.66;        3.30;'3859888163201';HRANA;        0.00;        0.00
KUKURUZ KOKIÈAR 400g NATURA             ;521913    ;MARJAN-VOÆE d.o.o.ZAGREB;        0.40;kg ;        0.98;        2.45;'3859892798482';HRANA;        0.00;        0.00
KOKICE 100g KANAAN                      ;528026    ;KANAAN d.o.o. M.POREÈ;        0.10;kg ;        0.65;        6.50;'3859888532380';HRANA;        0.00;        0.00
KUKURUZ KOKIÈAR 200g NATURA             ;549577    ;MARJAN-VOÆE d.o.o.ZAGREB;        0.20;kg ;        0.55;        2.75;'3859893124754';HRANA;        0.00;        0.00
BOBI KOKICE ZA MIKR.SLANE 100g          ;566014    ;FILIR D.O.O.;        0.10;kg ;        0.86;        8.60;'3858891590929';HRANA;        0.00;        0.00
BOBI KOKICE SLANE 100g                  ;566015    ;FILIR D.O.O.;        0.10;kg ;        1.26;       12.60;'3858891590943';HRANA;        0.00;        0.00
CHIO KUKURUZ ZA KOKICE 3X80g            ;600677    ;FIBIS D.O.O.;        0.24;kg ;        2.19;        9.13;'3856021303616';HRANA;        0.00;        0.00
CHIO KUKURUZ ZA MKW EXTRA CHEESE 80g    ;616231    ;FIBIS D.O.O.;        0.08;kg ;        1.05;       13.13;'3856021305191';HRANA;        0.00;        0.00
KOKICE SLANE 80g POP                    ;636205    ;POP            ;        0.08;kg ;        1.09;       13.63;'3858889366192';HRANA;        0.00;        0.00
KOKICE MASLAC POP 80g                   ;636207    ;POP            ;        0.08;kg ;        1.06;       13.25;'3858889366215';HRANA;        0.00;        0.00
KOKICE SIR POP 80g                      ;636208    ;POP            ;        0.08;kg ;        1.09;       13.63;'3858889366208';HRANA;        0.00;        0.00
KOKICE MASLAC 3X80g POP                 ;636210    ;POP            ;        0.24;kg ;        2.25;        9.38;'3858889366239';HRANA;        0.00;        0.00
KOKICE SLANE POP 3X80g                  ;636308    ;POP            ;        0.24;kg ;        2.25;        9.38;'3858889366222';HRANA;        0.00;        0.00
CHIO RTE POPCORN 75g                    ;641365    ;FIBIS D.O.O.;        0.05;kg ;        1.39;       30.89;'8595606209398';HRANA;        0.00;        0.00
KOKICE ZA MIKROVALNU POPZ 3X90g         ;651231    ;MIRNA-VERIS D.O.O.;        0.27;kg ;        1.99;        7.37;'5706516031501';HRANA;        0.00;        0.00
KOKICE ZA MIKR.SLANE MOGYI 3X100g       ;653723    ;FILIR D.O.O.;        0.30;kg ;        2.49;        8.30;'5997347556787';HRANA;        0.00;        0.00
KOKICE ZA MIKR.MASLAC MOGYI 3X100g      ;653724    ;FILIR D.O.O.;        0.30;kg ;        2.49;        8.30;'5997347556800';HRANA;        0.00;        0.00
BOBI GOTOVE KOKICE MASLAC 100g          ;662643    ;FILIR D.O.O.;        0.10;kg ;        1.26;       12.60;'3858891591223';HRANA;        0.00;        0.00
KOKICE MASLAC POPZ 3X90g                ;667628    ;MIRNA-VERIS D.O.O.;        0.27;kg ;        1.99;        7.37;'5706516031518';HRANA;        0.00;        0.00
JELO U ÈAŠI JAPAN.KLASIK 93g AJINOMOTO  ;563489    ;AJINOMOTO      ;        0.09;kg ;        1.89;       20.32;'5901384503635';HRANA;        0.00;        0.00
JELO U ÈAŠI TERIYAKI PILET.96g AJINOMOTO;563490    ;AJINOMOTO      ;        0.10;kg ;        1.89;       19.69;'5901384503642';HRANA;        0.00;        0.00
JELO U ÈAŠI JUNET.-WASABI 93g AJINOMOTO ;563491    ;AJINOMOTO      ;        0.09;kg ;        1.89;       20.32;'5901384503659';HRANA;        0.00;        0.00
RAMEN JUHA U ÈAŠI PILETINA 63g AJINOMOTO;595162    ;AJINOMOTO      ;        0.09;kg ;        1.65;       17.74;'5901384503734';HRANA;        0.00;        0.00
RAMEN JAPANSKA JUHA U ÈAŠI MISO 66g     ;595166    ;AJINOMOTO      ;        0.07;kg ;        1.65;       25.00;'5901384500610';HRANA;        0.00;        0.00
INST.JUHA S REZANC.PILETINA 5/1(5X75g)  ;614968    ;INDOMIE        ;        0.38;kg ;        1.59;        4.24;'089686170054';HRANA;        0.00;        0.00
INST.JUHA S REZANC.GOVEDINA 5/1 (5X70g) ;614969    ;INDOMIE        ;        0.35;kg ;        0.00;        4.54;'8606108584132';HRANA;        2.29;        1.59
INST.JUHA S REZANC.POVRÆE 5/1 (5X75g)   ;614970    ;INDOMIE        ;        0.38;kg ;        1.59;        4.24;'089686170269';HRANA;        0.00;        0.00
NOODLES FINI MINI KOKOŠJI 75g PODRAVKA  ;617702    ;FINI MINI      ;        0.08;kg ;        0.69;        9.20;'3856020257996';HRANA;        0.00;        0.00
NOODLES FINI MINI GOVEÐI 75g PODRAVKA   ;617703    ;FINI MINI      ;        0.08;kg ;        0.69;        9.20;'3856020258054';HRANA;        0.00;        0.00
NOODLES FINI MINI KOKOŠJI (5X75g) 375g  ;618593    ;FINI MINI      ;        0.38;kg ;        2.65;        7.07;'3856020258337';HRANA;        0.00;        0.00
NOODLES FINI MINI GOVEÐI (5X75g) 375g   ;618595    ;FINI MINI      ;        0.38;kg ;        2.65;        7.07;'3856020258399';HRANA;        0.00;        0.00
INST.JUHA S REZANC.PILET.5/1(350g)      ;626257    ;INDOMIE        ;        0.35;kg ;        1.59;        4.54;'089686170115';HRANA;        0.00;        0.00
INST.JUHA S REZANC.PILETINA 75g INDOMIE ;628732    ;INDOMIE        ;        0.08;kg ;        0.66;        8.80;'089686170047';HRANA;        0.00;        0.00
MAGGI AZIJA TJESTENINA CURRY 63g**      ;638209    ;MAGGI          ;        0.06;kg ;        2.09;       33.17;'7613036679992';HRANA;        0.00;        0.00
INST JUHA S REZANC PIL.10/1 700g INDO   ;645343    ;INDOMIE        ;        0.70;kg ;        3.89;        5.56;'8606108584620';HRANA;        0.00;        0.00
NOODLES FINI MINI U ÈAŠI CURRY 65g      ;647335    ;FINI MINI      ;        0.07;kg ;        1.69;       26.00;'3856020269944';HRANA;        0.00;        0.00
NOODLES FINI MINI U ÈAŠI TER.PIL.65g    ;647337    ;FINI MINI      ;        0.07;kg ;        1.69;       26.00;'3856020270063';HRANA;        0.00;        0.00
NOODLES FINI MINI U ÈAŠI GOVEDINA 65g   ;647338    ;FINI MINI      ;        0.07;kg ;        1.69;       26.00;'3856020270032';HRANA;        0.00;        0.00
MAGGI NOODLE U VREÆICI - GOVEDINA 59,2g ;647657    ;MAGGI          ;        0.06;kg ;        0.79;       13.39;'5201219488794';HRANA;        0.00;        0.00
MAGGI NOODLE U VREÆICI-PILETINA 59,2g   ;647658    ;MAGGI          ;        0.06;kg ;        0.79;       13.39;'5201219488800';HRANA;        0.00;        0.00
JELO U ÈAŠI AJINOMOTO JAP.CURRY 90g     ;654686    ;AJINOMOTO      ;        0.09;kg ;        1.89;       21.00;'5901384504854';HRANA;        0.00;        0.00
JELO U ÈAŠI AJINOMOTO PAD-THAI 93g      ;654687    ;AJINOMOTO      ;        0.09;kg ;        1.89;       20.32;'5901384505370';HRANA;        0.00;        0.00
AJINOMOTO RAMEN PILETINA 63g JUHA U ÈAŠI;656369    ;AJINOMOTO      ;        0.06;kg ;        1.65;       26.19;'5901384500627';HRANA;        0.00;        0.00
MAGGI AZIJA TJESTENINA CHILLI 63g       ;657599    ;MAGGI          ;        0.06;kg ;        2.09;       33.17;'8445291837461';HRANA;        0.00;        0.00
MAGGI AZIJA TJESTENINA CURRY 63g        ;657600    ;MAGGI          ;        0.06;kg ;        2.09;       33.17;'8445291837621';HRANA;        0.00;        0.00
MAGGI AZIJA TJESTENINA PILETINA 63g     ;657601    ;MAGGI          ;        0.06;kg ;        2.09;       33.17;'8445291837508';HRANA;        0.00;        0.00
INDOMIE INS.JUHA 3/1 225g SPEC.PILETINA ;658569    ;INDOMIE        ;        0.23;kg ;        1.29;        5.73;'8606108584668';HRANA;        0.00;        0.00
ENERVIT PROTEIN 26% CHOCO 40g           ;655240    ;ENERVIT        ;        0.04;kg ;        0.00;       34.75;'80483915';HRANA;        1.34;        1.39
ENERVIT PROTEIN 50% DARK 40g            ;655241    ;ENERVIT        ;        0.04;kg ;        0.00;       46.25;'8007640896118';HRANA;        1.79;        1.85
ENERVIT PROTEIN 19% CRUNCHY CHOCO 40g   ;655242    ;ENERVIT        ;        0.04;kg ;        0.00;       29.75;'8007640991295';HRANA;        1.12;        1.19
ENERVIT PROTEIN 26% CHOCO 40g           ;656589    ;ENERVIT        ;        0.04;kg ;        0.00;       34.75;'8007640896569';HRANA;        1.34;        1.39
ENERVIT PROTEIN 50% DARK CHOCO 40g      ;656590    ;ENERVIT        ;        0.04;   ;        0.00;       46.25;'8007640896088';HRANA;        1.79;        1.85
RADION PLAVI 500g                       ;03034     ;RADION         ;        0.50;kg ;        1.89;        3.78;'3850105101167';SREDSTVA ZA ÈIŠÆENJE;        0.00;        0.00
BIOAKTIV 9kg MOUNTAIN FRESH*            ;354486    ;BIOAKTIV       ;        9.00;kg ;       16.99;        1.89;'3850105123244';SREDSTVA ZA ÈIŠÆENJE;        0.00;        0.00
BIOAKTIV 9kg FLOWER 2IN1*               ;362342    ;BIOAKTIV       ;        9.00;kg ;       16.99;        1.89;'3850105126955';SREDSTVA ZA ÈIŠÆENJE;        0.00;        0.00
FAKS 10kg AQUAMARINE*                   ;448714    ;FAKS           ;       10.00;kg ;       19.99;        2.00;'3850105153340';SREDSTVA ZA ÈIŠÆENJE;        0.00;        0.00
TRIX DETERDŽENT ZA RUBLJE 3kg           ;506163    ;VIKRIDAN D.O.O.;        3.00;kg ;        3.69;        1.23;'3838966208133';SREDSTVA ZA ÈIŠÆENJE;        0.00;        0.00
CALGON PROTIV KAMENCA 1kg               ;535124    ;CALGON         ;        1.00;kg ;        0.00;        7.99;'5997321701806';SREDSTVA ZA ÈIŠÆENJE;       12.49;        7.99
WASH WITH STYLE 10kg*                   ;572692    ;PORTEROS D.O.O.;       10.00;kg ;        9.29;        0.93;'8594163900540';SREDSTVA ZA ÈIŠÆENJE;        0.00;        0.00
FAKS 1,17kg LAV.SMILJE 18 PRANJA**      ;608726    ;FAKS           ;        1.17;kg ;        0.00;        4.86;'3850105176585';SREDSTVA ZA ÈIŠÆENJE;        7.99;        5.69
FAKS 5,85kg AQUAMARINE 90 PRANJA**      ;613533    ;FAKS           ;        5.85;kg ;       25.99;        4.44;'3850105176738';SREDSTVA ZA ÈIŠÆENJE;        0.00;        0.00
LAX PWD 8kg DETERDŽENT ZA RUBLJE        ;614672    ;LAX            ;        8.00;kg ;        7.96;        1.00;'8594163901875';SREDSTVA ZA ÈIŠÆENJE;        0.00;        0.00
FAKS 4,87kg LAV&SMILJE 75 PRANJA**      ;617728    ;FAKS           ;        4.88;kg ;       22.79;        4.67;'3850105179654';SREDSTVA ZA ÈIŠÆENJE;        0.00;        0.00
GREEN LINE 3kg DETERDŽENT               ;626618    ;GREEN LINE     ;        3.00;kg ;        3.29;        1.10;'8594163901493';SREDSTVA ZA ÈIŠÆENJE;        0.00;        0.00
ARIEL PWD COLOR 4,4kg 80W*              ;633274    ;ARIEL          ;        4.40;kg ;       39.99;        9.09;'8006540940693';SREDSTVA ZA ÈIŠÆENJE;        0.00;        0.00
ARIEL PWD REG.POLYBAG 1,1kg 20WL        ;634581    ;ARIEL          ;        1.10;kg ;       14.99;       13.63;'8006540940334';SREDSTVA ZA ÈIŠÆENJE;        0.00;        0.00
ARIEL PWD COL.POLYBAG 1,1kg 20WL        ;634893    ;ARIEL          ;        1.10;kg ;       14.99;       13.63;'8006540940259';SREDSTVA ZA ÈIŠÆENJE;        0.00;        0.00
CALGON PROTIV KAMENCA 700g              ;635240    ;CALGON         ;        0.70;kg ;        0.00;        8.56;'5999109510594';SREDSTVA ZA ÈIŠÆENJE;        8.99;        5.99
ARIEL PWD REGULAR 4,4kg 80WL*           ;637870    ;ARIEL          ;        4.40;kg ;       42.99;        9.77;'8006540940150';SREDSTVA ZA ÈIŠÆENJE;        0.00;        0.00
VESH 3kg PRAŠAK ZA RUBLJE*              ;646186    ;VESH           ;        3.00;kg ;        0.00;        3.76;'3870128037021';SREDSTVA ZA ÈIŠÆENJE;       16.99;       11.29
PERSIL PWD 90WL FRESHNESS SILAN 4,95kg  ;660088    ;PERSIL         ;        4.95;kg ;       32.99;        6.66;'9000101805963';SREDSTVA ZA ÈIŠÆENJE;        0.00;        0.00
PERSIL PWD EXP SILAN 3,96kg             ;660097    ;PERSIL         ;        3.96;kg ;        0.00;        4.80;'9000101805932';SREDSTVA ZA ÈIŠÆENJE;       29.99;       18.99
PERSIL PWD EXP SILAN 2,97kg 54WL        ;666083    ;PERSIL         ;        2.97;L  ;       15.49;        5.22;'9000101806311';SREDSTVA ZA ÈIŠÆENJE;        0.00;        0.00
RUBEL 2,25kg FLOWER 30 PRANJA*          ;666313    ;RUBEL          ;        2.25;kg ;        4.99;        2.22;'3850105186980';SREDSTVA ZA ÈIŠÆENJE;        0.00;        0.00
FAKS 220g AQUAMARINE 4 PRANJA           ;666353    ;FAKS           ;        0.22;kg ;        1.99;        9.05;'3850105187796';SREDSTVA ZA ÈIŠÆENJE;        0.00;        0.00
FAKS 1,1kg AQUAMARINE 20PRANJA          ;666354    ;FAKS           ;        1.10;kg ;        8.49;        7.72;'3850105187826';SREDSTVA ZA ÈIŠÆENJE;        0.00;        0.00
FAKS 1,1kg BY ORNEL 20PRANJA            ;666355    ;FAKS           ;        1.10;kg ;        8.49;        7.72;'3850105187888';SREDSTVA ZA ÈIŠÆENJE;        0.00;        0.00
FAKS 1,1kg SUPERAKTIV 20 PRANJA         ;666356    ;FAKS           ;        1.10;kg ;        8.49;        7.72;'3850105187857';SREDSTVA ZA ÈIŠÆENJE;        0.00;        0.00
FAKS 1,1kg BABY&SENSITIVE 20 PRANJA     ;666357    ;FAKS           ;        1.10;kg ;        8.49;        7.72;'3850105187918';SREDSTVA ZA ÈIŠÆENJE;        0.00;        0.00
FAKS 2,2kg AQUAMARINE 40 PRANJA         ;666358    ;FAKS           ;        2.20;kg ;       11.99;        5.45;'3850105187949';SREDSTVA ZA ÈIŠÆENJE;        0.00;        0.00
FAKS 2,2kg SUPERAKTIV 40 PRANJA         ;666359    ;FAKS           ;        2.20;kg ;       11.99;        5.45;'3850105187970';SREDSTVA ZA ÈIŠÆENJE;        0.00;        0.00
FAKS 3,3kg AQUAMARINE 60 PRANJA         ;666360    ;FAKS           ;        3.30;kg ;       17.99;        5.45;'3850105188069';SREDSTVA ZA ÈIŠÆENJE;        0.00;        0.00
FAKS 4,95kg AQUAMARINE 90 PRANJA        ;666363    ;FAKS           ;        4.95;kg ;        0.00;        3.63;'3850105188243';SREDSTVA ZA ÈIŠÆENJE;       25.99;       17.99
DASH 1,05kg PWD REGULAR 21 PRANJE       ;666367    ;DASH           ;        1.05;kg ;       13.79;       13.13;'8700216791328';SREDSTVA ZA ÈIŠÆENJE;        0.00;        0.00
ARIEL 3,46kg PWD COLOR 63 PRANJA        ;666500    ;ARIEL          ;        3.46;kg ;       29.99;        8.67;'8700216733335';SREDSTVA ZA ÈIŠÆENJE;        0.00;        0.00
ARIEL 3,46kg PWD SPRING 63 PRANJA*      ;666501    ;ARIEL          ;        3.46;kg ;       29.99;        8.67;'8700216733830';SREDSTVA ZA ÈIŠÆENJE;        0.00;        0.00
ARIEL 2,2kg M.SPRING 40 PRANJA          ;666506    ;ARIEL          ;        2.20;kg ;       20.99;        9.54;'8700216733458';SREDSTVA ZA ÈIŠÆENJE;        0.00;        0.00
ARIEL 2,2kg COLOR 40 PRANJA             ;666507    ;ARIEL          ;        2.20;kg ;       20.99;        9.54;'8700216733311';SREDSTVA ZA ÈIŠÆENJE;        0.00;        0.00
DASH 2,1kg PRAŠAK 42 PRANJA             ;666593    ;DASH           ;        2.10;L  ;       21.99;       10.47;'8700216742030';SREDSTVA ZA ÈIŠÆENJE;        0.00;        0.00
GREEN LINE 5kg DETERDŽENT*              ;666618    ;GREEN LINE     ;        5.00;kg ;        8.99;        1.80;'8594163902049';SREDSTVA ZA ÈIŠÆENJE;        0.00;        0.00
DASH 3,3kg PWD 66 PRANJA                ;666633    ;DASH           ;        3.30;kg ;       27.99;        8.48;'8700216741934';SREDSTVA ZA ÈIŠÆENJE;        0.00;        0.00
DASH 4,15kg PWD REGULAR 83 PRANJA*      ;666637    ;DASH           ;        4.15;kg ;       39.99;        9.64;'8700216742009';SREDSTVA ZA ÈIŠÆENJE;        0.00;        0.00
PERSIL PWD EXP SILAN 2,48kg             ;666814    ;PERSIL         ;        2.48;kg ;       21.99;        8.87;'9000101805130';SREDSTVA ZA ÈIŠÆENJE;        0.00;        0.00
PERSIL PWD UNI 2,75kg                   ;666818    ;PERSIL         ;        2.75;kg ;       21.99;        8.00;'9000101805048';SREDSTVA ZA ÈIŠÆENJE;        0.00;        0.00
PERSIL PWD UNIVERSAL CEE CWH 1,10kg     ;666819    ;PERSIL         ;        1.10;L  ;        6.99;        6.35;'9000101804713';SREDSTVA ZA ÈIŠÆENJE;        0.00;        0.00
PERSIL POW EXP SEN 0,99kg               ;666820    ;PERSIL         ;        0.99;kg ;        6.99;        7.06;'9000101802689';SREDSTVA ZA ÈIŠÆENJE;        0.00;        0.00
PERSIL 4,5kg PWD UNIVERZAL 80 PRANJA*   ;666848    ;PERSIL         ;        4.50;kg ;        0.00;        4.00;'9000101809749';SREDSTVA ZA ÈIŠÆENJE;       29.99;       17.99
DUEL 9kg PWD JORGOVAN*                  ;666851    ;DUEL           ;        9.00;kg ;       14.99;        1.67;'8606013178945';SREDSTVA ZA ÈIŠÆENJE;        0.00;        0.00
ARIEL 5,5kg PWD UNI 100 PRANJA*         ;666872    ;ARIEL          ;        5.50;kg ;        0.00;        5.45;'8006540940815';SREDSTVA ZA ÈIŠÆENJE;       23.99;       29.99
DASH 5,25kg PWD REGULAR 105 PRANJA*     ;666892    ;DASH           ;        5.25;kg ;       59.99;       11.43;'8700216741897';SREDSTVA ZA ÈIŠÆENJE;        0.00;        0.00
RUBEL 6kg ACTIVE FRESH 80 PRANJA        ;666984    ;RUBEL          ;        6.00;kg ;       13.29;        2.22;'3850105187048';SREDSTVA ZA ÈIŠÆENJE;        0.00;        0.00
RUBEL 9kg POWER FRESH 120 PRANJA        ;666985    ;RUBEL          ;        9.00;kg ;       18.49;        2.05;'3850105187017';SREDSTVA ZA ÈIŠÆENJE;        0.00;        0.00
ARIEL 5,5kg COLOR 100 PRANJA*           ;667003    ;ARIEL          ;        5.50;kg ;        0.00;        4.18;'8700216733618';SREDSTVA ZA ÈIŠÆENJE;       20.99;       22.99
WEISSER RIESE PRAŠAK UNIVERZAL 4,95kg   ;667520    ;WEISSER RIESE  ;        4.95;L  ;       25.99;        5.25;'9000101807035';SREDSTVA ZA ÈIŠÆENJE;        0.00;        0.00
WEISSER RIESE PWD 2,475kg 45WL          ;667734    ;WEISSER RIESE  ;        2.48;kg ;       16.99;        6.86;'9000101807493';SREDSTVA ZA ÈIŠÆENJE;        0.00;        0.00
PERSIL EXP SILAN 36WL 1,98kg            ;667809    ;PERSIL         ;        1.98;kg ;        0.00;        5.05;'9000101804959';SREDSTVA ZA ÈIŠÆENJE;       17.99;        9.99
PERSIL PRAŠAK UNI 40WL 2,20kg           ;667810    ;PERSIL         ;        2.20;kg ;        0.00;        4.54;'9000101804898';SREDSTVA ZA ÈIŠÆENJE;       17.99;        9.99
LIKVI 1,35L ULTRA HYGIENIC              ;176196    ;LIKVI          ;        1.35;L  ;        3.49;        2.59;'3850105170538';SREDSTVA ZA ÈIŠÆENJE;        0.00;        0.00
PUR 450mL BALSAM ALOA VERA              ;363493    ;PUR            ;        0.45;L  ;        1.49;        3.31;'90407024';SREDSTVA ZA ÈIŠÆENJE;        0.00;        0.00
PUR 450mL BALSAM HANDS&NAILS            ;365737    ;PUR            ;        0.45;L  ;        1.49;        3.31;'90407031';SREDSTVA ZA ÈIŠÆENJE;        0.00;        0.00
PUR 450mL TOTAL LEMON                   ;369024    ;PUR            ;        0.45;L  ;        1.49;        3.31;'90005596';SREDSTVA ZA ÈIŠÆENJE;        0.00;        0.00
JAR 450mL LEMON                         ;515525    ;JAR            ;        0.45;L  ;        2.49;        5.53;'4015400922407';SREDSTVA ZA ÈIŠÆENJE;        0.00;        0.00
JAR 900mL LEMON                         ;515677    ;JAR            ;        0.90;L  ;        4.69;        5.21;'4015400795193';SREDSTVA ZA ÈIŠÆENJE;        0.00;        0.00
JAR 900mL APPLE                         ;515807    ;JAR            ;        0.90;L  ;        4.69;        5.21;'4015400922797';SREDSTVA ZA ÈIŠÆENJE;        0.00;        0.00
JAR 450mL APPLE                         ;516967    ;JAR            ;        0.45;L  ;        2.49;        5.53;'4015400922599';SREDSTVA ZA ÈIŠÆENJE;        0.00;        0.00
JAR 450mL SENSITIVE TREE TEA&MINT       ;516969    ;JAR            ;        0.45;L  ;        2.49;        5.53;'4015400991311';SREDSTVA ZA ÈIŠÆENJE;        0.00;        0.00
JAR 450mL POMAGRANTE                    ;516971    ;JAR            ;        0.45;L  ;        2.49;        5.53;'4015400922674';SREDSTVA ZA ÈIŠÆENJE;        0.00;        0.00
JAR 900mL SENSITIVE TREE TEA&MINT       ;516974    ;JAR            ;        0.90;L  ;        4.69;        5.21;'4015400991434';SREDSTVA ZA ÈIŠÆENJE;        0.00;        0.00
JAR 900mL POMEGRANATE                   ;517524    ;JAR            ;        0.90;L  ;        4.69;        5.21;'4015400922834';SREDSTVA ZA ÈIŠÆENJE;        0.00;        0.00
LUCEK LEMON 500mL DETERDŽENT ZA SUÐE    ;520753    ;PORTEROS D.O.O.;        0.50;L  ;        0.95;        1.90;'5900861109247';SREDSTVA ZA ÈIŠÆENJE;        0.00;        0.00
JAR 2X900mL LIMUN                       ;522876    ;JAR            ;        1.80;L  ;        8.99;        4.99;'8001090198068';SREDSTVA ZA ÈIŠÆENJE;        0.00;        0.00
JAR 2X900mL TEA TRE*                    ;522878    ;JAR            ;        1.80;L  ;        8.99;        4.99;'8001090198105';SREDSTVA ZA ÈIŠÆENJE;        0.00;        0.00
LUCEK LIMUN 1L DETERDŽENT ZA SUÐE       ;536792    ;PORTEROS D.O.O.;        1.00;L  ;        1.45;        1.45;'5900861109230';SREDSTVA ZA ÈIŠÆENJE;        0.00;        0.00
LUCEK MINT 500mL DETERDŽENT ZA SUÐE*    ;536877    ;PORTEROS D.O.O.;        0.50;L  ;        0.95;        1.90;'5900861109155';SREDSTVA ZA ÈIŠÆENJE;        0.00;        0.00
LUCEK MINT 1L DETERDŽENT ZA SUÐE*       ;539221    ;PORTEROS D.O.O.;        1.00;L  ;        1.45;        1.45;'5900861109131';SREDSTVA ZA ÈIŠÆENJE;        0.00;        0.00
JAR 1,35L LIMUN                         ;549461    ;JAR            ;        1.35;L  ;        0.00;        4.07;'8001090621689';SREDSTVA ZA ÈIŠÆENJE;        2.79;        5.49
JAR 1,35L JABUKA                        ;549576    ;JAR            ;        1.35;L  ;        0.00;        4.07;'8001090621764';SREDSTVA ZA ÈIŠÆENJE;        2.79;        5.49
JAR 1,35L KAMILICA                      ;549872    ;JAR            ;        1.35;L  ;        0.00;        4.07;'8001090621849';SREDSTVA ZA ÈIŠÆENJE;        2.79;        5.49
JAR 1,35L SENSITIVE TREE TEX&MINT       ;551068    ;JAR            ;        1.35;L  ;        0.00;        4.07;'8001090621887';SREDSTVA ZA ÈIŠÆENJE;        2.79;        5.49
PUR 450mL WORLD RASPBERRY               ;563847    ;PUR            ;        0.45;L  ;        1.49;        3.31;'9000101355130';SREDSTVA ZA ÈIŠÆENJE;        0.00;        0.00
FROSCH DET.SUÐE ALMOND 750mL            ;565642    ;AWTINTERNATIONAL D.O.O. ZAGREB;        0.75;L  ;        0.00;        2.52;'4009175933980';SREDSTVA ZA ÈIŠÆENJE;        2.65;        1.89
LIKVI 450mL ULTRA FRESH NEW             ;573425    ;LIKVI          ;        0.45;L  ;        1.45;        3.22;'3850105170101';SREDSTVA ZA ÈIŠÆENJE;        0.00;        0.00
LIKVI 450mL LAV&SMILJE NEW              ;573426    ;LIKVI          ;        0.45;L  ;        1.45;        3.22;'3850105170583';SREDSTVA ZA ÈIŠÆENJE;        0.00;        0.00
LIKVI 450mL ULTRA ORIGINAL              ;574625    ;LIKVI          ;        0.45;L  ;        1.45;        3.22;'3850105170231';SREDSTVA ZA ÈIŠÆENJE;        0.00;        0.00
LIKVI 900mL ULTRA ORIGINAL              ;574726    ;LIKVI          ;        0.90;L  ;        1.99;        2.21;'3850105170385';SREDSTVA ZA ÈIŠÆENJE;        0.00;        0.00
LIKVI 900mL ULTRA FRESH                 ;574810    ;LIKVI          ;        0.90;L  ;        1.99;        2.21;'3850105170286';SREDSTVA ZA ÈIŠÆENJE;        0.00;        0.00
LIKVI 900mL ULTRA HYGIENIC              ;574811    ;LIKVI          ;        0.90;L  ;        1.99;        2.21;'3850105170460';SREDSTVA ZA ÈIŠÆENJE;        0.00;        0.00
LIKVI 1,35L ULTRA FRESH                 ;576124    ;LIKVI          ;        1.35;L  ;        3.49;        2.59;'3850105170330';SREDSTVA ZA ÈIŠÆENJE;        0.00;        0.00
LIKVI 450mL HYGIENIC                    ;576191    ;LIKVI          ;        0.45;L  ;        1.45;        3.22;'3850105170156';SREDSTVA ZA ÈIŠÆENJE;        0.00;        0.00
LIKVI 1,35L ULTRA ORIGINAL              ;576196    ;LIKVI          ;        1.35;L  ;        3.49;        2.59;'3850105170415';SREDSTVA ZA ÈIŠÆENJE;        0.00;        0.00
PUR 1,2L ALOE VERA                      ;585521    ;PUR            ;        1.20;L  ;        4.79;        3.99;'9000101386080';SREDSTVA ZA ÈIŠÆENJE;        0.00;        0.00
PUR 1,2L LIMUN                          ;585522    ;PUR            ;        1.20;L  ;        4.79;        3.99;'9000101386295';SREDSTVA ZA ÈIŠÆENJE;        0.00;        0.00
PUR 1,2L RASP&RED CURRANT               ;585833    ;PUR            ;        0.00;   ;        4.79;        0.00;'9000101386448';SREDSTVA ZA ÈIŠÆENJE;        0.00;        0.00
PUR 750mL ALOE VERA                     ;586053    ;PUR            ;        0.75;L  ;        0.00;        2.32;'9000101386745';SREDSTVA ZA ÈIŠÆENJE;        3.49;        1.74
PUR 750mL HANDS&NAILS                   ;586118    ;PUR            ;        0.75;L  ;        0.00;        2.32;'9000101386837';SREDSTVA ZA ÈIŠÆENJE;        3.49;        1.74
PUR 750mL RESP&RED 750mL                ;586120    ;PUR            ;        0.75;L  ;        0.00;        2.32;'9000101386387';SREDSTVA ZA ÈIŠÆENJE;        3.49;        1.74
ÈARLI 450mL ALOE BALSAM                 ;601809    ;ÈARLI          ;        0.45;L  ;        1.39;        3.09;'3850111304163';SREDSTVA ZA ÈIŠÆENJE;        0.00;        0.00
ÈARLI 450mL DIVLJA TREŠNJA              ;601822    ;ÈARLI          ;        0.45;L  ;        1.39;        3.09;'3850111304118';SREDSTVA ZA ÈIŠÆENJE;        0.00;        0.00
ÈARLI 450mL CLASSIC                     ;601823    ;ÈARLI          ;        0.45;L  ;        1.39;        3.09;'3850111304125';SREDSTVA ZA ÈIŠÆENJE;        0.00;        0.00
ÈARLI 450mL ORIGINAL                    ;601827    ;ÈARLI          ;        0.45;L  ;        1.39;        3.09;'3850111304309';SREDSTVA ZA ÈIŠÆENJE;        0.00;        0.00
ÈARLI 450mL KAMILICA                    ;601845    ;ÈARLI          ;        0.45;L  ;        1.39;        3.09;'3850111304149';SREDSTVA ZA ÈIŠÆENJE;        0.00;        0.00
ÈARLI 900mL CLASSIC                     ;601847    ;ÈARLI          ;        0.90;L  ;        2.65;        2.94;'3850111304132';SREDSTVA ZA ÈIŠÆENJE;        0.00;        0.00
ÈARLI 900mL ORIGINAL                    ;601848    ;ÈARLI          ;        0.90;L  ;        2.65;        2.94;'3850111304095';SREDSTVA ZA ÈIŠÆENJE;        0.00;        0.00
ÈARLI 900mL KAMILICA                    ;601868    ;ÈARLI          ;        0.90;L  ;        2.65;        2.94;'3850111304156';SREDSTVA ZA ÈIŠÆENJE;        0.00;        0.00
ÈARLI 1,35L CLASSIC                     ;601881    ;ÈARLI          ;        1.35;L  ;        3.69;        2.73;'3850111304200';SREDSTVA ZA ÈIŠÆENJE;        0.00;        0.00
ÈARLI 1,35L ORIGINAL                    ;601883    ;ÈARLI          ;        1.35;L  ;        3.69;        2.73;'3850111304194';SREDSTVA ZA ÈIŠÆENJE;        0.00;        0.00
ÈARLI 1,35L KAMILICA                    ;601888    ;ÈARLI          ;        1.35;L  ;        3.69;        2.73;'3850111304187';SREDSTVA ZA ÈIŠÆENJE;        0.00;        0.00
HIGI DET.ZA SUÐE CITRUS 4L*             ;607349    ;VIOLETA D.O.O.;        4.00;L  ;        5.31;        1.33;'3870128021242';SREDSTVA ZA ÈIŠÆENJE;        0.00;        0.00
JAR 650mL EXTRA+ CITRUS                 ;614489    ;JAR            ;        0.65;L  ;        3.85;        5.92;'8006540355381';SREDSTVA ZA ÈIŠÆENJE;        0.00;        0.00
VIO 900mL SUÐE LIMUN I SODA             ;626953    ;VIOLETA D.O.O.;        0.90;L  ;        1.99;        2.21;'3870128034358';SREDSTVA ZA ÈIŠÆENJE;        0.00;        0.00
VIO 900mL SUÐE BADEM                    ;626957    ;VIOLETA D.O.O.;        0.90;L  ;        1.99;        2.21;'3870128034532';SREDSTVA ZA ÈIŠÆENJE;        0.00;        0.00
VIO 900mL SUÐE ŠIPAK                    ;626960    ;VIOLETA D.O.O.;        0.90;L  ;        1.99;        2.21;'3870128034471';SREDSTVA ZA ÈIŠÆENJE;        0.00;        0.00
LIKVI 4L ULTRA FRESH*                   ;627744    ;LIKVI          ;        4.00;L  ;        9.99;        2.50;'3850105174802';SREDSTVA ZA ÈIŠÆENJE;        0.00;        0.00
VIO 450mL SUÐE LIMUN&SODA BIKARBONA     ;633208    ;VIOLETA D.O.O.;        0.45;L  ;        1.09;        2.42;'3870128034327';SREDSTVA ZA ÈIŠÆENJE;        0.00;        0.00
VIO 450mL SUÐE BADEM                    ;633209    ;VIOLETA D.O.O.;        0.45;L  ;        1.09;        2.42;'3870128034501';SREDSTVA ZA ÈIŠÆENJE;        0.00;        0.00
VIO 450mL SUÐE ŠIPAK                    ;633211    ;VIOLETA D.O.O.;        0.45;L  ;        1.09;        2.42;'3870128034440';SREDSTVA ZA ÈIŠÆENJE;        0.00;        0.00
PUR 750mL POWER APPLE                   ;666094    ;PUR            ;        0.75;L  ;        0.00;        2.32;'9000101386141';SREDSTVA ZA ÈIŠÆENJE;        3.49;        1.74
ZIP DETERDŽENT ZA RUÈNO PRANJE 2L DOYPAC;666099    ;INDOR D.O.O.ZAGREB;        2.00;L  ;        2.49;        1.25;'8606107036403';SREDSTVA ZA ÈIŠÆENJE;        0.00;        0.00
ÈARLI 450mLX2KOM CLASSIC*               ;666412    ;ÈARLI          ;        0.90;L  ;        2.69;        2.99;'3850111304484';SREDSTVA ZA ÈIŠÆENJE;        0.00;        0.00
LIKVI 450mL BALSAM PEACH&MINT           ;666518    ;LIKVI          ;        0.45;L  ;        1.45;        3.22;'3850105189509';SREDSTVA ZA ÈIŠÆENJE;        0.00;        0.00
LIKVI 900mL BALSAM PEACH&MINT           ;666519    ;LIKVI          ;        0.90;L  ;        1.99;        2.21;'3850105189530';SREDSTVA ZA ÈIŠÆENJE;        0.00;        0.00
PUR 750mL CALENDULA                     ;666845    ;PUR            ;        0.75;L  ;        0.00;        2.32;'9000101553987';SREDSTVA ZA ÈIŠÆENJE;        3.49;        1.74
COCCOLINO MIRISNE VREÆICE 8/8           ;131142    ;COCCOLINO      ;        8.00;KOM;        3.99;        0.50;'8000660310282';SREDSTVA ZA ÈIŠÆENJE;        0.00;        0.00
FELCE 3L OMEKŠIVAÈ VANIL/JANTAR         ;436995    ;VM2 d.o.o.ZAGREB;        3.00;L  ;        5.99;        2.00;'8001280304460';SREDSTVA ZA ÈIŠÆENJE;        0.00;        0.00
FELCE 3L OMEKŠIVAÈ CLASSIC              ;436998    ;VM2 d.o.o.ZAGREB;        3.00;L  ;        5.99;        2.00;'8001280300332';SREDSTVA ZA ÈIŠÆENJE;        0.00;        0.00
VIOLETA 900mL OMEKŠ.BABY                ;559823    ;VIOLETA D.O.O.;        0.90;L  ;        2.25;        2.50;'3870128017382';SREDSTVA ZA ÈIŠÆENJE;        0.00;        0.00
VIOLETA 2,7L OMEKŠ.ROSE GOLD*           ;592637    ;VIOLETA D.O.O.;        2.70;L  ;        0.00;        1.48;'3870128023963';SREDSTVA ZA ÈIŠÆENJE;        5.99;        3.99
VIOLETA 2,7L OMEKŠ.CORAL*               ;592638    ;VIOLETA D.O.O.;        2.70;L  ;        0.00;        1.48;'3870128023932';SREDSTVA ZA ÈIŠÆENJE;        5.99;        3.99
VIOLETA 900mL OMEKŠ.PARADISE            ;604283    ;VIOLETA D.O.O.;        0.90;L  ;        2.25;        2.50;'3870128026087';SREDSTVA ZA ÈIŠÆENJE;        0.00;        0.00
VIOLETA 900mL OMEKŠ.ORIGINAL            ;604437    ;VIOLETA D.O.O.;        0.90;L  ;        2.25;        2.50;'3870128025967';SREDSTVA ZA ÈIŠÆENJE;        0.00;        0.00
VIOLETA 900mL OMEKŠ.LAGOON              ;606429    ;VIOLETA D.O.O.;        0.90;L  ;        2.25;        2.50;'3870128025998';SREDSTVA ZA ÈIŠÆENJE;        0.00;        0.00
VIOLETA 900mL OMEKŠ.SENSITIVE           ;606938    ;VIOLETA D.O.O.;        0.90;L  ;        2.25;        2.50;'3870128026056';SREDSTVA ZA ÈIŠÆENJE;        0.00;        0.00
VIOLETA 4L SUMMER CHILL*                ;609932    ;VIOLETA D.O.O.;        4.00;L  ;        4.49;        1.12;'3870128028593';SREDSTVA ZA ÈIŠÆENJE;        0.00;        0.00
VIOLETA 4L DELICATE TOUCH*              ;609933    ;VIOLETA D.O.O.;        4.00;L  ;        4.49;        1.12;'3870128028623';SREDSTVA ZA ÈIŠÆENJE;        0.00;        0.00
ORNEL 2,4L CALMING                      ;616926    ;ORNEL          ;        2.40;L  ;        6.63;        2.76;'3850105182258';SREDSTVA ZA ÈIŠÆENJE;        0.00;        0.00
ORNEL 2,4L GOLDEN DREAM                 ;616927    ;ORNEL          ;        2.40;L  ;        6.63;        2.76;'3850105182289';SREDSTVA ZA ÈIŠÆENJE;        0.00;        0.00
ORNEL 2,4L VIOLET                       ;616928    ;ORNEL          ;        2.40;L  ;        6.63;        2.76;'3850105182340';SREDSTVA ZA ÈIŠÆENJE;        0.00;        0.00
ORNEL 1,6L CALMING                      ;617010    ;ORNEL          ;        1.60;L  ;        0.00;        1.87;'3850105182074';SREDSTVA ZA ÈIŠÆENJE;        4.64;        2.99
ORNEL 1,6L GOLDEN DREAM                 ;617011    ;ORNEL          ;        1.60;L  ;        0.00;        1.87;'3850105182104';SREDSTVA ZA ÈIŠÆENJE;        4.64;        2.99
ORNEL 1,6L VIOLET                       ;617253    ;ORNEL          ;        1.60;L  ;        0.00;        1.87;'3850105182197';SREDSTVA ZA ÈIŠÆENJE;        4.64;        2.99
ORNEL 1,6L JASMINE&COTTON               ;617254    ;ORNEL          ;        1.60;L  ;        0.00;        1.87;'3850105182135';SREDSTVA ZA ÈIŠÆENJE;        4.64;        2.99
ORNEL 800mL GOLDEN DREAM                ;617674    ;ORNEL          ;        0.80;L  ;        2.95;        3.69;'3850105181893';SREDSTVA ZA ÈIŠÆENJE;        0.00;        0.00
ORNEL 800mL CALMING                     ;617675    ;ORNEL          ;        0.80;L  ;        2.95;        3.69;'3850105181862';SREDSTVA ZA ÈIŠÆENJE;        0.00;        0.00
ORNEL 800mL JASMINE&COTTON              ;617677    ;ORNEL          ;        0.80;L  ;        2.95;        3.69;'3850105181923';SREDSTVA ZA ÈIŠÆENJE;        0.00;        0.00
ORNEL 800mL VIOLET                      ;617678    ;ORNEL          ;        0.80;L  ;        2.95;        3.69;'3850105182012';SREDSTVA ZA ÈIŠÆENJE;        0.00;        0.00
ORNEL 800mL LAV&SMILJE                  ;617680    ;ORNEL          ;        0.80;L  ;        2.95;        3.69;'3850105181954';SREDSTVA ZA ÈIŠÆENJE;        0.00;        0.00
VIOLETA 1,71L OMEKŠ.PARADIZE            ;627990    ;VIOLETA D.O.O.;        1.71;L  ;        2.99;        1.75;'3870128034655';SREDSTVA ZA ÈIŠÆENJE;        0.00;        0.00
VIOLETA 1,71L OMEKŠ.ORIGINAL            ;627991    ;VIOLETA D.O.O.;        1.71;L  ;        2.99;        1.75;'3870128034594';SREDSTVA ZA ÈIŠÆENJE;        0.00;        0.00
VIOLETA 1,61L OMEKŠ.LAGOON              ;627992    ;VIOLETA D.O.O.;        1.61;L  ;        2.99;        1.86;'3870128034563';SREDSTVA ZA ÈIŠÆENJE;        0.00;        0.00
LENOR 850mL SUMMER 34WL                 ;632486    ;LENOR          ;        0.85;L  ;        3.49;        4.11;'8006540890011';SREDSTVA ZA ÈIŠÆENJE;        0.00;        0.00
ORNEL 800mL BABY SENSITIVE              ;632625    ;ORNEL          ;        0.80;L  ;        2.95;        3.69;'3850105181770';SREDSTVA ZA ÈIŠÆENJE;        0.00;        0.00
ORNEL 1,6L BABY&SENSITIVE               ;632956    ;ORNEL          ;        1.60;L  ;        0.00;        1.87;'3850105182043';SREDSTVA ZA ÈIŠÆENJE;        4.64;        2.99
SILAN 2,86L FRESH SKY                   ;633224    ;SILAN          ;        2.86;L  ;        5.99;        2.09;'9000101581256';SREDSTVA ZA ÈIŠÆENJE;        0.00;        0.00
SILAN 2,77 MAGNOLIA                     ;633226    ;SILAN          ;        2.77;L  ;        5.99;        2.16;'9000101581508';SREDSTVA ZA ÈIŠÆENJE;        0.00;        0.00
SILAN 2,86L SENSITIVE                   ;633227    ;SILAN          ;        2.86;L  ;        5.99;        2.09;'9000101590128';SREDSTVA ZA ÈIŠÆENJE;        0.00;        0.00
VIOLETA 1,55L OMEKŠ.LUX                 ;633590    ;VIOLETA D.O.O.;        1.55;L  ;        2.99;        1.93;'3870128035324';SREDSTVA ZA ÈIŠÆENJE;        0.00;        0.00
SILAN 880mL FRESH SKY 40WL              ;634312    ;SILAN          ;        0.88;L  ;        0.00;        1.81;'9000101581195';SREDSTVA ZA ÈIŠÆENJE;        4.15;        1.59
SILAN 880mL SENSITIVE 40WL**            ;634313    ;SILAN          ;        0.88;L  ;        0.00;        2.38;'9000101590531';SREDSTVA ZA ÈIŠÆENJE;        2.19;        2.09
SILAN 770mL MAGNOLIA 35WL               ;634314    ;SILAN          ;        0.77;L  ;        0.00;        2.06;'9000101581416';SREDSTVA ZA ÈIŠÆENJE;        4.15;        1.59
SILAN 770mL COOL FRESH 35WL             ;634315    ;SILAN          ;        0.77;L  ;        0.00;        2.06;'9000101583861';SREDSTVA ZA ÈIŠÆENJE;        1.49;        1.59
SILAN 770mL YLANG VETIVER 35WL          ;634316    ;SILAN          ;        0.77;L  ;        0.00;        2.06;'9000101590371';SREDSTVA ZA ÈIŠÆENJE;        1.49;        1.59
SILAN 1,67L FRESH SKY 76WL              ;634317    ;SILAN          ;        1.67;L  ;        7.19;        4.31;'9000101581539';SREDSTVA ZA ÈIŠÆENJE;        0.00;        0.00
SILAN 1,67L SENSITIVE 76WL              ;634318    ;SILAN          ;        1.67;L  ;        7.19;        4.31;'9000101590272';SREDSTVA ZA ÈIŠÆENJE;        0.00;        0.00
SILAN 1,36L MAGNOLIA 62WL               ;634319    ;SILAN          ;        1.36;L  ;        7.19;        5.29;'9000101581478';SREDSTVA ZA ÈIŠÆENJE;        0.00;        0.00
SILAN 1,36L FRANGIPANI 62WL             ;634324    ;SILAN          ;        1.36;L  ;        7.19;        5.29;'9000101582642';SREDSTVA ZA ÈIŠÆENJE;        0.00;        0.00
SILAN 2X1,67L SENSITIVE*                ;634950    ;SILAN          ;        3.34;L  ;        5.99;        1.79;'9000101597219';SREDSTVA ZA ÈIŠÆENJE;        0.00;        0.00
SILAN 2X1,67L FRESH SKY*                ;634953    ;SILAN          ;        3.34;L  ;        5.99;        1.79;'9000101597240';SREDSTVA ZA ÈIŠÆENJE;        0.00;        0.00
VIOLETA 2,7L OMEKŠ.FL KISS*             ;636981    ;VIOLETA D.O.O.;        2.70;L  ;        0.00;        1.48;'3870128036987';SREDSTVA ZA ÈIŠÆENJE;        5.99;        3.99
VIOLETA 2X900mL OMEKŠ.ORIGINAL*         ;640498    ;VIOLETA D.O.O.;        1.80;L  ;        3.99;        2.22;'3870128038257';SREDSTVA ZA ÈIŠÆENJE;        0.00;        0.00
VIOLETA 2X900mL OMEKŠ.PARADISE*         ;640499    ;VIOLETA D.O.O.;        1.80;L  ;        3.99;        2.22;'3870128038271';SREDSTVA ZA ÈIŠÆENJE;        0.00;        0.00
SILAN SUPREME BLOSSOM PURPLE 1,01L      ;666093    ;SILAN          ;        1.01;L  ;        5.65;        5.59;'9000101579758';SREDSTVA ZA ÈIŠÆENJE;        0.00;        0.00
ORNEL 1,6L LUNAR                        ;666108    ;ORNEL          ;        1.60;L  ;        0.00;        1.87;'3850105186584';SREDSTVA ZA ÈIŠÆENJE;        5.09;        2.99
ORNEL 1,6L GLOW                         ;666109    ;ORNEL          ;        1.60;L  ;        0.00;        1.87;'3850105186614';SREDSTVA ZA ÈIŠÆENJE;        5.09;        2.99
ORNEL 800mL LUNAR                       ;666110    ;ORNEL          ;        0.80;L  ;        3.29;        4.11;'3850105186492';SREDSTVA ZA ÈIŠÆENJE;        0.00;        0.00
ORNEL 800mL GLOW                        ;666111    ;ORNEL          ;        0.80;L  ;        3.29;        4.11;'3850105186522';SREDSTVA ZA ÈIŠÆENJE;        0.00;        0.00
COCCOLINO KONC.BLUE SPLASH 1,7L         ;666131    ;COCCOLINO      ;        1.70;L  ;        8.19;        4.82;'8720181410680';SREDSTVA ZA ÈIŠÆENJE;        0.00;        0.00
COCCOLINO KONC.BLUE SPLASH 975mL        ;666133    ;COCCOLINO      ;        0.98;L  ;        5.49;        5.63;'8720181410543';SREDSTVA ZA ÈIŠÆENJE;        0.00;        0.00
COCCOLINO KONC.SENSITIVE 975mL          ;666134    ;COCCOLINO      ;        0.98;L  ;        5.49;        5.63;'8720181410536';SREDSTVA ZA ÈIŠÆENJE;        0.00;        0.00
ORNEL 800mL ALLURE                      ;666163    ;ORNEL          ;        0.80;L  ;        2.95;        3.69;'3850105186553';SREDSTVA ZA ÈIŠÆENJE;        0.00;        0.00
ORNEL 2X800mL CALMING*                  ;666212    ;ORNEL          ;        1.60;L  ;        2.99;        1.87;'3850105187628';SREDSTVA ZA ÈIŠÆENJE;        0.00;        0.00
COCCOLINO 2X975mL BLUE SPLASH*          ;666283    ;COCCOLINO      ;        1.95;L  ;        9.99;        5.12;'3856027802847';SREDSTVA ZA ÈIŠÆENJE;        0.00;        0.00
COCCOLINO 2X975mL SENSITIVE*            ;666284    ;COCCOLINO      ;        1.95;L  ;        9.99;        5.12;'3856027802861';SREDSTVA ZA ÈIŠÆENJE;        0.00;        0.00
VIOLETA 0,8L OMEKŠIVAÈ MYSTIC           ;666289    ;VIOLETA        ;        0.80;L  ;        2.25;        2.81;'3870128040359';SREDSTVA ZA ÈIŠÆENJE;        0.00;        0.00
VIOLETA 0,8L OMEKŠIVAÈ GOLD             ;666290    ;VIOLETA        ;        0.80;L  ;        2.25;        2.81;'3870128040380';SREDSTVA ZA ÈIŠÆENJE;        0.00;        0.00
ORNEL 800mL WISH                        ;666296    ;ORNEL          ;        0.80;L  ;        3.29;        4.11;'3850105189417';SREDSTVA ZA ÈIŠÆENJE;        0.00;        0.00
ORNEL 800mL NO.1                        ;666298    ;ORNEL          ;        0.80;L  ;        3.29;        4.11;'3850105190437';SREDSTVA ZA ÈIŠÆENJE;        0.00;        0.00
ORNEL 1,6L WISH                         ;666299    ;ORNEL          ;        1.60;L  ;        0.00;        1.87;'3850105189448';SREDSTVA ZA ÈIŠÆENJE;        5.09;        2.99
ORNEL 1,6L NO.1                         ;666300    ;ORNEL          ;        1.60;L  ;        0.00;        1.87;'3850105190406';SREDSTVA ZA ÈIŠÆENJE;        5.09;        2.99
SILAN 770mL MALDIVES                    ;666314    ;SILAN          ;        0.77;L  ;        0.00;        2.06;'9000101583298';SREDSTVA ZA ÈIŠÆENJE;        4.15;        1.59
SILAN 1,36L 62 PRANJA                   ;666326    ;SILAN          ;        1.36;L  ;        7.19;        5.29;'9000101582574';SREDSTVA ZA ÈIŠÆENJE;        0.00;        0.00
ORNEL 4L BLUE                           ;666333    ;ORNEL          ;        4.00;L  ;        0.00;        1.55;'3850105190499';SREDSTVA ZA ÈIŠÆENJE;        4.99;        6.19
ORNEL 4L YELLOW                         ;666334    ;ORNEL          ;        4.00;L  ;        0.00;        1.55;'3850105190468';SREDSTVA ZA ÈIŠÆENJE;        4.99;        6.19
VIKING 1,44L OMEKŠIVAÈ ALLSTAR*         ;666338    ;VIKING         ;        1.44;L  ;        1.99;        1.38;'8692900937030';SREDSTVA ZA ÈIŠÆENJE;        0.00;        0.00
VIKING 1,44L OMEKŠIVAÈ DYNAMIC*         ;666339    ;VIKING         ;        1.44;L  ;        1.99;        1.38;'8692900948036';SREDSTVA ZA ÈIŠÆENJE;        0.00;        0.00
LENOR 1,17L FRESH BREEZE 56 PRANJA*     ;666350    ;LENOR          ;        1.17;L  ;        0.00;        5.97;'8006530015226';SREDSTVA ZA ÈIŠÆENJE;        5.99;        6.99
LENOR 195g PERLICE FRESH BREEZE*        ;666351    ;LENOR          ;        0.20;kg ;        0.00;       35.85;'8700216969369';SREDSTVA ZA ÈIŠÆENJE;        5.99;        6.99
SILAN 770mL COCONUT MINERALS 35 PRANJA  ;666352    ;SILAN          ;        0.77;L  ;        0.00;        2.06;'9000101590333';SREDSTVA ZA ÈIŠÆENJE;        1.49;        1.59
VIOLETA 2L OMEKŠIVAÈ ORIGINAL*          ;666408    ;VIOLETA        ;        2.00;L  ;        0.00;        1.50;'3870128041257';SREDSTVA ZA ÈIŠÆENJE;        4.49;        2.99
VIOLETA 2L OMEKŠIVAÈ PARADISE*          ;666409    ;VIOLETA        ;        2.00;L  ;        0.00;        1.50;'3870128040717';SREDSTVA ZA ÈIŠÆENJE;        4.49;        2.99
SILAN 540mL DIAMOND ORCHID              ;666523    ;SILAN          ;        0.54;L  ;        0.00;        5.17;'9000101836738';SREDSTVA ZA ÈIŠÆENJE;        7.49;        2.79
LENOR 1,24L FLORAL BOUQUET 59PRANJA     ;666542    ;LENOR          ;        1.24;L  ;        7.79;        6.28;'8700216726900';SREDSTVA ZA ÈIŠÆENJE;        0.00;        0.00
LENOR 675mL GOLD ORCHID 32 PRANJA       ;666543    ;ORBICO         ;        0.68;L  ;        3.99;        5.91;'8700216723862';SREDSTVA ZA ÈIŠÆENJE;        0.00;        0.00
LENOR 675mL LOTUS&DIAMOND 32 PRANJA     ;666544    ;LENOR          ;        0.68;L  ;        3.99;        5.91;'8700216723664';SREDSTVA ZA ÈIŠÆENJE;        0.00;        0.00
LENOR 675mL FLORAL BOUQUET 32 PRANJA    ;666548    ;LENOR          ;        0.68;L  ;        3.99;        5.91;'8700216723909';SREDSTVA ZA ÈIŠÆENJE;        0.00;        0.00
LENOR 798mL SPRING AWEKENING 38 PRANJA  ;666549    ;LENOR          ;        0.80;L  ;        3.99;        5.00;'8700216724463';SREDSTVA ZA ÈIŠÆENJE;        0.00;        0.00
LENOR 798mL SENSITIVE 38 PRANJA         ;666550    ;LENOR          ;        0.80;L  ;        3.99;        5.00;'8700216724371';SREDSTVA ZA ÈIŠÆENJE;        0.00;        0.00
LENOR 1,24L GOLD ORCHID 59 PRANJA       ;666554    ;LENOR          ;        1.24;L  ;        7.79;        6.28;'8700216724081';SREDSTVA ZA ÈIŠÆENJE;        0.00;        0.00
LENOR 1,24L LOTUS DIAMOND 59 PRANJA     ;666565    ;LENOR          ;        1.24;L  ;        7.79;        6.28;'8700216723756';SREDSTVA ZA ÈIŠÆENJE;        0.00;        0.00
LENOR 1,24L CAPRI 59 PRANJA             ;666566    ;LENOR          ;        1.24;L  ;        7.79;        6.28;'8700216724418';SREDSTVA ZA ÈIŠÆENJE;        0.00;        0.00
LENOR 1,24L SICILIA 59 PRANJA           ;666567    ;LENOR          ;        1.24;L  ;        7.79;        6.28;'8700216724654';SREDSTVA ZA ÈIŠÆENJE;        0.00;        0.00
LENOR 1,24L CHERRY 59 PRANJA            ;666568    ;LENOR          ;        1.24;L  ;        7.79;        6.28;'8700216723602';SREDSTVA ZA ÈIŠÆENJE;        0.00;        0.00
LENOR 1,49L SPRING 71 PRANJA            ;666569    ;LENOR          ;        1.49;L  ;        7.29;        4.89;'8700216724074';SREDSTVA ZA ÈIŠÆENJE;        0.00;        0.00
LENOR 1,49L SUMMER BREEZE 71 PRANJA     ;666570    ;LENOR          ;        1.49;L  ;        7.29;        4.89;'8700216724029';SREDSTVA ZA ÈIŠÆENJE;        0.00;        0.00
LENOR 1,49L SENSITIVE 71 PRANJA         ;666571    ;LENOR          ;        1.49;L  ;        7.29;        4.89;'8700216723985';SREDSTVA ZA ÈIŠÆENJE;        0.00;        0.00
LENOR 2X1,24L SPRING*                   ;666572    ;LENOR          ;        2.48;L  ;        8.99;        3.63;'8700216880886';SREDSTVA ZA ÈIŠÆENJE;        0.00;        0.00
LENOR 2X987mL GOLD*                     ;666573    ;LENOR          ;        1.97;L  ;        8.99;        4.55;'8700216880770';SREDSTVA ZA ÈIŠÆENJE;        0.00;        0.00
LENOR 504mL TROPICAL SUNSET 36 PRANJA   ;666575    ;LENOR          ;        0.50;L  ;        5.99;       11.88;'8700216722797';SREDSTVA ZA ÈIŠÆENJE;        0.00;        0.00
LENOR 504mL FRESH WIND 36 PRANJA        ;666576    ;LENOR          ;        0.50;L  ;        5.99;       11.88;'8700216722827';SREDSTVA ZA ÈIŠÆENJE;        0.00;        0.00
LENOR 700mL FRESH WIND 50 PRANJA        ;666577    ;LENOR          ;        0.70;L  ;        6.99;        9.99;'8700216722940';SREDSTVA ZA ÈIŠÆENJE;        0.00;        0.00
LENOR 700mL PINK BLOSSOM 50 PRANJA      ;666584    ;LENOR          ;        0.70;L  ;        6.99;        9.99;'8700216722933';SREDSTVA ZA ÈIŠÆENJE;        0.00;        0.00
LENOR 195g MIRISNE PERLICE FRESH        ;666585    ;LENOR          ;        0.20;kg ;        8.49;       43.54;'8700216708661';SREDSTVA ZA ÈIŠÆENJE;        0.00;        0.00
LENOR 495g MIRISNE PERLICE SPRING AWAKE ;666589    ;LENOR          ;        0.50;kg ;       13.99;       28.26;'8700216704779';SREDSTVA ZA ÈIŠÆENJE;        0.00;        0.00
LENOR 495g MIRISNE PERLICE GOLD ORCHID  ;666590    ;LENOR          ;        0.50;kg ;       13.99;       28.26;'8700216704809';SREDSTVA ZA ÈIŠÆENJE;        0.00;        0.00
VIOLETA OMEKŠIVAÈ GOLD 2X1,55L*         ;666785    ;VIOLETA        ;        3.10;L  ;        7.99;        2.58;'3870128040519';SREDSTVA ZA ÈIŠÆENJE;        0.00;        0.00
VIOLETA OMEKŠIVAÈ MYSTIC 2X1,55L*       ;666786    ;VIOLETA        ;        0.00;   ;        7.99;        0.00;'3870128040557';SREDSTVA ZA ÈIŠÆENJE;        0.00;        0.00
SILAN MAGNOLIA 1,1L 50WL                ;666815    ;SILAN          ;        1.10;L  ;        0.00;        2.54;'9000101584608';SREDSTVA ZA ÈIŠÆENJE;        7.19;        2.79
SILAN ROSE 50WL 1,1L                    ;666816    ;SILAN          ;        1.01;L  ;        5.29;        5.24;'9000101800913';SREDSTVA ZA ÈIŠÆENJE;        0.00;        0.00
SILAN COCONUT%MINERALS 50WL 1,1L*       ;666817    ;SILAN          ;        1.10;L  ;        5.29;        4.81;'9000101590302';SREDSTVA ZA ÈIŠÆENJE;        0.00;        0.00
SILAN OCEAN BLUE DAY 0,59L**            ;666822    ;SILAN          ;        0.59;L  ;        0.00;        3.03;'9000101597400';SREDSTVA ZA ÈIŠÆENJE;        2.19;        1.79
SILAN MAGNOLIA DAY 0,59L**              ;666823    ;SILAN          ;        0.59;L  ;        0.00;        3.03;'9000101597431';SREDSTVA ZA ÈIŠÆENJE;        2.19;        1.79
SILAN FRESH SKY DAY 0,75L**             ;666824    ;SILAN          ;        0.75;L  ;        0.00;        2.39;'9000101597462';SREDSTVA ZA ÈIŠÆENJE;        2.19;        1.79
SILAN 1,01L MALDIVES 50 PRANJA          ;666838    ;SILAN          ;        1.01;L  ;        0.00;        2.76;'9000101800852';SREDSTVA ZA ÈIŠÆENJE;        7.19;        2.79
DUEL 1,6L OMEKŠIVAÈ SOFT LOTUS*         ;666849    ;DUEL           ;        1.60;L  ;        4.99;        3.12;'8606015846880';SREDSTVA ZA ÈIŠÆENJE;        0.00;        0.00
ORNEL 2,4L ALLURE                       ;666925    ;ORNEL          ;        2.40;L  ;        6.63;        2.76;'3850105186676';SREDSTVA ZA ÈIŠÆENJE;        0.00;        0.00
ORNEL 2,4L BABY&SENSITIVE ALOE          ;666926    ;ORNEL          ;        2.40;L  ;        6.63;        2.76;'3850105186812';SREDSTVA ZA ÈIŠÆENJE;        0.00;        0.00
ORNEL 1,6L ALLURE                       ;667010    ;ORNEL          ;        1.60;L  ;        0.00;        1.87;'3850105186645';SREDSTVA ZA ÈIŠÆENJE;        4.64;        2.99
SILAN FRESH SKY 64WL 1,41L              ;667812    ;SILAN          ;        1.41;L  ;        0.00;        1.98;'9000101801125';SREDSTVA ZA ÈIŠÆENJE;        7.19;        2.79
SILAN COOL FRESH 1,1L 50WL              ;667813    ;SILAN          ;        1.10;L  ;        2.79;        2.54;'9000101585247';SREDSTVA ZA ÈIŠÆENJE;        0.00;        0.00
SILAN SENSITIVE 64WL 1,4L               ;667818    ;SILAN          ;        1.41;L  ;        0.00;        1.98;'9000101801064';SREDSTVA ZA ÈIŠÆENJE;        7.19;        2.79
SILAN NATURALLS YLANG 50WL 1,1L         ;667819    ;SILAN          ;        1.10;L  ;        0.00;        2.26;'9000101800821';SREDSTVA ZA ÈIŠÆENJE;        5.29;        2.49
BIS NIRO 1000mL SAPONIA                 ;203650    ;BIS            ;        1.00;L  ;        4.38;        4.38;'3850105101037';SREDSTVA ZA ÈIŠÆENJE;        0.00;        0.00
BISON ODSTR.PLIJESNI KLOR 500mL         ;287037    ;ORBICO d.o.o.;        0.50;L  ;        0.00;       11.18;'8710439174419';SREDSTVA ZA ÈIŠÆENJE;        8.63;        5.59
DOMESTOS ZERO BLUEOCEAN 750mL           ;318228    ;DOMESTOS       ;        0.75;L  ;        3.65;        4.87;'8718114635729';SREDSTVA ZA ÈIŠÆENJE;        0.00;        0.00
BISON SAKUPLJ.VL.REFILL 3X450g          ;541890    ;BISON          ;        1.35;kg ;        0.00;        5.33;'8710439262468';SREDSTVA ZA ÈIŠÆENJE;       11.99;        7.19
BISON SAKUPLJ.VLAGE BAZA 450g           ;579891    ;ORBICO d.o.o.;        0.45;kg ;        0.00;       11.09;'8710439279060';SREDSTVA ZA ÈIŠÆENJE;        9.99;        4.99
BISON SAKUP.VLAGE PUNJ.LAV.450g         ;579892    ;ORBICO d.o.o.;        0.45;kg ;        0.00;        6.20;'8710439278988';SREDSTVA ZA ÈIŠÆENJE;        5.49;        2.79
CALGON GEL 750mL                        ;583559    ;CALGON         ;        0.75;L  ;        8.99;       11.99;'5997321700267';SREDSTVA ZA ÈIŠÆENJE;        0.00;        0.00
BISON SAKUP.VLAGE PUNJ.NEUTR 450g       ;585138    ;ORBICO d.o.o.;        0.45;kg ;        0.00;        6.20;'8710439278964';SREDSTVA ZA ÈIŠÆENJE;        5.49;        2.79
BISON 3X450g PUNJENJE*                  ;666380    ;BISON          ;        1.35;kg ;        0.00;        5.33;'8710439271088';SREDSTVA ZA ÈIŠÆENJE;       12.99;        7.19
FA DEO ROLL ON M 50mL SPORT             ;104631    ;FA             ;        0.05;L  ;        0.00;       53.80;'9000100219877';KOZMETIKA;        3.99;        2.69
GARNIER DEO M EXTREME 50mL ROLLON       ;313412    ;GARNIER        ;        0.05;L  ;        5.19;      103.80;'3600540893154';KOZMETIKA;        0.00;        0.00
GARNIER DEO M MIN.DEZOD.NEUTRAL.50mL    ;361542    ;GARNIER        ;        0.05;L  ;        5.19;      103.80;'3600541151383';KOZMETIKA;        0.00;        0.00
FA DEO ROLL ON M 50mL SPORT POWER       ;362588    ;FA             ;        0.05;L  ;        0.00;       53.80;'9000100736817';KOZMETIKA;        3.99;        2.69
NIVEA DEO ROLL-ON SENS.FOR MEN 50mL**   ;391586    ;NIVEA          ;        0.05;L  ;        0.00;       75.80;'42242055';KOZMETIKA;        5.69;        3.79
GARNIER DEO M SPORT 50mL ROLLON         ;393364    ;GARNIER        ;        0.05;L  ;        5.19;      103.80;'3600541254220';KOZMETIKA;        0.00;        0.00
GARNIER DEO W INVISIBLE BWC 50mL ROLL ON;412643    ;GARNIER        ;        0.05;L  ;        5.19;      103.80;'3600541414051';KOZMETIKA;        0.00;        0.00
OS STICK ORGINAL 50mL                   ;437648    ;OLD SPICE      ;        0.05;L  ;        5.69;      113.80;'4084500490543';KOZMETIKA;        0.00;        0.00
NIVEA DEO ROLL ON FRESH OCEAN M 50mL    ;438506    ;NIVEA          ;        0.05;L  ;        0.00;       75.80;'42277903';KOZMETIKA;        5.69;        3.79
REXONA DEO M STICK 50mL INVISIBLE B&W   ;508714    ;REXONA         ;        0.05;L  ;        0.00;       63.80;'96097335';KOZMETIKA;        4.99;        3.19
MEN EXPERT DEO ROLL ON50ML CARBON PROT. ;548525    ;MEN EXPERT     ;        0.05;L  ;        5.49;      109.80;'3600523595600';KOZMETIKA;        0.00;        0.00
MEN EXPERT DEO 50mL ESERO GREEN         ;548526    ;MEN EXPERT     ;        0.05;L  ;        5.49;      109.80;'3600523595617';KOZMETIKA;        0.00;        0.00
MEN EXPERT DEO THER.RES 50mL ESERO BLUE ;548527    ;MEN EXPERT     ;        0.05;L  ;        5.49;      109.80;'3600523595518';KOZMETIKA;        0.00;        0.00
NIVEA DEO FRESH ROLL ON M 50mL          ;551149    ;NIVEA          ;        0.05;L  ;        0.00;       75.80;'42242864';KOZMETIKA;        5.69;        3.79
NIVEA DEO B&W INV.M ROLLON 50mL         ;551804    ;NIVEA          ;        0.05;L  ;        0.00;       75.80;'42240709';KOZMETIKA;        5.69;        3.79
NIVEA DEO ROLL ON COOL KICK 50mL        ;552407    ;NIVEA          ;        0.05;L  ;        0.00;       75.80;'42241980';KOZMETIKA;        5.69;        3.79
NIVEA DEO PROTECT&CARE ROLL-ON M 50mL   ;553028    ;NIVEA          ;        0.05;L  ;        0.00;       75.80;'42289067';KOZMETIKA;        5.69;        3.79
GARNIER DEO M MIN.ACT.CONT.+R 50mL      ;566746    ;GARNIER        ;        0.05;L  ;        5.19;      103.80;'3600542217460';KOZMETIKA;        0.00;        0.00
DOVE DEO 50mL M STICK COOL FRESH        ;578270    ;DOVE           ;        0.05;L  ;        5.99;      119.80;'96125595';KOZMETIKA;        0.00;        0.00
MEN EXPERT DEO ROLL ON INV.SPORT 50mL   ;582756    ;MEN EXPERT     ;        0.05;L  ;        5.49;      109.80;'3600523908677';KOZMETIKA;        0.00;        0.00
OS STICK DEEP SEA 50mL                  ;583332    ;OLD SPICE      ;        0.05;L  ;        5.69;      113.80;'8001841283906';KOZMETIKA;        0.00;        0.00
GARNIER DEO M MAGN ULTRA DRY 50mL       ;584368    ;GARNIER        ;        0.05;L  ;        5.19;      103.80;'3600542310055';KOZMETIKA;        0.00;        0.00
NIVEA DEO B&W ULTIM.IMP M ROLL ON 50mL  ;587389    ;NIVEA          ;        0.05;L  ;        0.00;       75.80;'42397717';KOZMETIKA;        5.69;        3.79
REXONA DEO M STICK 50mL INV.FRESH POWER ;603967    ;REXONA         ;        0.05;L  ;        0.00;       63.80;'59085751';KOZMETIKA;        4.99;        3.19
NIVEA DEO ROLL ON ACTIVE ENERGY 50mL    ;606213    ;NIVEA          ;        0.05;L  ;        0.00;       75.80;'9005800344447';KOZMETIKA;        5.69;        3.79
NIVEA DEO ROLL ON COOL KICK FRESH 50mL  ;606217    ;NIVEA          ;        0.05;L  ;        0.00;       75.80;'9005800342788';KOZMETIKA;        5.69;        3.79
FA DEO ROLL ON M 50mL RED CEDARWOOD     ;613772    ;FA             ;        0.05;L  ;        0.00;       53.80;'9000101641516';KOZMETIKA;        3.99;        2.69
NIVEA DEO M DEEP BEAT ROLL ON 50mL      ;614207    ;NIVEA          ;        0.05;L  ;        0.00;       85.80;'9005800353012';KOZMETIKA;        6.49;        4.29
NIVEA DEO STICK M B&W INVIS.ORGINAL 50mL;625892    ;NIVEA          ;        0.05;L  ;        5.69;      113.80;'9005800352206';KOZMETIKA;        0.00;        0.00
NIVEA DEO STICK M COOL KICK 50mL        ;625893    ;NIVEA          ;        0.05;L  ;        5.69;      113.80;'9005800352213';KOZMETIKA;        0.00;        0.00
NIVEA DEO STICK M FRESH ACTIVE 50mL     ;625894    ;NIVEA          ;        0.05;L  ;        5.69;      113.80;'9005800352220';KOZMETIKA;        0.00;        0.00
JM ROLL ON BLACK 50mL                   ;626090    ;JEAN MARC      ;        0.05;L  ;        2.65;       53.00;'5908241796285';KOZMETIKA;        0.00;        0.00
JM ROLL ON BILLIONER 50mL               ;626091    ;JEAN MARC      ;        0.05;L  ;        2.65;       53.00;'5908241796308';KOZMETIKA;        0.00;        0.00
OS STICK OASIS 50mL                     ;632755    ;OLD SPICE      ;        0.05;L  ;        5.69;      113.80;'8006540839362';KOZMETIKA;        0.00;        0.00
DOVE DEO 50mL M ROLL-ON CLEAN COMFORT   ;635346    ;DOVE           ;        0.05;L  ;        5.99;      119.80;'59092575';KOZMETIKA;        0.00;        0.00
REXONA STICK 50mL M ANTIBAKT+INV        ;635348    ;REXONA         ;        0.05;L  ;        0.00;       63.80;'87340686';KOZMETIKA;        4.99;        3.19
OS STICK ROCKSTAR 50mL                  ;644192    ;OLD SPICE      ;        0.05;L  ;        5.69;      113.80;'8700216203906';KOZMETIKA;        0.00;        0.00
BOROTALCO ROLL ON MEN INVISIBLE 50mL    ;645201    ;BOROTALCO      ;        0.05;L  ;        5.39;      107.80;'80924531';KOZMETIKA;        0.00;        0.00
OS STICK BEARGLOVE 50mL                 ;651454    ;OLD SPICE      ;        0.05;L  ;        5.69;      113.80;'8700216884662';KOZMETIKA;        0.00;        0.00
OS STICK WHITEWATER 50mL                ;651471    ;OLD SPICE      ;        0.05;L  ;        5.69;      113.80;'8700216162180';KOZMETIKA;        0.00;        0.00
OS STICK WOLFTHORN 50mL                 ;651513    ;OLD SPICE      ;        0.05;L  ;        5.69;      113.80;'8700216162173';KOZMETIKA;        0.00;        0.00
OS STICK CAPTAIN 50mL                   ;652156    ;OLD SPICE      ;        0.05;L  ;        5.69;      113.80;'8700216203982';KOZMETIKA;        0.00;        0.00
OS STICK NIGHT PANTHER 50mL             ;652163    ;OLD SPICE      ;        0.05;L  ;        5.69;      113.80;'8700216884617';KOZMETIKA;        0.00;        0.00
OS STICK WOLFTHORN 85mL                 ;652188    ;OLD SPICE      ;        0.09;L  ;        8.69;      102.24;'8700216879835';KOZMETIKA;        0.00;        0.00
DOVE DEO 50mL M STICK CLEAN COMFORT     ;652972    ;DOVE           ;        0.05;L  ;        5.99;      119.80;'59099710';KOZMETIKA;        0.00;        0.00
OS STICK WHITEWATER 85mL                ;653698    ;OLD SPICE      ;        0.09;L  ;        8.69;      102.24;'8700216357814';KOZMETIKA;        0.00;        0.00
FA DEO ROLL ON 50mL PINK PASSION        ;190089    ;FA             ;        0.05;L  ;        0.00;       53.80;'9000100326193';KOZMETIKA;        3.99;        2.69
SECRET DEO STICK DELICATE 40mL          ;244288    ;SECRET         ;        0.04;L  ;        4.99;      124.75;'5000174999839';KOZMETIKA;        0.00;        0.00
GARNIER DEO W ACTION CONT.50mL ROLLON   ;274192    ;GARNIER        ;        0.05;L  ;        5.19;      103.80;'3600540928870';KOZMETIKA;        0.00;        0.00
NEUTRO ROBERTS POWDER FRESH ROLL ON 50mL;34149     ;NEUTRO ROBERTS ;        0.05;L  ;        4.75;       95.00;'80619062';KOZMETIKA;        0.00;        0.00
BOROTALCO ROLL IN ORIG.50mL             ;392557    ;BOROTALCO      ;        0.05;L  ;        5.39;      107.80;'80453000';KOZMETIKA;        0.00;        0.00
BOROTALCO ROLL ON INVISIBLE 50mL*       ;392559    ;BOROTALCO      ;        0.05;L  ;        5.39;      107.80;'80844044';KOZMETIKA;        0.00;        0.00
GARNIER DEO W INVIS.BWC ROLL-ON 50mL    ;422196    ;GARNIER        ;        0.05;L  ;        5.19;      103.80;'3600541448179';KOZMETIKA;        0.00;        0.00
GARNIER DEO W THERMIC 50mL ROLL ON      ;446773    ;GARNIER        ;        0.05;L  ;        5.19;      103.80;'3600541740051';KOZMETIKA;        0.00;        0.00
SECRET DEO STICK NATUREL 40mL           ;446850    ;SECRET         ;        0.04;L  ;        4.99;      124.75;'5000174244823';KOZMETIKA;        0.00;        0.00
FA DEO ROLL ON 50mL INVISIBLE SENSITIVE ;527815    ;FA             ;        0.05;L  ;        0.00;       53.80;'9000101047141';KOZMETIKA;        3.99;        2.69
NIVEA DEO B&W FRESH ROLL ON ZA Ž.50mL   ;532908    ;NIVEA          ;        0.05;L  ;        0.00;       75.80;'42316763';KOZMETIKA;        5.69;        3.79
GARNIER DEO W FLORAL 6 50mL ROLL ON     ;547421    ;GARNIER        ;        0.05;L  ;        5.19;      103.80;'3600542119948';KOZMETIKA;        0.00;        0.00
NIVEA DEO FRESH NATURAL ROLL-ON Ž 50mL  ;551129    ;NIVEA          ;        0.05;L  ;        0.00;       75.80;'42241553';KOZMETIKA;        5.69;        3.79
NIVEA DEO B&W CLEAR W ROLL ON50ML       ;551130    ;NIVEA          ;        0.05;L  ;        0.00;       75.80;'42241898';KOZMETIKA;        5.69;        3.79
NIVEA DEO PROTECT & CARE Ž.ROLL-ON 50mL ;552514    ;NIVEA          ;        0.05;L  ;        0.00;       75.80;'42289005';KOZMETIKA;        5.69;        3.79
NIVEA DEO ROLL-ON DRY COMFORT 50mL      ;554874    ;NIVEA          ;        0.05;L  ;        0.00;       75.80;'42241706';KOZMETIKA;        5.69;        3.79
NIVEA DEO ROLL ON FRESH FLOWER 50mL W   ;557109    ;NIVEA          ;        0.05;L  ;        0.00;       75.80;'42277873';KOZMETIKA;        5.69;        3.79
NIVEA DEO ROLLON DOUBLE EFFECT W 50mL   ;557127    ;NIVEA          ;        0.05;L  ;        0.00;       75.80;'42242253';KOZMETIKA;        5.69;        3.79
GARNIER DEO W MIN.ACTION CON.+R 50mL    ;566744    ;GARNIER        ;        0.05;L  ;        5.19;      103.80;'3600542217422';KOZMETIKA;        0.00;        0.00
GARNIER DEO W COOTON BW ROLLON 50mL     ;582657    ;GARNIER        ;        0.05;L  ;        5.19;      103.80;'3600542310338';KOZMETIKA;        0.00;        0.00
GARNIER DEO W MAGN ULTRA DRY 50mL       ;584367    ;GARNIER        ;        0.05;L  ;        5.19;      103.80;'3600542309967';KOZMETIKA;        0.00;        0.00
MELEM DEO ROLL ON 50 DRAGOC.ULJA        ;587739    ;MELEM          ;        0.05;L  ;        4.19;       83.80;'3856007907524';KOZMETIKA;        0.00;        0.00
NIVEA DEO B&W SILKIY SMOOTH ROLL-ON 50mL;599124    ;NIVEA          ;        0.05;L  ;        0.00;       75.80;'42355663';KOZMETIKA;        5.69;        3.79
NIVEA DEO FRESH ROLL ON 50mL**          ;599701    ;NIVEA          ;        0.05;L  ;        0.00;       75.80;'42283409';KOZMETIKA;        5.69;        3.79
NIVEA DEO ROLL ON 50mL FRESH ROSE TOUCH ;600747    ;NIVEA          ;        0.05;L  ;        0.00;       75.80;'42419303';KOZMETIKA;        5.69;        3.79
NIVEA DEO ROLL ON 50mL PEARL&BEAUTY BLAC;617073    ;NIVEA          ;        0.05;L  ;        0.00;       75.80;'9005800356440';KOZMETIKA;        5.69;        3.79
NIVEA DEO ROLL ON ORGINAL CARE 50mL     ;620018    ;NIVEA          ;        0.05;L  ;        0.00;       75.80;'42428930';KOZMETIKA;        5.69;        3.79
NIVEA DEO STICK B&W INV.CLEAR 50m W     ;625833    ;NIVEA          ;        0.05;L  ;        5.69;      113.80;'9005800352275';KOZMETIKA;        0.00;        0.00
NIVEA DEO STICK FRESH NATURAL 50mL W    ;625838    ;NIVEA          ;        0.05;L  ;        5.69;      113.80;'9005800352305';KOZMETIKA;        0.00;        0.00
NIVEA DEO STICK PEARL&BEAUTY 50mL W     ;625891    ;NIVEA          ;        0.05;L  ;        5.69;      113.80;'9005800352299';KOZMETIKA;        0.00;        0.00
DOVE DEO 50mL W ROLL-ON ORIGINAL        ;635347    ;DOVE           ;        0.05;L  ;        5.99;      119.80;'59095859';KOZMETIKA;        0.00;        0.00
NEUTRO ROBERTS ROLL ON FRESCO MONOI 50mL;643780    ;NEUTRO ROBERTS ;        0.05;L  ;        4.75;       95.00;'80838265';KOZMETIKA;        0.00;        0.00
GARNIER DEO W HYALURON CARE 50mL ROLLON ;645530    ;GARNIER        ;        0.05;L  ;        5.19;      103.80;'3600542399326';KOZMETIKA;        0.00;        0.00
DOVE DEO 50mL W ROLL ON INV.DRY         ;645796    ;DOVE           ;        0.05;L  ;        5.99;      119.80;'59083856';KOZMETIKA;        0.00;        0.00
DOVE DEO 50mL W ROLL ON TALCO           ;645797    ;DOVE           ;        0.05;L  ;        5.99;      119.80;'59095330';KOZMETIKA;        0.00;        0.00
NIVEA DEO FRESH W ROLL ON 50mL          ;651810    ;NIVEA          ;        0.05;L  ;        0.00;       75.80;'42417958';KOZMETIKA;        5.69;        3.79
REXONA DEO W STICK ALOE VERA 50mL       ;656784    ;REXONA         ;        0.05;L  ;        0.00;       63.80;'59004783';KOZMETIKA;        4.99;        3.19
REXONA DEO W STICK BRIGHT BOUQUET 50mL  ;656786    ;REXONA         ;        0.05;L  ;        0.00;       63.80;'59002222';KOZMETIKA;        4.99;        3.19
REXONA DEO W ROLL-ON COTTON DRY 50mL    ;656787    ;REXONA         ;        0.05;L  ;        0.00;       63.80;'59099307';KOZMETIKA;        4.99;        3.19
DOVE DEO 50mL W STICK PEARL&ALOE VERA   ;656788    ;DOVE           ;        0.05;L  ;        5.99;      119.80;'59099628';KOZMETIKA;        0.00;        0.00
DOVE DEO 50mL W STICK INVISIBLE DRY     ;656789    ;DOVE           ;        0.05;L  ;        5.99;      119.80;'59099598';KOZMETIKA;        0.00;        0.00
DOVE DEO 50mL W STICK POMEGRANATE       ;656790    ;DOVE           ;        0.05;L  ;        5.99;      119.80;'59099642';KOZMETIKA;        0.00;        0.00
DOVE DEO 50mL W STICK ORIGINAL          ;656791    ;DOVE           ;        0.05;L  ;        5.99;      119.80;'59099611';KOZMETIKA;        0.00;        0.00
NIVEA DEO W ROLLON 50mL SENS DERMA RESTO;658251    ;NIVEA          ;        0.05;L  ;        0.00;       75.80;'9005800390222';KOZMETIKA;        5.69;        3.79
REVITALIFT DNEVNA KREMA ZA BORE 50mL    ;135378    ;LOREAL         ;        0.05;L  ;       14.99;      299.80;'3600520160764';KOZMETIKA;        0.00;        0.00
REVITALIFT NOÆNA KREMA ZA BORE 50mL     ;137014    ;LOREAL         ;        0.05;L  ;       14.99;      299.80;'3600520160771';KOZMETIKA;        0.00;        0.00
MELEM KREMA 35mL                        ;188126    ;MELEM          ;        0.04;L  ;        0.00;      148.29;'3856007901409';KOZMETIKA;        6.45;        5.19
MELEM KREMA 10mL                        ;188127    ;MELEM          ;        0.01;L  ;        0.00;      249.00;'3856007901416';KOZMETIKA;        3.05;        2.49
SN GEL PURE ACTIVE 3U1 150m             ;213709    ;GARNIER        ;        0.15;L  ;        0.00;       36.93;'3600540565402';KOZMETIKA;        7.39;        5.54
MELEM LIP BALM CLASSIC 4.5g             ;317036    ;MELEM          ;        0.05;kg ;        3.99;       88.67;'3856007902840';KOZMETIKA;        0.00;        0.00
EVELINE PURE CONTROL 3U1 200mL          ;323648    ;EVELINE        ;        0.20;L  ;        3.79;       18.95;'5901964014162';KOZMETIKA;        0.00;        0.00
MELEM KREMA 50mL                        ;348292    ;MELEM          ;        0.05;L  ;        0.00;      119.80;'3856007903724';KOZMETIKA;        7.25;        5.99
AFRODITA Y&P LOSION 200mL               ;383715    ;AFRODITA       ;        0.20;L  ;        8.49;       42.45;'3831070650065';KOZMETIKA;        0.00;        0.00
AFRODITA Y&P HIDR.KREMA 50mL            ;383716    ;AFRODITA       ;        0.05;L  ;        8.49;      169.80;'3831070650072';KOZMETIKA;        0.00;        0.00
AFRODITA Y&P 3U1 GEL/PILING/MASKA 150mL ;383722    ;AFRODITA       ;        0.15;L  ;        7.49;       49.93;'3831070650089';KOZMETIKA;        0.00;        0.00
LOREAL AGE SPEC DNEVNA 35+ 50mL         ;415667    ;LOREAL         ;        0.05;L  ;        9.99;      199.80;'3600522550051';KOZMETIKA;        0.00;        0.00
LOREAL AGE SPEC NOÆNA 35+ 50mL          ;415668    ;LOREAL         ;        0.05;L  ;        9.99;      199.80;'3600522550082';KOZMETIKA;        0.00;        0.00
LOREAL AGE SPEC.DNEVNA 45+ 50mL         ;415669    ;LOREAL         ;        0.05;L  ;        9.99;      199.80;'3600522550129';KOZMETIKA;        0.00;        0.00
LOREAL AGE SPEC.NOÆNA 45+ 50mL          ;415670    ;LOREAL         ;        0.05;L  ;        9.99;      199.80;'3600522550167';KOZMETIKA;        0.00;        0.00
LOREAL AGE SPEC.DNEVNA 55+ 50mL         ;415671    ;LOREAL         ;        0.05;L  ;        9.99;      199.80;'3600522550204';KOZMETIKA;        0.00;        0.00
SN MICELARNA ZA OSJ.KOŽU 400mL          ;416586    ;GARNIER        ;        0.40;L  ;        7.59;       18.98;'3600541382619';KOZMETIKA;        0.00;        0.00
MELEM LIP BALM MEN                      ;427876    ;MELEM          ;        0.00;   ;        3.99;        0.00;'3856007904134';KOZMETIKA;        0.00;        0.00
NIVEA Q10 NOÆNA KREMA 50mL              ;428123    ;NIVEA          ;        0.05;L  ;        0.00;      239.80;'9005800227269';KOZMETIKA;       19.99;       11.99
NIVEA Q10 ENERGY DN.KREMA 50mL          ;430207    ;NIVEA          ;        0.05;L  ;        0.00;      239.80;'9005800227320';KOZMETIKA;       19.99;       11.99
SN MICELARNA DVOFAZNA 400mL             ;511363    ;GARNIER        ;        0.40;L  ;        8.29;       20.73;'3600541744493';KOZMETIKA;        0.00;        0.00
PUŽEV GEL JARDIN 125mL                  ;518648    ;JARDIN         ;        0.13;L  ;        5.99;       47.92;'4260132322418';KOZMETIKA;        0.00;        0.00
BIBO VL.MARAMICE ZA ÈIŠÆENJE LICA  25/1 ;520111    ;BIBO           ;       25.00;KOM;        1.19;        0.05;'3859890063162';KOZMETIKA;        0.00;        0.00
NIVEA MICELARNA SENSITIVE 400mL         ;520799    ;NIVEA          ;        0.40;L  ;        0.00;       14.28;'9005800273464';KOZMETIKA;        8.79;        5.71
MELEM KREMA U TUBI 25mL                 ;522735    ;MELEM          ;        0.03;L  ;        0.00;      151.60;'3856007905339';KOZMETIKA;        4.85;        3.79
AFRODITA WHY MASKA 4 COLLAGEN 2*6mm     ;539493    ;AFRODITA       ;        0.00;   ;        2.69;        0.00;'3831070652472';KOZMETIKA;        0.00;        0.00
NIVEA KREMA 45+ DNEVNA PR.BORA 50mL     ;541559    ;NIVEA          ;        0.05;L  ;        9.99;      199.80;'9005800290805';KOZMETIKA;        0.00;        0.00
EVELINE KREMA NATURE RETINOL+M.ALGE 50mL;546718    ;EVELINE        ;        0.05;L  ;        5.69;      113.80;'5901761912296';KOZMETIKA;        0.00;        0.00
EVELINE KREMA NATURE ZELENA MASLINA 50mL;546719    ;EVELINE        ;        0.05;L  ;        5.69;      113.80;'5901761912289';KOZMETIKA;        0.00;        0.00
LOREAL AGE SPEC 65+ DNEVNA 50mL         ;546776    ;LOREAL         ;        0.05;L  ;        9.99;      199.80;'3600523408948';KOZMETIKA;        0.00;        0.00
LOREAL AGE SPEC 65+ NOÆNA 50mL          ;546785    ;LOREAL         ;        0.05;L  ;        9.99;      199.80;'3600523408979';KOZMETIKA;        0.00;        0.00
MIXA HYALUROGEL 50mL ZA LICE            ;546787    ;MIXA           ;        0.05;L  ;        8.99;      179.80;'3600550934922';KOZMETIKA;        0.00;        0.00
SN MICELARNA INFUSED 100mL              ;551230    ;GARNIER        ;        0.10;L  ;        3.65;       36.50;'3600542109734';KOZMETIKA;        0.00;        0.00
MELEM LIP BALM RUŽA 4,5g**              ;554983    ;MELEM          ;        0.00;   ;        0.00;        0.00;'3856007905773';KOZMETIKA;        3.19;        2.39
REVITALIFT LASER DNEVNA KREMA 50mL      ;557373    ;LOREAL         ;        0.05;L  ;       20.49;      409.80;'3600523550661';KOZMETIKA;        0.00;        0.00
EVELINE MICELARNA VODA 3U1 400mL        ;559289    ;EVELINE        ;        0.40;L  ;        4.45;       11.13;'5901761919264';KOZMETIKA;        0.00;        0.00
REVITALIFT FILLER DNEVNA KREMA 50mL     ;560489    ;LOREAL         ;        0.05;L  ;       20.49;      409.80;'3600523550746';KOZMETIKA;        0.00;        0.00
NIVEA KREMA 65+ DNEVNA 50mL             ;563575    ;NIVEA          ;        0.05;L  ;        9.99;      199.80;'9005800311241';KOZMETIKA;        0.00;        0.00
NIVEA KREMA 65+ NOÆNA 50mL              ;563576    ;NIVEA          ;        0.05;L  ;        9.99;      199.80;'9005800311265';KOZMETIKA;        0.00;        0.00
NIVEA MICELARNA VODA ZA NOR.KOŽU 400mL  ;563597    ;NIVEA          ;        0.40;L  ;        0.00;       14.28;'9005800299907';KOZMETIKA;        8.79;        5.71
MIXA KREMA ZA LICE LIGHT 50mL           ;566598    ;MIXA           ;        0.05;L  ;        8.99;      179.80;'3600550932836';KOZMETIKA;        0.00;        0.00
SN KREMA-GEL HYAL.ALOE HIDR.JELLY 50mL  ;573530    ;GARNIER        ;        0.05;L  ;        0.00;      125.20;'3600542243377';KOZMETIKA;        8.35;        6.26
LOREAL HYALURON SPEC.NOÆNA KREMA 50mL   ;575426    ;LOREAL         ;        0.05;L  ;        9.99;      199.80;'3600523775644';KOZMETIKA;        0.00;        0.00
LOREAL HYALURON SPEC.DNEVNA KREMA 50mL  ;575427    ;LOREAL         ;        0.05;L  ;        9.99;      199.80;'3600523775699';KOZMETIKA;        0.00;        0.00
AFRODITA CLEAN PHASE TONIK HYDRA 100mL  ;576218    ;AFRODITA       ;        0.10;L  ;        7.99;       79.90;'3831070654940';KOZMETIKA;        0.00;        0.00
AFRODITA CLEAN PHASE GEL HYDRA 150mL    ;576224    ;AFRODITA       ;        0.15;L  ;        6.99;       46.60;'3831070654933';KOZMETIKA;        0.00;        0.00
AFRODITA CLEAN PHASE MIC.PJENA 150mL    ;576225    ;AFRODITA       ;        0.15;L  ;        8.49;       56.60;'3831070654957';KOZMETIKA;        0.00;        0.00
AFRODITA CLEAN PH.ODR.OKO OÈIJU 125mL** ;576226    ;AFRODITA       ;        0.13;L  ;        6.45;       51.60;'3831070655008';KOZMETIKA;        0.00;        0.00
SN GEL PURE ACT.ANTI BLACKH.3U1 150mL   ;582593    ;GARNIER        ;        0.15;L  ;        0.00;       37.47;'3600542084444';KOZMETIKA;        7.49;        5.62
SN MICE.VODA ROSEWATER 400mL            ;584373    ;GARNIER        ;        0.40;L  ;        4.59;       11.48;'3600542326698';KOZMETIKA;        0.00;        0.00
NIVEA ESSENT.KREMA BB SVIJETLA 50mL     ;590527    ;NIVEA          ;        0.05;L  ;        0.00;      149.80;'4005808745425';KOZMETIKA;       11.49;        7.49
SN KREMA HIDR.HYAL-ALOE 50mL            ;590885    ;GARNIER        ;        0.05;L  ;        0.00;      125.20;'3600542328647';KOZMETIKA;        8.35;        6.26
NIVEA VISAGE JASTUÈIÆI OD VATE 80/1 +   ;59964     ;NIVEA          ;       80.00;KOM;        0.00;        0.03;'9005800046334';KOZMETIKA;        3.29;        2.14
L ANGELICA BALZAM KOKOS ZA USNE 4,8g    ;602286    ;L'ANGELICA     ;        0.00;   ;        2.19;        0.00;'8017331072004';KOZMETIKA;        0.00;        0.00
L ANGELICA BALZAM PAMUK-BADEM ZA USNE4,8;602287    ;L'ANGELICA     ;        0.00;   ;        2.19;        0.00;'8017331071793';KOZMETIKA;        0.00;        0.00
SN MASKA U MARAMICI FRESHNES 1/1        ;603752    ;GARNIER        ;        1.00;KOM;        3.25;        3.25;'3600542385329';KOZMETIKA;        0.00;        0.00
SN MASKA U MARAMICI MOISTURE 1/1        ;603753    ;GARNIER        ;        1.00;KOM;        0.00;        1.79;'3600542385312';KOZMETIKA;        1.77;        1.79
SN MASKA U MARAMICI ALOE 1/1            ;603757    ;GARNIER        ;        1.00;KOM;        3.25;        3.25;'3600542385626';KOZMETIKA;        0.00;        0.00
NIVEA Q10 POWER DNEVNA 50mL SPF30       ;604333    ;NIVEA          ;        0.05;L  ;        0.00;      239.80;'9005800302997';KOZMETIKA;       19.99;       11.99
SN MICELARNA HYALURONIC ALOE 400mL      ;604392    ;GARNIER        ;        0.40;L  ;        8.29;       20.73;'3600542396608';KOZMETIKA;        0.00;        0.00
NIVEA ESSENT.KREMA BB SREDNJA 50mL      ;604467    ;NIVEA          ;        0.05;L  ;        0.00;      149.80;'4005808745821';KOZMETIKA;       11.49;        7.49
SN MICELARNA 100mL                      ;611107    ;GARNIER        ;        0.10;L  ;        3.45;       34.50;'3600542399258';KOZMETIKA;        0.00;        0.00
SN MASKA U MARAMICI VIT C 1/1           ;613054    ;GARNIER        ;        1.00;KOM;        3.25;        3.25;'3600542380492';KOZMETIKA;        0.00;        0.00
AFRODITA BB KREMA LIGHT 30mL            ;614609    ;AFRODITA       ;        0.03;L  ;       12.99;      433.00;'3831070656180';KOZMETIKA;        0.00;        0.00
AFRODITA BB KREMA MEDIUM 30mL           ;614611    ;AFRODITA       ;        0.03;L  ;       12.99;      433.00;'3831070656197';KOZMETIKA;        0.00;        0.00
SN KREMA-GEL VIT.C 50mL JELLY           ;616400    ;GARNIER        ;        0.05;L  ;        0.00;      127.40;'3600542471039';KOZMETIKA;        8.49;        6.37
SN MICELARNA VIT C 400mL                ;616405    ;GARNIER        ;        0.40;L  ;        8.29;       20.73;'3600542467650';KOZMETIKA;        0.00;        0.00
BIOBAZA BEAUTY MLIJEKO ZA LICE 500mL    ;619066    ;BIOBAZA        ;        0.50;L  ;        7.19;       14.38;'3856020904081';KOZMETIKA;        0.00;        0.00
BIOBAZA BEAUTY KREMA PR.BORA 50mL       ;619067    ;BIOBAZA        ;        0.05;L  ;        9.95;      199.00;'3856020903572';KOZMETIKA;        0.00;        0.00
NIVEA MICELARNA DRY 400mL               ;619881    ;NIVEA          ;        0.40;L  ;        0.00;       14.28;'9005800299914';KOZMETIKA;        8.79;        5.71
AFRODITA KREMA BADEMOVA VLAŽ.50mL       ;627550    ;AFRODITA       ;        0.05;L  ;       11.99;      239.80;'3831070659921';KOZMETIKA;        0.00;        0.00
AFRODITA KREMA BADEMOVA HRANJIVA 50mL   ;627551    ;AFRODITA       ;        0.05;L  ;       11.99;      239.80;'3831070659938';KOZMETIKA;        0.00;        0.00
MELEM LIP BALM L&C RUŽA                 ;627988    ;MELEM          ;        0.00;   ;        3.99;        0.00;'3856007910753';KOZMETIKA;        0.00;        0.00
AFRODITA WHY MASKA HYDRA 2X6mL          ;628037    ;AFRODITA       ;        0.00;   ;        2.69;        0.00;'3830001297416';KOZMETIKA;        0.00;        0.00
AFRODITA KREMA NEVEN HIDRA 50mL         ;628358    ;AFRODITA       ;        0.05;L  ;        9.99;      199.80;'3831070659952';KOZMETIKA;        0.00;        0.00
NIVEA KREMA 55+ NOÆNA PROTIV BORA 50mL  ;636489    ;NIVEA          ;        0.05;L  ;        9.99;      199.80;'9005800371337';KOZMETIKA;        0.00;        0.00
NIVEA KREMA 55+ DNEVNA PR.BORA 50mL     ;636695    ;NIVEA          ;        0.05;L  ;        9.99;      199.80;'9005800371313';KOZMETIKA;        0.00;        0.00
LABELLO ORIGINAL 4,8g                   ;637871    ;LABELLO        ;        0.01;kg ;        3.29;      658.00;'9005800362861';KOZMETIKA;        0.00;        0.00
LABELLO HYDRO CARE 4,8g                 ;637872    ;LABELLO        ;        0.01;kg ;        4.49;      898.00;'9005800362991';KOZMETIKA;        0.00;        0.00
LABELLO OVERNIGHT CARE 4,8g             ;637874    ;LABELLO        ;        0.01;kg ;        4.49;      898.00;'4006000005737';KOZMETIKA;        0.00;        0.00
LABELLO SOFT ROSE 4,8g                  ;637876    ;LABELLO        ;        0.01;kg ;        3.99;      798.00;'9005800362885';KOZMETIKA;        0.00;        0.00
LABELLO CHERRY SHINE 4,8g               ;637877    ;LABELLO        ;        0.01;kg ;        3.99;      798.00;'9005800362946';KOZMETIKA;        0.00;        0.00
LABELLO BLACKBERRY SHINE 4,8g           ;637878    ;LABELLO        ;        0.01;kg ;        3.99;      798.00;'9005800363059';KOZMETIKA;        0.00;        0.00
SN VITAMIN C FLUID SPF 50+ 40mL         ;640266    ;GARNIER        ;        0.04;L  ;        0.00;      234.25;'3600542573009';KOZMETIKA;       12.49;        9.37
MELEM LIP MASLAC MELT IN BUTTER         ;645076    ;MELEM          ;        0.01;L  ;        5.99;      599.00;'3856007911729';KOZMETIKA;        0.00;        0.00
MIXA FLUID PROTIC SUHOÆE KOŽE 50mL      ;650939    ;MIXA           ;        0.05;L  ;       11.99;      239.80;'3600551156750';KOZMETIKA;        0.00;        0.00
MELEM LIP BALM COLD CREAM               ;651151    ;MELEM          ;        0.00;   ;        3.99;        0.00;'3856007910074';KOZMETIKA;        0.00;        0.00
SN PUREACTIVE FLASTER ZA PRIŠTIÆE 22/1  ;651835    ;GARNIER        ;       22.00;KOM;        0.00;        0.34;'3600542573146';KOZMETIKA;        9.99;        7.49
MIXA MICELARNA OPT.TOLERANCE 400mL      ;652099    ;MIXA           ;        0.40;L  ;        7.99;       19.98;'3600550932782';KOZMETIKA;        0.00;        0.00
MIXA GEL PROTIV NEPRAVILNOSTI 200mL     ;652100    ;MIXA           ;        0.20;L  ;        6.29;       31.45;'3600551155098';KOZMETIKA;        0.00;        0.00
AFRODITA KREMA ACTIVE C HIDR.50mL       ;655649    ;AFRODITA COMMERC D.O.O. ZAGREB;        0.05;L  ;       15.99;      319.80;'3831070663287';KOZMETIKA;        0.00;        0.00
AFRODITA KREMA C ACTIVE BOOST HRANJ.50mL;655650    ;AFRODITA COMMERC D.O.O. ZAGREB;        0.05;L  ;       15.99;      319.80;'3831070663294';KOZMETIKA;        0.00;        0.00
AFRODITA CLEAN PH TONIK DIPEPTIDE 100mL ;655651    ;AFRODITA COMMERC D.O.O. ZAGREB;        0.10;L  ;       12.99;      129.90;'3831070662945';KOZMETIKA;        0.00;        0.00
AFRODITA CLEAN PH PJENA DIPTETIDE 150mL ;655652    ;AFRODITA COMMERC D.O.O. ZAGREB;        0.15;L  ;        9.99;       66.60;'3831070662938';KOZMETIKA;        0.00;        0.00
EVELINE SERUM SHOT10% NIACINAMIDE 30mL**;656779    ;POHIT d.o.o.;        0.03;L  ;        0.00;      166.33;'5903416039600';KOZMETIKA;        9.99;        4.99
SN BB KREMA CLASSIC LIGHT 50mL          ;689884    ;GARNIER        ;        0.05;L  ;        0.00;      149.80;'3600542416436';KOZMETIKA;        9.99;        7.49
SN BB KREMA CLASSIC MEDIUM 50mL         ;689885    ;GARNIER        ;        0.05;L  ;        0.00;      149.80;'3600542416405';KOZMETIKA;        9.99;        7.49
SN BB KREMA OIL FREE LIGHT 50mL         ;689886    ;GARNIER        ;        0.05;L  ;        0.00;      149.80;'3600542415071';KOZMETIKA;        9.99;        7.49
COMPLETE C.C.D20 CRNA                   ;102476    ;ANNYER         ;        0.12;L  ;        4.29;       37.30;'3850177007947';KOZMETIKA;        0.00;        0.00
COMPLETE C.C.N50 SMEÐA                  ;102478    ;ANNYER         ;        0.12;L  ;        4.29;       37.30;'3850177007848';KOZMETIKA;        0.00;        0.00
COMPLETE C.C.N67 ÈOKOLADA               ;102480    ;ANNYER         ;        0.12;L  ;        4.29;       37.30;'3850177007824';KOZMETIKA;        0.00;        0.00
COMPLETE C.C.RM55 MAHAGONI              ;102485    ;ANNYER         ;        0.12;L  ;        4.29;       37.30;'3850177007909';KOZMETIKA;        0.00;        0.00
COMPLETE C.C.46 INT.TAMNO CRVENA*       ;106556    ;ANNYER         ;        0.12;L  ;        4.29;       37.30;'3850177007923';KOZMETIKA;        0.00;        0.00
COMPLETE C.C.D36 TAMNO LJUBIÈASTA       ;115267    ;ANNYER         ;        0.12;L  ;        4.29;       37.30;'3850177007961';KOZMETIKA;        0.00;        0.00
COMPLETE C.C.N80 PRIRODNO PLAVA         ;115268    ;ANNYER         ;        0.12;L  ;        4.29;       37.30;'3850177007800';KOZMETIKA;        0.00;        0.00
PALETTE DELUXE 3-65 ÈOKOLADNO-SMEÐA 750 ;124794    ;PALETTE DELUXE ;        0.12;L  ;        0.00;       41.65;'3838824176932';KOZMETIKA;        5.99;        4.79
PALETTE DELUXE 3-0 TAMNOSMEÐA 800       ;124797    ;PALETTE DELUXE ;        0.12;L  ;        0.00;       41.65;'3838824176994';KOZMETIKA;        5.99;        4.79
COMPLETE C.C.R666 CRV.                  ;141966    ;ANNYER         ;        0.12;L  ;        4.29;       37.30;'3850177007930';KOZMETIKA;        0.00;        0.00
COMPLETE C.C.B98 SREBRNA                ;144641    ;ANNYER         ;        0.12;L  ;        4.29;       37.30;'3850177007794';KOZMETIKA;        0.00;        0.00
COLOR NATURALS 3 CHATAIN                ;180049    ;COLOR NATURALS ;        0.11;L  ;        0.00;       33.55;'3600540335609';KOZMETIKA;        4.99;        3.69
COLOR NATURALS 4 CHATAIN                ;180050    ;COLOR NATURALS ;        0.11;L  ;        0.00;       33.55;'3600540335616';KOZMETIKA;        4.99;        3.69
COLOR NATURALS 5 CHATAIN                ;180051    ;COLOR NATURALS ;        0.11;L  ;        0.00;       33.55;'3600540335623';KOZMETIKA;        4.99;        3.69
COLOR NATURALS 7 BLOND                  ;180052    ;COLOR NATURALS ;        0.11;L  ;        0.00;       33.55;'3600540335647';KOZMETIKA;        4.99;        3.69
COLOR NATURALS 8 BLOND CL               ;180053    ;COLOR NATURALS ;        0.11;L  ;        0.00;       33.55;'3600540335654';KOZMETIKA;        4.99;        3.69
COLOR NATURALS 7.1 BLOND                ;180056    ;COLOR NATURALS ;        0.11;L  ;        0.00;       33.55;'3600540335692';KOZMETIKA;        4.99;        3.69
COLOR NATURALS 8.1 BL.CL                ;180057    ;COLOR NATURALS ;        0.11;L  ;        0.00;       33.55;'3600540335708';KOZMETIKA;        4.99;        3.69
COLOR NATURALS 9.1 TR.CL                ;180058    ;COLOR NATURALS ;        0.11;L  ;        0.00;       33.55;'3600540335715';KOZMETIKA;        4.99;        3.69
COLOR NATURALS 6.34 BI FO               ;180070    ;COLOR NATURALS ;        0.11;L  ;        0.00;       33.55;'3600540335906';KOZMETIKA;        4.99;        3.69
COLOR NATURALS SE CEN111                ;181612    ;COLOR NATURALS ;        0.11;L  ;        0.00;       33.55;'3600540335890';KOZMETIKA;        4.99;        3.69
COLOR NATURALS 6 BL.FONCE               ;191840    ;COLOR NATURALS ;        0.11;L  ;        0.00;       33.55;'3600540335630';KOZMETIKA;        4.99;        3.69
COLOR NATURALS 10 BL.                   ;191842    ;COLOR NATURALS ;        0.11;L  ;        0.00;       33.55;'3600540335678';KOZMETIKA;        4.99;        3.69
COLOR NATURALS 1 NOIR                   ;192111    ;COLOR NATURALS ;        0.11;L  ;        0.00;       33.55;'3600540335593';KOZMETIKA;        4.99;        3.69
COMPLETE C.C. N60 ZLATNO SMEÐA          ;242503    ;ANNYER         ;        0.12;L  ;        4.29;       37.30;'3850177008029';KOZMETIKA;        0.00;        0.00
COMPLETE RM 45 TAMNI MAHAGONI           ;243225    ;ANNYER         ;        0.12;L  ;        4.29;       37.30;'3850177007978';KOZMETIKA;        0.00;        0.00
COMPLETE N 73 LJEŠNJAK                  ;243227    ;ANNYER         ;        0.12;L  ;        4.29;       37.30;'3850177007992';KOZMETIKA;        0.00;        0.00
COMPLETE N 76 MALAGA                    ;243228    ;ANNYER         ;        0.12;L  ;        4.29;       37.30;'3850177008012';KOZMETIKA;        0.00;        0.00
COMPLETE N 70 CAPUCCINO                 ;243229    ;ANNYER         ;        0.12;L  ;        4.29;       37.30;'3850177008005';KOZMETIKA;        0.00;        0.00
PALETTE ICC G3 TAMNA ÈOKOLADA           ;266271    ;PALETTE ICC    ;        0.00;   ;        0.00;        0.00;'3838824184180';KOZMETIKA;        5.19;        3.49
PALETTE ICC N7 SVIJETLO PLAVA NEW       ;316420    ;PALETTE ICC    ;        0.00;   ;        0.00;        0.00;'3838824159652';KOZMETIKA;        5.19;        3.49
PALETTE ICC N1 CRNA NEW                 ;316421    ;PALETTE ICC    ;        0.00;   ;        0.00;        0.00;'3838824159416';KOZMETIKA;        5.19;        3.49
PALETTE ICC R15 INTEN.CRVENA NEW        ;316472    ;PALETTE ICC    ;        0.00;   ;        0.00;        0.00;'3838824159898';KOZMETIKA;        5.19;        3.49
PALETTE ICC W5 NOUGAT NEW               ;316487    ;PALETTE ICC    ;        0.00;   ;        0.00;        0.00;'3838824184203';KOZMETIKA;        5.19;        3.49
PALETTE ICC RFE 3 NEW INTENZ.PATLIÐAN   ;316488    ;PALETTE ICC    ;        0.00;   ;        0.00;        0.00;'3838824159850';KOZMETIKA;        5.19;        3.49
PALETTE ICC N4 SVIJETLOSMEÐA NEW        ;316513    ;PALETTE ICC    ;        0.00;   ;        0.00;        0.00;'3838824159539';KOZMETIKA;        5.19;        3.49
PALETTE ICC N2 TAMNO SMEÐA NEW          ;316516    ;PALETTE ICC    ;        0.00;   ;        0.00;        0.00;'3838824159454';KOZMETIKA;        5.19;        3.49
PALETTE ICC N3 SREDNJE SMEÐA NEW        ;316523    ;PALETTE ICC    ;        0.00;   ;        0.00;        0.00;'3838824159492';KOZMETIKA;        5.19;        3.49
PALETTE ICC C9 SREBRNO PLAVA NEW        ;316524    ;PALETTE ICC    ;        0.00;   ;        0.00;        0.00;'3838824197197';KOZMETIKA;        5.19;        3.49
PALETTE ICC C10 SREBRNO-PLAVA           ;316525    ;PALETTE ICC    ;        0.00;   ;        0.00;        0.00;'3838824159218';KOZMETIKA;        5.19;        3.49
PALETTE ICC R4 SREDNJE KESTEN NEW       ;316535    ;PALETTE ICC    ;        0.00;   ;        0.00;        0.00;'3838824159751';KOZMETIKA;        5.19;        3.49
PALETTE ICC C1 PLAVO CRNA NEW           ;316537    ;PALETTE ICC    ;        0.00;   ;        0.00;        0.00;'3838824159171';KOZMETIKA;        5.19;        3.49
PALETTE ICC A10 ULTRA PEPELJASTO PLAVA  ;316938    ;PALETTE ICC    ;        0.00;   ;        0.00;        0.00;'3838824159133';KOZMETIKA;        5.19;        3.49
PALETTE ICC R2 TAMNI MAHAGONIJ          ;317204    ;PALETTE ICC    ;        0.00;   ;        0.00;        0.00;'3838824218557';KOZMETIKA;        5.19;        3.49
PALETTE ICC N6 SREDNJE PLAVA            ;317533    ;PALETTE ICC    ;        0.00;   ;        0.00;        0.00;'3838824159614';KOZMETIKA;        5.19;        3.49
PALETTE PNC 400 SREDNJE PLAVA           ;321474    ;PALETTE PNC    ;        0.06;L  ;        4.19;       69.83;'3838824171289';KOZMETIKA;        0.00;        0.00
PALETTE PNC 300 SVJETLO PLAVA           ;321475    ;PALETTE PNC    ;        0.06;L  ;        4.19;       69.83;'3838824171241';KOZMETIKA;        0.00;        0.00
PALETTE PNC 700 SREDNJE SMEÐA           ;321488    ;PALETTE PNC    ;        0.06;L  ;        4.19;       69.83;'3838824171449';KOZMETIKA;        0.00;        0.00
PALETTE PNC 909 PLAVO CRNA              ;321679    ;PALETTE PNC    ;        0.06;L  ;        4.19;       69.83;'3838824171586';KOZMETIKA;        0.00;        0.00
PALETTE PNC 800 TAMNO SMEÐA             ;322951    ;PALETTE PNC    ;        0.06;L  ;        4.19;       69.83;'3838824171524';KOZMETIKA;        0.00;        0.00
PALETTE PNC 500 TAMNOPLAVA              ;322952    ;PALETTE PNC    ;        0.06;L  ;        4.19;       69.83;'3838824171326';KOZMETIKA;        0.00;        0.00
PALETTE PNC 868 ÈOKOLADNO-SMEÐA         ;322953    ;PALETTE PNC    ;        0.06;L  ;        4.19;       69.83;'3838824171548';KOZMETIKA;        0.00;        0.00
PALETTE PNC 900 CRNA                    ;323050    ;PALETTE PNC    ;        0.06;L  ;        4.19;       69.83;'3838824171562';KOZMETIKA;        0.00;        0.00
PALETTE PNC 600 SVJETLOSMEÐA            ;323051    ;PALETTE PNC    ;        0.06;L  ;        4.19;       69.83;'3838824171401';KOZMETIKA;        0.00;        0.00
SYOSS COLOR 1-1 CRNA                    ;323130    ;SYOSS COLOR    ;        0.12;L  ;        0.00;       52.09;'9000100632669';KOZMETIKA;        6.99;        5.99
SYOSS COLOR 3-1 TAMNOSMEÐA              ;323131    ;SYOSS COLOR    ;        0.12;L  ;        0.00;       52.09;'9000100632706';KOZMETIKA;        6.99;        5.99
SYOSS COLOR 4-1 SREDNJE SMEÐA           ;323132    ;SYOSS COLOR    ;        0.12;L  ;        0.00;       52.09;'9000100632744';KOZMETIKA;        6.99;        5.99
SYOSS COLOR 4-2 MAHAGONIJ SMEÐA         ;323135    ;SYOSS COLOR    ;        0.00;   ;        0.00;        0.00;'9000100632867';KOZMETIKA;        6.99;        5.99
SYOSS COLOR 3-3 TAMNO LJUB.             ;323138    ;SYOSS COLOR    ;        0.12;L  ;        0.00;       52.09;'9000100632966';KOZMETIKA;        6.99;        5.99
SYOSS COLOR 1-4 PLAVO CRNA              ;323139    ;SYOSS COLOR    ;        0.12;L  ;        0.00;       52.09;'9000100633000';KOZMETIKA;        6.99;        5.99
SYOSS COLOR 9-5 LEDENO BISERNO PLAVA    ;323140    ;SYOSS COLOR    ;        0.00;   ;        0.00;        0.00;'9000100633048';KOZMETIKA;        6.99;        5.99
SYOSS COLOR 8-7 MED PLAVA               ;323146    ;SYOSS COLOR    ;        0.12;L  ;        0.00;       52.09;'9000100633260';KOZMETIKA;        6.99;        5.99
SYOSS COLOR 5-8 LJEŠNJAK SMEÐA          ;323147    ;SYOSS COLOR    ;        0.12;L  ;        0.00;       52.09;'9000100633345';KOZMETIKA;        6.99;        5.99
SYOSS COLOR 4-8 ÈOKOLADNO SMEÐA         ;323160    ;SYOSS COLOR    ;        0.12;L  ;        0.00;       52.09;'9000100633314';KOZMETIKA;        6.99;        5.99
PALETTE PNC 219 SUPER PEP.PLAVA         ;323199    ;PALETTE PNC    ;        0.06;L  ;        4.19;       69.83;'3838824171180';KOZMETIKA;        0.00;        0.00
PALETTE PNC 100 SKANDINAVSKA            ;324432    ;PALETTE PNC    ;        0.06;L  ;        4.19;       69.83;'3838824171166';KOZMETIKA;        0.00;        0.00
PALETTE DELUXE 6-88 PLAM.CRVENA 575     ;335901    ;PALETTE DELUXE ;        0.12;L  ;        0.00;       41.65;'3838824176819';KOZMETIKA;        5.99;        4.79
PALETTE DELUXE 1-1 PLAVO-CRNA 909       ;335907    ;PALETTE DELUXE ;        0.12;L  ;        0.00;       41.65;'3838824177090';KOZMETIKA;        5.99;        4.79
PALETTE DELUXE 4-99 PATLIÐAN 880        ;342608    ;PALETTE DELUXE ;        0.12;L  ;        0.00;       41.65;'3838824177052';KOZMETIKA;        5.99;        4.79
PALETTE DELUXE 5-88 INT.LJUB.CRVE 679   ;342613    ;PALETTE DELUXE ;        0.12;L  ;        0.00;       41.65;'3838824176918';KOZMETIKA;        5.99;        4.79
PALETTE DELUXE 7-0 SREDNJE PLAVA 400    ;342788    ;PALETTE DELUXE ;        0.12;L  ;        0.00;       41.65;'3838824176734';KOZMETIKA;        5.99;        4.79
PALETTE DELUXE 5-5 KARAMELA ZL.SJAJ 555 ;344964    ;PALETTE DELUXE ;        0.12;L  ;        0.00;       41.65;'3838824176796';KOZMETIKA;        5.99;        4.79
COLOR SENSATION 6.35 CHIC ORCHE BROWN   ;358396    ;COLOR SENSATION;        0.11;L  ;        5.29;       48.09;'3600541136052';KOZMETIKA;        0.00;        0.00
COLOR SENSATION 8 LUMINOUS LIGHT BLOND  ;358397    ;COLOR SENSATION;        0.11;L  ;        0.00;       29.91;'3600541136090';KOZMETIKA;        3.99;        3.29
COLOR SENSATION 111 SIL.ULTRA BLOND     ;358398    ;COLOR SENSATION;        0.11;L  ;        0.00;       29.91;'3600541136137';KOZMETIKA;        3.99;        3.29
COLOR SENSATION 1.0 ULTRA ONYX BLACK    ;358556    ;COLOR SENSATION;        0.11;L  ;        5.29;       48.09;'3600541135956';KOZMETIKA;        0.00;        0.00
COLOR SENSATION 3.0 BROWN               ;358557    ;COLOR SENSATION;        0.11;L  ;        5.29;       48.09;'3600541135970';KOZMETIKA;        0.00;        0.00
COLOR SENSATION 4.15 ICY CHESTNUT       ;358559    ;COLOR SENSATION;        0.11;L  ;        5.29;       48.09;'3600541136007';KOZMETIKA;        0.00;        0.00
COLOR SENSATION 5.0 LIGHT BROWN         ;358561    ;COLOR SENSATION;        0.11;L  ;        5.29;       48.09;'3600541136021';KOZMETIKA;        0.00;        0.00
COLOR SENSATION 6.0 PRECIOUS DARK BLON  ;358563    ;COLOR SENSATION;        0.11;L  ;        5.29;       48.09;'3600541136045';KOZMETIKA;        0.00;        0.00
COLOR SENSATION 7 OPAL BLOND            ;358564    ;COLOR SENSATION;        0.11;L  ;        5.29;       48.09;'3600541136083';KOZMETIKA;        0.00;        0.00
COLOR SENSATION 4.60 INTENSE DARK RED   ;359067    ;COLOR SENSATION;        0.11;L  ;        5.29;       48.09;'3600541136014';KOZMETIKA;        0.00;        0.00
PALETTE DELUXE 4-65 BLISTAVO SMEÐA 760  ;360139    ;PALETTE DELUXE ;        0.12;L  ;        0.00;       41.65;'3838824256603';KOZMETIKA;        5.99;        4.79
SYOSS COLOR 13-0 ULTRAPOSVJ.**          ;389420    ;SYOSS COLOR    ;        0.12;L  ;        0.00;       17.30;'9000100802260';KOZMETIKA;        3.19;        1.99
SYOSS OLEO 4-18 SMEÐA KAVA              ;392454    ;SYOSS OLEO     ;        0.00;   ;        7.99;        0.00;'9000100815000';KOZMETIKA;        0.00;        0.00
SYOSS OLEO 4-60 ZLATNO SMEÐA            ;392455    ;SYOSS OLEO     ;        0.00;   ;        7.99;        0.00;'9000100814911';KOZMETIKA;        0.00;        0.00
SYOSS OLEO 5-86 SLATKA SMEÐA            ;392456    ;SYOSS OLEO     ;        0.00;   ;        7.99;        0.00;'9000100814829';KOZMETIKA;        0.00;        0.00
SYOSS OLEO 5-92 SVJETLOCRVENA           ;392457    ;SYOSS OLEO     ;        0.00;   ;        7.99;        0.00;'9000100814737';KOZMETIKA;        0.00;        0.00
SYOSS OLEO 6-76 TOPLA BAKRENA           ;392831    ;SYOSS OLEO     ;        0.00;   ;        7.99;        0.00;'9000100814553';KOZMETIKA;        0.00;        0.00
SYOSS OLEO 6-10 TAMNO PLAVA             ;394295    ;SYOSS OLEO     ;        0.00;   ;        7.99;        0.00;'9000100814645';KOZMETIKA;        0.00;        0.00
SYOSS OLEO 7-10 PRIRODNO PLAVA          ;394296    ;SYOSS OLEO     ;        0.00;   ;        7.99;        0.00;'9000100814461';KOZMETIKA;        0.00;        0.00
SYOSS OLEO 9-10 SVJETLO PLAVA           ;394297    ;SYOSS OLEO     ;        0.00;   ;        7.99;        0.00;'9000100814379';KOZMETIKA;        0.00;        0.00
SYOSS OLEO 8-05 BEŽ PLAVA 8410015       ;397988    ;SYOSS OLEO     ;        0.00;   ;        7.99;        0.00;'9000100840965';KOZMETIKA;        0.00;        0.00
SYOSS OLEO 6-80 LJEŠNJAK PLAVA 8410014  ;397989    ;SYOSS OLEO     ;        0.00;   ;        7.99;        0.00;'9000100840897';KOZMETIKA;        0.00;        0.00
SYOSS OLEO 3-10                         ;398465    ;SYOSS OLEO     ;        0.00;   ;        7.99;        0.00;'9000100840743';KOZMETIKA;        0.00;        0.00
SYOSS OLEO 4-23 VINSKO CRVENA           ;398466    ;SYOSS OLEO     ;        0.00;   ;        7.99;        0.00;'9000100840835';KOZMETIKA;        0.00;        0.00
PALETTE DELUXE 7-77 INT.BAKRENA 562     ;398662    ;PALETTE DELUXE ;        0.12;L  ;        0.00;       41.65;'9000100823555';KOZMETIKA;        5.99;        4.79
PALETTE ICC N5 TAMNOPLAVA  8703095      ;414981    ;PALETTE ICC    ;        0.00;   ;        0.00;        0.00;'3838824159577';KOZMETIKA;        5.19;        3.49
PALETTE ICC W2 TAMNA ÈOKOLADA 8703089   ;414989    ;PALETTE ICC    ;        0.00;   ;        0.00;        0.00;'9000100883085';KOZMETIKA;        5.19;        3.49
PALETTE PNC 765 ZLATNOSMEÐA ÈOKOLADA    ;418770    ;PALETTE PNC    ;        0.06;L  ;        4.19;       69.83;'9000100886383';KOZMETIKA;        0.00;        0.00
PALETTE ICC LG5 SVJETLUCAVI NOUGAT      ;435547    ;PALETTE ICC    ;        0.00;   ;        0.00;        0.00;'3838824307480';KOZMETIKA;        5.19;        3.49
SYOSS OLEO 4-86 ÈOKO-SMEÐA              ;505943    ;SYOSS OLEO     ;        0.00;   ;        7.99;        0.00;'9000100927055';KOZMETIKA;        0.00;        0.00
PALETTE ICC RV6 GRIMIZNA CRVENA         ;507882    ;PALETTE ICC    ;        0.00;   ;        0.00;        0.00;'9000101003277';KOZMETIKA;        5.19;        3.49
COLOR NATURALS 7N                       ;508366    ;COLOR NATURALS ;        0.11;L  ;        0.00;       33.55;'3600541915763';KOZMETIKA;        4.99;        3.69
COLOR NATURALS 8N                       ;508367    ;COLOR NATURALS ;        0.11;L  ;        0.00;       33.55;'3600541915831';KOZMETIKA;        4.99;        3.69
SYOSS OLEO 10-50 PEPELJ.PLAVA           ;512602    ;SYOSS OLEO     ;        0.00;   ;        7.99;        0.00;'9000100999120';KOZMETIKA;        0.00;        0.00
PALETTE ICC BW12 NUDE SVIJ.PLAVA        ;517679    ;PALETTE ICC    ;        0.00;   ;        0.00;        0.00;'9000101024449';KOZMETIKA;        5.19;        3.49
LOREAL MAGIC RETOUCH SPREJ SV.PLAVI 75mL;520664    ;MAGIC RETOUCH  ;        0.00;   ;        8.19;        0.00;'3600523192854';KOZMETIKA;        0.00;        0.00
LOREAL MAGIC RETOUCH TAM.PLAVA SPREJ 75M;520666    ;MAGIC RETOUCH  ;        0.00;   ;        8.19;        0.00;'3600523192847';KOZMETIKA;        0.00;        0.00
LOREAL MAGIC RETOUCH SMEÐA SPREJ 75mL   ;520668    ;MAGIC RETOUCH  ;        0.00;   ;        8.19;        0.00;'3600523192830';KOZMETIKA;        0.00;        0.00
LOREAL MAGIC RETOUCH TAM.SMEÐA 75mL     ;520669    ;MAGIC RETOUCH  ;        0.00;   ;        8.19;        0.00;'3600523192878';KOZMETIKA;        0.00;        0.00
LOREAL MAGIC TOUCH CRNI SPREJ 75mL      ;520670    ;MAGIC RETOUCH  ;        0.00;   ;        8.19;        0.00;'3600523192861';KOZMETIKA;        0.00;        0.00
PALETTE ICC V5 INTENZ.LJUBIÈASTA        ;525826    ;PALETTE ICC    ;        0.00;   ;        0.00;        0.00;'9000101031997';KOZMETIKA;        5.19;        3.49
COLOR SENSATION 7,40 AMBER              ;536525    ;COLOR SENSATION;        0.11;L  ;        0.00;       29.91;'3600541975156';KOZMETIKA;        3.99;        3.29
MISS FUNK BOJA BUBBLEGUM 125mL          ;539258    ;MISS FUNK      ;        0.13;L  ;        0.00;       36.72;'3850177000580';KOZMETIKA;        5.69;        4.59
MISS FUNK BOJA LAVANDA 125mL            ;539260    ;MISS FUNK      ;        0.13;L  ;        0.00;       36.72;'3850177000610';KOZMETIKA;        5.69;        4.59
MISS FUNK BOJA MAGENTA 125mL            ;539261    ;MISS FUNK      ;        0.13;L  ;        0.00;       36.72;'3850177000597';KOZMETIKA;        5.69;        4.59
MISS FUNK BOJA MINT 125mL               ;539262    ;MISS FUNK      ;        0.13;L  ;        0.00;       36.72;'3850177000603';KOZMETIKA;        5.69;        4.59
SYOSS OLEO 8-60 MEDENO PLAVA            ;546898    ;SYOSS OLEO     ;        0.00;   ;        7.99;        0.00;'9000101086652';KOZMETIKA;        0.00;        0.00
SYOSS COLOR 10-55 ULTRA PLATINASTA PLAVA;547128    ;SYOSS COLOR    ;        0.12;L  ;        0.00;       52.09;'9000101210453';KOZMETIKA;        6.99;        5.99
SYOSS COLOR 12-59 HLADNA PLATIN.PLAVA   ;549290    ;SYOSS COLOR    ;        0.12;L  ;        0.00;       52.09;'9000101210521';KOZMETIKA;        6.99;        5.99
COLOR SENSATION ADBARO S9 SILVER        ;558550    ;COLOR SENSATION;        0.00;   ;        5.29;        0.00;'3600541914070';KOZMETIKA;        0.00;        0.00
MISS FUNK BOJA SILVER 125mL             ;565927    ;MISS FUNK      ;        0.13;L  ;        0.00;       36.72;'3850177000764';KOZMETIKA;        5.69;        4.59
PALETTE DELUXE 10-91 HL.PLAVA 240       ;566818    ;PALETTE DELUXE ;        0.00;   ;        0.00;        0.00;'9000101234206';KOZMETIKA;        5.99;        4.79
EXCELLENCE 6.1 BOJA ZA KOSU             ;572574    ;EXCELLENCE     ;        0.00;   ;        9.19;        0.00;'3600523765195';KOZMETIKA;        0.00;        0.00
EXCELLENCE 600 TAMNO PLAVA              ;574521    ;EXCELLENCE     ;        0.00;   ;        9.19;        0.00;'3600523731886';KOZMETIKA;        0.00;        0.00
EXCELLENCE 8                            ;577434    ;EXCELLENCE     ;        0.00;   ;        9.19;        0.00;'3600523724901';KOZMETIKA;        0.00;        0.00
EXCELLENCE 9,1                          ;577435    ;EXCELLENCE     ;        0.00;   ;        9.19;        0.00;'3600523724918';KOZMETIKA;        0.00;        0.00
EXCELLENCE 01                           ;577436    ;EXCELLENCE     ;        0.00;   ;        9.19;        0.00;'3600523724932';KOZMETIKA;        0.00;        0.00
EXCELLENCE 8,1                          ;577438    ;EXCELLENCE     ;        0.00;   ;        9.19;        0.00;'3600523724963';KOZMETIKA;        0.00;        0.00
EXCELLENCE 400                          ;577439    ;EXCELLENCE     ;        0.00;   ;        9.19;        0.00;'3600523731862';KOZMETIKA;        0.00;        0.00
EXCELLENCE 7,1                          ;577440    ;EXCELLENCE     ;        0.00;   ;        9.19;        0.00;'3600523724864';KOZMETIKA;        0.00;        0.00
EXCELLENCE 8,12                         ;577441    ;EXCELLENCE     ;        0.00;   ;        9.19;        0.00;'3600523724949';KOZMETIKA;        0.00;        0.00
EXCELLENCE 100                          ;577442    ;EXCELLENCE     ;        0.00;   ;        9.19;        0.00;'3600523731848';KOZMETIKA;        0.00;        0.00
EXCELLENCE 500                          ;577444    ;EXCELLENCE     ;        0.00;   ;        9.19;        0.00;'3600523731879';KOZMETIKA;        0.00;        0.00
EXCELLENCE 7                            ;577445    ;EXCELLENCE     ;        0.00;   ;        9.19;        0.00;'3600523724888';KOZMETIKA;        0.00;        0.00
EXCELLENCE 9                            ;577450    ;EXCELLENCE     ;        0.00;   ;        9.19;        0.00;'3600523724895';KOZMETIKA;        0.00;        0.00
PALETTE DELUXE U71 LEDENA               ;582369    ;PALETTE DELUXE ;        0.00;   ;        0.00;        0.00;'9000101267303';KOZMETIKA;        5.99;        4.79
COLOR SENSATION S1 PLATINU              ;583487    ;COLOR SENSATION;        0.00;   ;        5.29;        0.00;'3600542259095';KOZMETIKA;        0.00;        0.00
COLOR SENSATION S11 ULTRA               ;583488    ;COLOR SENSATION;        0.00;   ;        5.29;        0.00;'3600542259101';KOZMETIKA;        0.00;        0.00
SYOSS COLOR 4-15 PRAŠNJAVI KROM         ;585205    ;SYOSS COLOR    ;        0.12;L  ;        0.00;       52.09;'9000101266481';KOZMETIKA;        6.99;        5.99
PALETTE PNC 9-1 HLADNA  BEŽ PLAVA       ;589118    ;PALETTE PNC    ;        0.00;   ;        4.19;        0.00;'9000101206630';KOZMETIKA;        0.00;        0.00
COLOR NATURALS BOJA ZA KOSU 5.12        ;590888    ;COLOR NATURALS ;        0.00;   ;        0.00;        0.00;'3600542335577';KOZMETIKA;        4.99;        3.69
PALETTE ICC 12-21 SREBRNO PEPELJ.PLAVA  ;600498    ;PALETTE ICC    ;        0.00;   ;        0.00;        0.00;'9000101607062';KOZMETIKA;        5.19;        3.49
PALETTE ICC 10-19 HL.SREB.PLAVA         ;600701    ;PALETTE ICC    ;        0.00;   ;        0.00;        0.00;'9000101606942';KOZMETIKA;        5.19;        3.49
EXCELLENCE COOL 8.11 BOJA ZA KOSU       ;601064    ;EXCELLENCE     ;        0.00;   ;       10.59;        0.00;'3600523939664';KOZMETIKA;        0.00;        0.00
SYOSS COLOR 7-5 PRIRODNO PEPELJAST.PLAVA;602737    ;SYOSS COLOR    ;        0.00;   ;        0.00;        0.00;'9000101629033';KOZMETIKA;        6.99;        5.99
SYOSS COLOR 10-13 ARKTIÈKA PLAVA**      ;602740    ;SYOSS COLOR    ;        0.00;   ;        0.00;        0.00;'9000101628630';KOZMETIKA;        3.19;        1.99
COLOR NATURALS 1,10 BOJA ZA KOSU        ;604389    ;COLOR NATURALS ;        0.00;   ;        0.00;        0.00;'3600542362375';KOZMETIKA;        4.99;        3.69
EXCELLENCE NUDE 7U BLONDE               ;615454    ;EXCELLENCE     ;        0.00;   ;       10.59;        0.00;'3600523998203';KOZMETIKA;        0.00;        0.00
EXCELLENCE NUDE 5U LT.BROWN             ;615455    ;EXCELLENCE     ;        0.00;   ;       10.59;        0.00;'3600523998173';KOZMETIKA;        0.00;        0.00
EXCELLENCE NUDE 8U LT.BLONDE            ;615456    ;EXCELLENCE     ;        0.00;   ;       10.59;        0.00;'3600523998210';KOZMETIKA;        0.00;        0.00
EXCELLENCE NUDE 6U DARK BLONDE          ;615457    ;EXCELLENCE     ;        0.00;   ;       10.59;        0.00;'3600523998180';KOZMETIKA;        0.00;        0.00
EXCELLENCE NUDE 9U VLT BLONDE           ;615458    ;EXCELLENCE     ;        0.00;   ;       10.59;        0.00;'3600523998227';KOZMETIKA;        0.00;        0.00
EXCELLENCE NUDE 1U BLACK                ;615459    ;EXCELLENCE     ;        0.00;   ;       10.59;        0.00;'3600523998135';KOZMETIKA;        0.00;        0.00
EXCELLENCE NUDE 10U LHTST BLONDE        ;615460    ;EXCELLENCE     ;        0.00;   ;       10.59;        0.00;'3600523998234';KOZMETIKA;        0.00;        0.00
EXCELLENCE NUDE 4U BROWN                ;615461    ;EXCELLENCE     ;        0.00;   ;       10.59;        0.00;'3600523998166';KOZMETIKA;        0.00;        0.00
CAMELEO BOJA 7,3 LJEŠNJAK               ;619081    ;CAMELEO        ;        0.00;   ;        3.09;        0.00;'5060303950056';KOZMETIKA;        0.00;        0.00
CAMELEO BOJA 9,13 CHAMPAGNE PLAVA       ;619082    ;CAMELEO        ;        0.00;   ;        3.09;        0.00;'5901350406588';KOZMETIKA;        0.00;        0.00
CAMELEO BOJA 5,4 KESTEN                 ;619086    ;CAMELEO        ;        0.00;   ;        3.09;        0.00;'5060061200431';KOZMETIKA;        0.00;        0.00
CAMELEO BOJA 9,2 BISERNO PLAVA          ;619087    ;CAMELEO        ;        0.00;   ;        0.00;        0.00;'5901350403129';KOZMETIKA;        2.59;        1.39
CAMELEO BOJA 3,3 ÈOKOLADA               ;619088    ;CAMELEO        ;        0.00;   ;        3.09;        0.00;'5901350403099';KOZMETIKA;        0.00;        0.00
CAMELEO BOJA 5,6 TAMNI MAHAGONIJ        ;619089    ;CAMELEO        ;        0.00;   ;        3.09;        0.00;'5060061200479';KOZMETIKA;        0.00;        0.00
CAMELEO BOJA 4,4 SMEÐA                  ;619090    ;CAMELEO        ;        0.00;   ;        3.09;        0.00;'5901350403105';KOZMETIKA;        0.00;        0.00
CAMELEO COLOUR ŠAMP.10.1 SREB.PLAVA 40mL;626657    ;CAMELEO        ;        0.04;L  ;        1.33;       33.25;'5906750890203';KOZMETIKA;        0.00;        0.00
CAMELEO COLOUR ŠAMP.10.22 ROZO/PL.40m   ;626669    ;CAMELEO        ;        0.04;L  ;        1.33;       33.25;'5901350474310';KOZMETIKA;        0.00;        0.00
CAMELEO COLOUR ŠAMP.3.1 CRNO/SMEÐA 40mL ;626670    ;CAMELEO        ;        0.04;L  ;        1.33;       33.25;'5901350421260';KOZMETIKA;        0.00;        0.00
CAMELEO COLOUR ŠAMP.4.36 TAM.ÈOKOL.40mL ;626671    ;CAMELEO        ;        0.04;L  ;        1.33;       33.25;'5901350474334';KOZMETIKA;        0.00;        0.00
CAMELEO COLOUR ŠAMP.5.6 TAM.MAHAG.40mL  ;626672    ;CAMELEO        ;        0.04;L  ;        1.33;       33.25;'5901350451441';KOZMETIKA;        0.00;        0.00
CAMELEO COLOUR ŠAMP.6.3 LJEŠNJAK 40mL   ;626673    ;CAMELEO        ;        0.04;L  ;        1.33;       33.25;'5901350474327';KOZMETIKA;        0.00;        0.00
CAMELEO COLOUR ŠAMP.6.53 KARAMELA 40mL  ;626674    ;CAMELEO        ;        0.04;L  ;        1.33;       33.25;'5901350474280';KOZMETIKA;        0.00;        0.00
PALETTE DELUXE 9-11 LIGHT GRAY ROSE     ;632511    ;PALETTE DELUXE ;        0.00;   ;        0.00;        0.00;'9000101714739';KOZMETIKA;        5.99;        4.79
PALETTE DELUXE 8-11 COOL NATURAL BLONDE ;632512    ;PALETTE DELUXE ;        0.00;   ;        0.00;        0.00;'9000101714579';KOZMETIKA;        5.99;        4.79
PALETTE DELUXE 7-11 COOL BLONDE         ;632513    ;PALETTE DELUXE ;        0.00;   ;        0.00;        0.00;'9000101714432';KOZMETIKA;        5.99;        4.79
PALETTE ICC 9-1 HLAD.IZNIM.SV.PLOVA     ;638545    ;PALETTE ICC    ;        0.00;   ;        0.00;        0.00;'9000101704112';KOZMETIKA;        5.19;        3.49
PALETTE ICC 7-1 COOL MIDDLE BLONDE      ;638546    ;PALETTE ICC    ;        0.00;   ;        0.00;        0.00;'9000101704853';KOZMETIKA;        5.19;        3.49
SYOSS OLEO 5-54 PEPELJ.SVIJETLO SMEÐA   ;638547    ;SYOSS OLEO     ;        0.00;   ;        7.99;        0.00;'9000101705201';KOZMETIKA;        0.00;        0.00
SYOSS OLEO 8-68 PJEŠÆANA PLAVA          ;638548    ;SYOSS OLEO     ;        0.00;   ;        7.99;        0.00;'9000101705867';KOZMETIKA;        0.00;        0.00
PALETTE ICC 7-77 INTENZIVNI BAKAR       ;638549    ;PALETTE ICC    ;        0.00;   ;        0.00;        0.00;'9000101706321';KOZMETIKA;        5.19;        3.49
PALETTE ICC 5-1 HLADNA SV.SMEÐA         ;638563    ;PALETTE ICC    ;        0.00;   ;        0.00;        0.00;'9000101704174';KOZMETIKA;        5.19;        3.49
COLOR NATURALS 6,41 SWEET AMBER         ;645347    ;COLOR NATURALS ;        0.00;   ;        0.00;        0.00;'3600542617284';KOZMETIKA;        4.99;        3.69
COLOR NATURALS 7,40 COPPER PASSION      ;645348    ;COLOR NATURALS ;        0.00;   ;        0.00;        0.00;'3600542617307';KOZMETIKA;        4.99;        3.69
COLOR NATURALS 5,25 OPAL MAHAGONIJ      ;645349    ;COLOR NATURALS ;        0.00;   ;        0.00;        0.00;'3600542617260';KOZMETIKA;        4.99;        3.69
COLOR NATURALS 4,5 MAHAGONIJ            ;645350    ;COLOR NATURALS ;        0.00;   ;        0.00;        0.00;'3600542617246';KOZMETIKA;        4.99;        3.69
COLOR NATURALS 9N NUDE BLONDE           ;645352    ;COLOR NATURALS ;        0.00;   ;        0.00;        0.00;'3600542617321';KOZMETIKA;        4.99;        3.69
COLOR NATURALS 4,15 FROST MAHAGONIJ     ;645353    ;COLOR NATURALS ;        0.00;   ;        0.00;        0.00;'3600542617222';KOZMETIKA;        4.99;        3.69
COLOR NATURALS 7,3 NAT.GOLD BLOND       ;645354    ;COLOR NATURALS ;        0.00;   ;        0.00;        0.00;'3600542617192';KOZMETIKA;        4.99;        3.69
SYOSS COLOR 9-53 PLATINUM PEARL**       ;646602    ;SYOSS COLOR    ;        0.00;   ;        0.00;        0.00;'9000101731767';KOZMETIKA;        3.19;        1.99
SYOSS COLOR 12-53 SILVER BLUSH          ;646603    ;SYOSS COLOR    ;        0.00;   ;        0.00;        0.00;'9000101731989';KOZMETIKA;        6.99;        5.99
OLIA 6,0 SV.SMEÐA                       ;646697    ;OLIA           ;        0.00;   ;        7.59;        0.00;'3600542601887';KOZMETIKA;        0.00;        0.00
OLIA 5,0 SMEÐA                          ;646698    ;OLIA           ;        0.00;   ;        7.59;        0.00;'3600542601870';KOZMETIKA;        0.00;        0.00
OLIA 7,0 TAMNO PLAVA                    ;646699    ;OLIA           ;        0.00;   ;        7.59;        0.00;'3600542601924';KOZMETIKA;        0.00;        0.00
OLIA 7,40 INTENZIVNI BAKAR              ;646700    ;OLIA           ;        0.00;   ;        7.59;        0.00;'3600542601948';KOZMETIKA;        0.00;        0.00
OLIA 6,3 ZLATNO SV.SMEÐA                ;646701    ;OLIA           ;        0.00;   ;        7.59;        0.00;'3600542601894';KOZMETIKA;        0.00;        0.00
OLIA 10,1 PEPELJASTO VRLO SV.PLAVA      ;646702    ;OLIA           ;        0.00;   ;        7.59;        0.00;'3600542601818';KOZMETIKA;        0.00;        0.00
OLIA 4,0 TAMNO SMEÐA                    ;646703    ;OLIA           ;        0.00;   ;        7.59;        0.00;'3600542601849';KOZMETIKA;        0.00;        0.00
OLIA 1,0 CRNA                           ;646704    ;OLIA           ;        0.00;   ;        7.59;        0.00;'3600542601795';KOZMETIKA;        0.00;        0.00
OLIA 9,0 SV.PLAVA                       ;646705    ;OLIA           ;        0.00;   ;        7.59;        0.00;'3600542601962';KOZMETIKA;        0.00;        0.00
PALETTE DELUXE 1-0 INT.PR.CRNA 900      ;654399    ;PALETTE DELUXE ;        0.00;   ;        0.00;        0.00;'9000100966665';KOZMETIKA;        5.99;        4.79
CREME SUPREME 11-11 HLADNA SV.PLAVA     ;658751    ;CREME SUPREME  ;        0.00;   ;       10.95;        0.00;'9000101745429';KOZMETIKA;        0.00;        0.00
CREME SUPREME 10-55 HL.SREB.PLAVA       ;658752    ;CREME SUPREME  ;        0.00;   ;       10.95;        0.00;'9000101747621';KOZMETIKA;        0.00;        0.00
CREME SUPREME 5-1 H.SV.SMEÐA            ;658753    ;CREME SUPREME  ;        0.00;   ;       10.95;        0.00;'9000101744781';KOZMETIKA;        0.00;        0.00
CREME SUPREME 4-0 PR.SMEÐA              ;658755    ;CREME SUPREME  ;        0.00;   ;       10.95;        0.00;'9000101746587';KOZMETIKA;        0.00;        0.00
CREME SUPREME 1-0 PR.CRNA               ;658756    ;CREME SUPREME  ;        0.00;   ;       10.95;        0.00;'9000101746846';KOZMETIKA;        0.00;        0.00
CREME SUPREME 6-0 PR.TAMNO PLAVA        ;658757    ;CREME SUPREME  ;        0.00;   ;       10.95;        0.00;'9000101745962';KOZMETIKA;        0.00;        0.00
CREME SUPREME 7-7 BAKRENO PLAVA         ;658758    ;CREME SUPREME  ;        0.00;   ;       10.95;        0.00;'9000101745108';KOZMETIKA;        0.00;        0.00
CREME SUPREME 9-0 PR.JAKO PLAVA         ;658759    ;CREME SUPREME  ;        0.00;   ;       10.95;        0.00;'9000101747201';KOZMETIKA;        0.00;        0.00
CREME SUPREME 5-60 ÈOKO SV.SMEÐA        ;658760    ;CREME SUPREME  ;        0.00;   ;       10.95;        0.00;'9000101746105';KOZMETIKA;        0.00;        0.00
CREME SUPREME 8-16 HL.PEP.SV.PLAVA      ;658761    ;CREME SUPREME  ;        0.00;   ;       10.95;        0.00;'9000101745580';KOZMETIKA;        0.00;        0.00
CREME SUPREME 6-68 KARAMEL TAMNO PLAVA  ;658762    ;CREME SUPREME  ;        0.00;   ;       10.95;        0.00;'9000101746525';KOZMETIKA;        0.00;        0.00
CREME SUPREME 6-16HL.PEP.TAMNO PLAVA    ;658763    ;CREME SUPREME  ;        0.00;   ;       10.95;        0.00;'9000101745801';KOZMETIKA;        0.00;        0.00
CAMELEO BOJA ZA KOSU 7.44 BAKRENO CRV*  ;659214    ;CAMELEO        ;        0.00;   ;        3.09;        0.00;'5901350403112';KOZMETIKA;        0.00;        0.00
PALLETE ICC PROMO 1-0                   ;663492    ;PALETTE ICC    ;        0.00;   ;        5.99;        0.00;'9000101782844';KOZMETIKA;        0.00;        0.00
PALETTE ICC PROMO 3-0                   ;663493    ;PALETTE ICC    ;        0.00;   ;        5.99;        0.00;'9000101782868';KOZMETIKA;        0.00;        0.00
PALETTE ICC PROMO 7-0                   ;663494    ;PALETTE ICC    ;        0.00;   ;        5.99;        0.00;'9000101782882';KOZMETIKA;        0.00;        0.00
PALETTE ICC PROMO 8-0                   ;663495    ;PALETTE ICC    ;        0.00;   ;        5.99;        0.00;'9000101782905';KOZMETIKA;        0.00;        0.00
PALETTE ICC 9.5-21 BLISTAVA SREB.PLAVA  ;699762    ;PALETTE ICC    ;        0.00;   ;        0.00;        0.00;'9000101647075';KOZMETIKA;        5.19;        3.49
PALETTE ICC /-21 PEPELJ.SVIJ.PLAVA      ;699763    ;PALETTE ICC    ;        0.00;   ;        0.00;        0.00;'9000101677607';KOZMETIKA;        5.19;        3.49
PALETTE DELUXE 11-11 ULTRA TITANU PLAV  ;699764    ;PALETTE DELUXE ;        0.00;   ;        0.00;        0.00;'9000101639230';KOZMETIKA;        5.99;        4.79
PALETTE PNC 8-16 PEPELJASTA SVIJ.PLAVA  ;699771    ;PALETTE PNC    ;        0.00;   ;        4.19;        0.00;'9000101649857';KOZMETIKA;        0.00;        0.00
TAFT LAK SHINE 250mL                    ;02426     ;TAFT           ;        0.25;L  ;        4.99;       19.96;'4012800702844';KOZMETIKA;        0.00;        0.00
LAK ZA KOSU ELEGANS 300mL               ;07903     ;ELEGANS        ;        0.30;L  ;        2.85;        9.50;'8008423114399';KOZMETIKA;        0.00;        0.00
AFRODITA BRILJANTIN LIGHT 125mL         ;07910     ;AFRODITA       ;        0.13;L  ;        4.49;       35.92;'3830001294309';KOZMETIKA;        0.00;        0.00
AFRODITA TI-TI KREMA ZA KOSU 75mL       ;07911     ;AFRODITA       ;        0.08;L  ;        4.49;       59.87;'3830001290394';KOZMETIKA;        0.00;        0.00
AFRODITA ULJE ÈIÈKOVO 50mL              ;07920     ;AFRODITA       ;        0.05;L  ;        5.49;      109.80;'3830001295061';KOZMETIKA;        0.00;        0.00
AFRODITA ULJE ORAHOVO 50mL              ;07921     ;AFRODITA       ;        0.05;L  ;        5.49;      109.80;'3830001290424';KOZMETIKA;        0.00;        0.00
LAK ZA KOSU ELEGANS 500mL               ;08118     ;ELEGANS        ;        0.50;L  ;        4.35;        8.70;'8008423114306';KOZMETIKA;        0.00;        0.00
EHOTON BR.10 75mL CRNA                  ;104069    ;ILIRIJA        ;        0.08;L  ;        3.49;       46.53;'3838980502101';KOZMETIKA;        0.00;        0.00
EHOTON BR.40 75mL SMEÐA                 ;104071    ;ILIRIJA        ;        0.08;L  ;        3.49;       46.53;'3838980502118';KOZMETIKA;        0.00;        0.00
EHOTON BR.98 75mL SREBRNA               ;104082    ;ILIRIJA        ;        0.08;L  ;        3.49;       46.53;'3838980502163';KOZMETIKA;        0.00;        0.00
EHOTON BR.93 75mL DIM.SIVA              ;104083    ;ILIRIJA        ;        0.08;L  ;        3.49;       46.53;'3838980502187';KOZMETIKA;        0.00;        0.00
EHOTON BR.95 75mL GOL.SIVA              ;104084    ;ILIRIJA        ;        0.08;L  ;        3.49;       46.53;'3838980502194';KOZMETIKA;        0.00;        0.00
ANNYER HIDROGEN CREME 12% 1000mL        ;132377    ;ANNYER         ;        1.00;L  ;        8.49;        8.49;'3850177010275';KOZMETIKA;        0.00;        0.00
4SEASONS LAK SUPER HOLD 265mL           ;156689    ;4SEASONS       ;        0.27;L  ;        2.75;       10.38;'5901815001600';KOZMETIKA;        0.00;        0.00
AFRODITA BLANC EXTRA ZA IZBJ.50g        ;168483    ;AFRODITA       ;        0.05;kg ;        5.99;      119.80;'3830001293579';KOZMETIKA;        0.00;        0.00
AFRODITA ULJNI GEL 150mL                ;177252    ;AFRODITA       ;        0.15;L  ;        4.49;       29.93;'3830001293746';KOZMETIKA;        0.00;        0.00
TAFT VOSAK ZA KOSU POWER 75mL           ;192013    ;TAFT           ;        0.08;L  ;        0.00;       62.53;'9000100340373';KOZMETIKA;        5.69;        4.69
TAFT LAK 250mL COMPLETE ULTRA STRONG    ;192483    ;TAFT           ;        0.25;L  ;        4.99;       19.96;'9000100336376';KOZMETIKA;        0.00;        0.00
TAFT LAK 250mL VOLUMEN ULTRA            ;205901    ;TAFT           ;        0.25;L  ;        4.99;       19.96;'3838824058245';KOZMETIKA;        0.00;        0.00
TAFT LAK ULTRA STRONG  250mL            ;205940    ;TAFT           ;        0.25;L  ;        4.99;       19.96;'4012800706002';KOZMETIKA;        0.00;        0.00
OLIVAL SILIKONSKI SERUM ZA KOSU 30mL    ;207020    ;OLIVAL         ;        0.03;L  ;        6.49;      216.33;'3859888345256';KOZMETIKA;        0.00;        0.00
GOT2BE GEL ZA KOSU 150mL GLUED          ;211664    ;GOT2BE         ;        0.15;L  ;        0.00;       29.93;'9000100366526';KOZMETIKA;        8.49;        4.49
TAFT PJENA ZA KOSU VOL.ULTRA 200mL      ;221072    ;TAFT           ;        0.20;L  ;        4.99;       24.95;'3838824083704';KOZMETIKA;        0.00;        0.00
TAFT LAK P.CASHMERE 250mL               ;254278    ;TAFT           ;        0.25;L  ;        4.99;       19.96;'9000100477505';KOZMETIKA;        0.00;        0.00
NIVEA LAK ZA KOSU VOL.SENSATION 250mL   ;270466    ;NIVEA          ;        0.25;L  ;        6.59;       26.36;'9005800223957';KOZMETIKA;        0.00;        0.00
EHO PJENA SREBRNA 125mL                 ;28944     ;ILIRIJA        ;        0.13;L  ;        4.09;       31.46;'3838980502408';KOZMETIKA;        0.00;        0.00
LAK ZA KOSU ELEGANS 400mL               ;31239     ;ELEGANS        ;        0.40;L  ;        3.45;        8.63;'8008423114221';KOZMETIKA;        0.00;        0.00
TAFT LAK POWER 250mL                    ;322392    ;TAFT           ;        0.25;L  ;        4.99;       19.96;'4015000510790';KOZMETIKA;        0.00;        0.00
TAFT PJENA ZA KOSU 200mL CURL           ;323158    ;TAFT           ;        0.20;L  ;        4.99;       24.95;'9000100613644';KOZMETIKA;        0.00;        0.00
TAFT PJENA ZA KOSU 200mL POWER          ;323183    ;TAFT           ;        0.20;L  ;        4.99;       24.95;'9000100477789';KOZMETIKA;        0.00;        0.00
LAK ZA KOSU SVJETL.SREBRO 125mL ANNYER  ;33074     ;ANNYER         ;        0.13;L  ;        4.79;       38.32;'3850177007336';KOZMETIKA;        0.00;        0.00
ANNYER GEL JAKO UÈVRŠÆ.100mL            ;33081     ;ANNYER         ;        0.10;L  ;        3.29;       32.90;'3850177007145';KOZMETIKA;        0.00;        0.00
ANNYER GEL EXTRA STRONG 100mL           ;33095     ;ANNYER         ;        0.10;L  ;        3.29;       32.90;'3850177007152';KOZMETIKA;        0.00;        0.00
ANNYER GEL NORMALNO UÈVRÆ.100mL         ;33098     ;ANNYER         ;        0.10;L  ;        3.29;       32.90;'3850177007138';KOZMETIKA;        0.00;        0.00
KRISTALI TEKUÆI ZA SUHU KOSU 50mL VIOLA ;335935    ;PARISIENNE     ;        0.05;L  ;        5.99;      119.80;'8008423980222';KOZMETIKA;        0.00;        0.00
SYOSS GEL MEN ZA KOSU POWER EXT.250mL   ;341730    ;SYOSS          ;        0.25;L  ;        0.00;       23.96;'9000100654074';KOZMETIKA;        6.69;        5.99
TAFT LAK ZA KOSU POWER&FULLNESS 250mL   ;342597    ;TAFT           ;        0.25;L  ;        4.99;       19.96;'9000100653503';KOZMETIKA;        0.00;        0.00
SYOSS LAK ZA KOSU 300mL FULL HAIR       ;346311    ;SYOSS          ;        0.30;L  ;        0.00;       15.63;'9000100906241';KOZMETIKA;        6.19;        4.69
TAFT LAK ZA KOSU 250mL PERFECT FLEX     ;347414    ;TAFT           ;        0.25;L  ;        4.99;       19.96;'9000100909778';KOZMETIKA;        0.00;        0.00
GELCAP GEL ZA KOSU LIGHT PUMP 300mL PUMP;349860    ;GELCAP         ;        0.30;L  ;        2.09;        6.97;'8003693402450';KOZMETIKA;        0.00;        0.00
GELCAP GEL ZA KOSU STRONG 300mL PUMP    ;349862    ;GELCAP         ;        0.30;L  ;        2.09;        6.97;'8003693402474';KOZMETIKA;        0.00;        0.00
TAFT PUDER ZA KOSU 10g VOLUMEN          ;350696    ;TAFT           ;        0.15;L  ;        0.00;       33.27;'9000100672825';KOZMETIKA;        6.29;        4.99
TAFT LAK ZA KOSU 250mL VOLUM.MEGA 250mL ;360024    ;TAFT           ;        0.25;L  ;        4.99;       19.96;'9000100728201';KOZMETIKA;        0.00;        0.00
ANNYER LAK EXTRA STRONG HOLD 500mL      ;365245    ;ANNYER         ;        0.50;L  ;        4.99;        9.98;'3850177010862';KOZMETIKA;        0.00;        0.00
NIVEA LAK ZA KOSU DIAMOND VOLUME 250m   ;398524    ;NIVEA          ;        0.25;L  ;        6.59;       26.36;'9005800217222';KOZMETIKA;        0.00;        0.00
NIVEA LAK DIAMOND GLOSS 250mL           ;412356    ;NIVEA          ;        0.25;L  ;        6.59;       26.36;'9005800217215';KOZMETIKA;        0.00;        0.00
SYOSS LAK ZA KOSU 300mL KERATIN STYLE   ;412802    ;SYOSS          ;        0.30;L  ;        0.00;       15.63;'9000100854733';KOZMETIKA;        6.19;        4.69
TAFT LAK ZA KOSU 250mL POWER            ;417002    ;TAFT           ;        0.25;L  ;        4.99;       19.96;'9000100876520';KOZMETIKA;        0.00;        0.00
NIVEA GEL ZA KOSU 150mL KREMASTI        ;41992     ;NIVEA          ;        0.15;L  ;        8.49;       56.60;'42246534';KOZMETIKA;        0.00;        0.00
TAFT LAK ZA KOSU 250mL ULTIMATE         ;435549    ;TAFT           ;        0.25;L  ;        4.99;       19.96;'9000100923071';KOZMETIKA;        0.00;        0.00
NIVEA GEL KREMA MEN ZA KOSU 150mL       ;445138    ;NIVEA          ;        0.15;L  ;        8.49;       56.60;'42277309';KOZMETIKA;        0.00;        0.00
INTESA STRONG HOLD PJENA ZA KOSU 300mL  ;46539     ;INTESA         ;        0.30;L  ;        0.00;        9.97;'8003510002238';KOZMETIKA;        3.89;        2.99
INTESA LAK ZA KOSU 300mL JAKO UÈRVŠ.    ;46540     ;INTESA         ;        0.30;L  ;        0.00;        9.30;'8003510002221';KOZMETIKA;        3.69;        2.79
INTESA LAK ZA KOSU 500mL JAKO UVRŠ.     ;46542     ;INTESA         ;        0.50;L  ;        0.00;        7.58;'8003510002207';KOZMETIKA;        5.19;        3.79
COLOR PJENA MAHAGONI 125mL ANNYER       ;49223     ;ANNYER         ;        0.13;L  ;        4.99;       39.92;'3850177008272';KOZMETIKA;        0.00;        0.00
COLOR PJENA BISERNA 125mL ANNYER        ;49228     ;ANNYER         ;        0.13;L  ;        4.99;       39.92;'3850177008227';KOZMETIKA;        0.00;        0.00
COLOR PJENA CRNA 125mL ANNYER           ;49229     ;ANNYER         ;        0.13;L  ;        4.99;       39.92;'3850177008333';KOZMETIKA;        0.00;        0.00
COLOR PJENA PINK 125mL ANNYER           ;49231     ;ANNYER         ;        0.13;L  ;        4.99;       39.92;'3850177008319';KOZMETIKA;        0.00;        0.00
COLOR PJENA ÈOKOLADA 125mL ANNYER       ;49232     ;ANNYER         ;        0.13;L  ;        4.99;       39.92;'3850177008265';KOZMETIKA;        0.00;        0.00
COLOR PJENA LJEŠNJAK 125mL ANNYER       ;49233     ;ANNYER         ;        0.13;L  ;        4.99;       39.92;'3850177008258';KOZMETIKA;        0.00;        0.00
ANNYER GEL NORMAL 470mL                 ;49234     ;ANNYER         ;        0.47;L  ;        6.29;       13.38;'3850177007404';KOZMETIKA;        0.00;        0.00
ANNYER GEL STRONG 470mL                 ;49240     ;ANNYER         ;        0.47;L  ;        6.29;       13.38;'3850177007411';KOZMETIKA;        0.00;        0.00
LAK ZA KOSU SVJETL.ZLATO 125mL ANNYER   ;49255     ;ANNYER         ;        0.13;L  ;        4.79;       38.32;'3850177007329';KOZMETIKA;        0.00;        0.00
ANNYER HIDROGEN CREME 6% 120mL          ;49288     ;ANNYER         ;        0.12;L  ;        3.19;       26.58;'3850177008104';KOZMETIKA;        0.00;        0.00
ANNYER HIDROGEN CREME 9% 120mL          ;49289     ;ANNYER         ;        0.12;L  ;        3.19;       26.58;'3850177008111';KOZMETIKA;        0.00;        0.00
ANNYER HIDROGEN CREME 12% 120mL         ;49290     ;ANNYER         ;        0.12;L  ;        3.19;       26.58;'3850177008128';KOZMETIKA;        0.00;        0.00
ANNYER BRILJANTIN KREMA 100mL           ;49293     ;ANNYER         ;        0.10;L  ;        3.59;       35.90;'3850177007350';KOZMETIKA;        0.00;        0.00
ANNYER GEL STRONG U TUBI 100mL          ;49304     ;ANNYER         ;        0.10;L  ;        3.29;       32.90;'3850177007176';KOZMETIKA;        0.00;        0.00
ANNYER GEL NORMAL U TUBI 100mL          ;49305     ;ANNYER         ;        0.10;L  ;        3.29;       32.90;'3850177007169';KOZMETIKA;        0.00;        0.00
SYOSS LAK ZA KOSU 300mL CERAMIDE        ;505442    ;SYOSS          ;        0.30;L  ;        0.00;       15.63;'9000100988537';KOZMETIKA;        6.19;        4.69
ANNYER APP MAXIWAL ST.500 ZA TR.KOVR.   ;506254    ;ANNYER         ;        0.50;L  ;        6.99;       13.98;'3850177010312';KOZMETIKA;        0.00;        0.00
ANNYER LAK ULTRA STRONG HOLD 500mL      ;515517    ;ANNYER         ;        0.50;L  ;        4.99;        9.98;'3850177010879';KOZMETIKA;        0.00;        0.00
ANNYER LAK STRONG HOLD 500mL            ;515518    ;ANNYER         ;        0.50;L  ;        4.99;        9.98;'3850177010855';KOZMETIKA;        0.00;        0.00
OLIVAL ULJE ÈIÈKOVO ZA KOSU 60mL        ;517140    ;OLIVAL         ;        0.06;L  ;        5.49;       91.50;'3859892751999';KOZMETIKA;        0.00;        0.00
ANNYER MIDIVAL 500mL STANDARD           ;517492    ;ANNYER         ;        0.50;L  ;        6.99;       13.98;'3850177010329';KOZMETIKA;        0.00;        0.00
INTESA LAK EXTRA STRONG 500mL           ;522227    ;INTESA         ;        0.50;L  ;        0.00;        7.58;'8003510020560';KOZMETIKA;        5.19;        3.79
OLIVAL ULJE AVOKADOVO ZA KOSU 60mL      ;54527     ;OLIVAL         ;        0.06;L  ;        5.49;       91.50;'3859888345072';KOZMETIKA;        0.00;        0.00
OLIVAL ULJE ORAHOVO ZA KOSU 60mL        ;54528     ;OLIVAL         ;        0.06;L  ;        5.49;       91.50;'3859888345126';KOZMETIKA;        0.00;        0.00
OLIVAL ULJE BADEMOVO 60mL               ;54540     ;OLIVAL         ;        0.06;L  ;        5.49;       91.50;'3859888345133';KOZMETIKA;        0.00;        0.00
OLIVAL ULJE RICINUS 60mL                ;551528    ;OLIVAL         ;        0.06;L  ;        4.49;       74.83;'3859893186202';KOZMETIKA;        0.00;        0.00
ANNYER MINIVAL 500mL                    ;572865    ;ANNYER         ;        0.50;L  ;        6.99;       13.98;'3850177010336';KOZMETIKA;        0.00;        0.00
ANNYER HIDROGEN 9% 1L                   ;581279    ;ANNYER         ;        1.00;L  ;        8.49;        8.49;'3850177010268';KOZMETIKA;        0.00;        0.00
ANNYER HIDROGEN 6% 1L                   ;589143    ;ANNYER         ;        1.00;L  ;        8.49;        8.49;'3850177010251';KOZMETIKA;        0.00;        0.00
OLIVAL ULJE RICINUS KOKOS 60mL          ;599971    ;OLIVAL         ;        0.06;L  ;        4.99;       83.17;'3859893186486';KOZMETIKA;        0.00;        0.00
TAFT SPREJ HEAT PROTECT 250mL           ;602736    ;TAFT           ;        0.00;   ;        0.00;        0.00;'9000101619386';KOZMETIKA;        6.29;        4.99
ANNYER PJENA ZA KOSU VOLUMEN EXTRA 250mL;608175    ;ANNYER         ;        0.25;L  ;        4.49;       17.96;'3850177000740';KOZMETIKA;        0.00;        0.00
STYLISH GEL ZA KOSU 150mL EXTRA STRONG  ;618250    ;STYLISH        ;        0.15;L  ;        0.00;       11.27;'5997001718544';KOZMETIKA;        2.39;        1.69
STYLISH LAK 300mL Z KOSU EX             ;625260    ;STYLISH        ;        0.30;L  ;        0.00;        8.30;'5997001718384';KOZMETIKA;        3.49;        2.49
NIVEA GEL ULTRA STRONG 150mL            ;626599    ;NIVEA          ;        0.15;L  ;        6.49;       43.27;'4005900173966';KOZMETIKA;        0.00;        0.00
PANTENE LAK ZA KOSU VOLUMEN 250mL       ;627138    ;PANTENE        ;        0.25;L  ;        0.00;       19.96;'8006540650721';KOZMETIKA;        6.25;        4.99
OLIVAL ULJE KLIÈNIÆ 60mL                ;628354    ;OLIVAL         ;        0.06;L  ;        5.49;       91.50;'3858892694626';KOZMETIKA;        0.00;        0.00
PANTENE LAK EXTRA JAKO 250mL            ;632562    ;PANTENE        ;        0.00;   ;        0.00;        0.00;'8006540650776';KOZMETIKA;        6.25;        4.99
PANTENE PJENA VOLUMEN 200mL             ;632579    ;PANTENE        ;        0.20;L  ;        0.00;       22.45;'8006540346815';KOZMETIKA;        5.99;        4.49
PROFESSIONAL GEL EXTRA STRONG 225mL     ;636458    ;PROFESSIONAL   ;        0.23;L  ;        1.99;        8.84;'5908241795707';KOZMETIKA;        0.00;        0.00
PROFESSIONAL GEL WET LOOK 225mL         ;636459    ;PROFESSIONAL   ;        0.23;L  ;        1.99;        8.84;'5908241729474';KOZMETIKA;        0.00;        0.00
TAFT SPREJ 150mL VOLUME                 ;641164    ;TAFT           ;        0.15;L  ;        0.00;       33.27;'9000101722703';KOZMETIKA;        6.29;        4.99
TAFT GEL 150mL LOOKS WET                ;641165    ;TAFT           ;        0.15;L  ;        0.00;       31.27;'9000101723182';KOZMETIKA;        5.69;        4.69
TAFT GEL 150mL POWER ACTIVE             ;641168    ;TAFT           ;        0.15;L  ;        0.00;       31.27;'9000101723229';KOZMETIKA;        5.69;        4.69
TAFT GEL 150mL V12                      ;641169    ;TAFT           ;        0.15;L  ;        0.00;       31.27;'9000101723083';KOZMETIKA;        5.69;        4.69
TAFT GEL 150mL MAX POWER                ;641170    ;TAFT           ;        0.15;L  ;        0.00;       31.27;'9000101723502';KOZMETIKA;        5.69;        4.69
TAFT GEL 150mL STAND UP                 ;641172    ;TAFT           ;        0.15;L  ;        0.00;       31.27;'9000101723366';KOZMETIKA;        5.69;        4.69
SUBRINA KREMA ZA OBLIK.KOSE 150mL**     ;645421    ;ATLANTIC TRADE d.o.o.;        0.15;L  ;        0.00;       29.93;'3838980608520';KOZMETIKA;        6.99;        4.49
SUBRINA GEL ZA KOSU EXTRA STRONG 150mL**;645588    ;ATLANTIC TRADE d.o.o.;        0.15;L  ;        0.00;       29.93;'3838980608513';KOZMETIKA;        6.99;        4.49
GOT2BE GLUED SPREJ 300mL ZA KOSU        ;646867    ;GOT2BE         ;        0.30;L  ;        0.00;       14.97;'9000101290875';KOZMETIKA;        8.49;        4.49
GOT2BE KREMA BEACH BOY 100mL            ;646868    ;GOT2BE         ;        0.10;L  ;        0.00;       44.90;'9000100417853';KOZMETIKA;        8.49;        4.49
SPLENDOR ULJE ZA KOSU 100mL             ;646920    ;SPLENDOR       ;        0.10;L  ;        6.19;       61.90;'8003510026791';KOZMETIKA;        0.00;        0.00
SPLENDOR KRISTALI ZA KOSU 50mL          ;646921    ;SPLENDOR       ;        0.05;L  ;        5.49;      109.80;'8003510023271';KOZMETIKA;        0.00;        0.00
TAFT X GLISS LAK 250mL HOLD ME STRONG   ;649305    ;TAFT           ;        0.25;L  ;        0.00;       19.96;'9000101735857';KOZMETIKA;        6.29;        4.99
OLIVAL LOSION NEEM 150mL PR.PRHUTI      ;652103    ;OLIVAL         ;        0.15;L  ;        6.99;       46.60;'3858892695814';KOZMETIKA;        0.00;        0.00
OLIVAL LOSION HAMAMELIS 150mL PR.MAŠÆEN.;652104    ;OLIVAL         ;        0.15;L  ;        7.49;       49.93;'3858892696019';KOZMETIKA;        0.00;        0.00
TAFT LAK ALOE BOOST 250mL               ;654770    ;TAFT           ;        0.25;L  ;        0.00;       19.96;'9000101744163';KOZMETIKA;        6.29;        4.99
TAFT KREMA ZA KOSU 100mL ALOE BOOST     ;654771    ;TAFT           ;        0.10;L  ;        0.00;       49.90;'9000101744286';KOZMETIKA;        5.99;        4.99
TAFT PROMO LAK VOLUMEN UL 2X250mL       ;663484    ;TAFT           ;        0.50;L  ;        5.99;       11.98;'9000101782684';KOZMETIKA;        0.00;        0.00
TAFT PROMO LAK POWER CASH 2X250mL       ;663485    ;TAFT           ;        0.50;L  ;        5.99;       11.98;'9000101782707';KOZMETIKA;        0.00;        0.00
TAFT PROMO GEL MAXX POWER 2X150mL       ;663486    ;TAFT           ;        0.30;L  ;        5.99;       19.97;'9000101782721';KOZMETIKA;        0.00;        0.00
TAFT PROMO GEL POWER ACT 2X150mL        ;663487    ;TAFT           ;        0.30;L  ;        5.99;       19.97;'9000101782745';KOZMETIKA;        0.00;        0.00
SYOSS LAK ZA KOSU 300mL MAX HOLD        ;666609    ;SYOSS          ;        0.30;L  ;        0.00;       15.63;'9000100589918';KOZMETIKA;        6.19;        4.69
SYOSS LAK ZA KOSU 300mL VOLUME          ;666610    ;SYOSS          ;        0.30;L  ;        0.00;       15.63;'9000100590242';KOZMETIKA;        6.19;        4.69
TAFT VOSAK XPRESS ART 75mL              ;76918     ;TAFT           ;        0.08;L  ;        0.00;       62.53;'40152257';KOZMETIKA;        5.69;        4.69
HIDROGEN CREAM 12% 120mL                ;94170     ;ILIRIJA        ;        0.12;L  ;        2.09;       17.42;'3838980501951';KOZMETIKA;        0.00;        0.00
FAMILY LINE ŠAMP.BREZA 750mL            ;119599    ;ANNYER         ;        0.75;L  ;        3.99;        5.32;'3850177005363';KOZMETIKA;        0.00;        0.00
FAMILY LINE ŠAMP.KAMILICA 750mL         ;119600    ;ANNYER         ;        0.75;L  ;        3.99;        5.32;'3850177005356';KOZMETIKA;        0.00;        0.00
FAMILY LINE ŠAMP.KOPRIVA 750mL          ;119601    ;ANNYER         ;        0.75;L  ;        3.99;        5.32;'3850177005370';KOZMETIKA;        0.00;        0.00
BALZAM ELF 500mL ŽUTI                   ;120480    ;ELF            ;        0.50;L  ;        0.00;        2.98;'8008423610204';KOZMETIKA;        1.99;        1.49
SCHAUMA 400mL ŠAMPON LJEKOVITA TRAVA    ;164198    ;SCHAUMA        ;        0.40;L  ;        4.19;       10.48;'3838824086750';KOZMETIKA;        0.00;        0.00
SCHAUMA 400mL ŠAMPON ZA MUŠKARCE        ;164201    ;SCHAUMA        ;        0.40;L  ;        4.19;       10.48;'3838824086675';KOZMETIKA;        0.00;        0.00
SCHAUMA 400mL ŠAMPON COLOR              ;164202    ;SCHAUMA        ;        0.40;L  ;        4.19;       10.48;'3838824086736';KOZMETIKA;        0.00;        0.00
FRUTELLA ŠAMPON KAMILICA 1L**           ;176004    ;FRUTELLA       ;        1.00;L  ;        0.00;        1.99;'3850105114297';KOZMETIKA;        2.99;        1.99
SCHAUMA 250mL ŠAMPON 7 LJ.TRAVA         ;18476     ;SCHAUMA        ;        0.25;L  ;        0.00;       11.16;'4012800167612';KOZMETIKA;        3.39;        2.79
SCHAUMA 400mL ŠAMPON REGEN/NJEGA        ;191334    ;SCHAUMA        ;        0.40;L  ;        4.19;       10.48;'3838824138923';KOZMETIKA;        0.00;        0.00
REVITAL ŠAMPON KAMILICA 300mL           ;218307    ;ANNYER         ;        0.30;L  ;        2.99;        9.97;'3850177005516';KOZMETIKA;        0.00;        0.00
REVITAL ŠAMPON ÈIÈAK 300mL              ;218308    ;ANNYER         ;        0.30;L  ;        2.99;        9.97;'3850177005523';KOZMETIKA;        0.00;        0.00
REVITAL ŠAMPON KOPRIVA 300mL            ;218313    ;ANNYER         ;        0.30;L  ;        2.99;        9.97;'3850177005509';KOZMETIKA;        0.00;        0.00
REVITAL ŠAMPON BREZA 300mL              ;218316    ;ANNYER         ;        0.30;L  ;        2.99;        9.97;'3850177005493';KOZMETIKA;        0.00;        0.00
SCHAUMA 250mL ŠAMP.REGENERACIJA I NJEGA ;223494    ;SCHAUMA        ;        0.25;L  ;        0.00;       11.16;'3838824136394';KOZMETIKA;        3.39;        2.79
GENERA ŠAMPON KOPRIVA EUKALIPTUS 500mL  ;225298    ;GENERA         ;        0.50;L  ;        2.09;        4.18;'8003693401101';KOZMETIKA;        0.00;        0.00
BALZAM NAIF 1000mL ŽUTI                 ;23493     ;NAIF           ;        1.00;L  ;        0.00;        2.29;'8008423400164';KOZMETIKA;        2.99;        2.29
H&S 400mL ŠAMPON ÈISTA I NJEG           ;236422    ;H&S            ;        0.40;L  ;        7.49;       18.73;'5011321336049';KOZMETIKA;        0.00;        0.00
H&S 400mL ŠAMPON HLADI I OSVJEŽAVA      ;236428    ;H&S            ;        0.40;L  ;        7.49;       18.73;'5011321336094';KOZMETIKA;        0.00;        0.00
H&S 400mL ŠAMPON SENSITIVE              ;236432    ;H&S            ;        0.40;L  ;        7.49;       18.73;'5011321336124';KOZMETIKA;        0.00;        0.00
REVITAL ŠAMP.PROTIV PRHUTI 300mL        ;266940    ;ANNYER         ;        0.30;L  ;        2.99;        9.97;'3850177005486';KOZMETIKA;        0.00;        0.00
SCHAUMA 400mL ŠAMPON Q10                ;271216    ;SCHAUMA        ;        0.40;L  ;        4.19;       10.48;'3838824193106';KOZMETIKA;        0.00;        0.00
GLISS ŠAMPON 400mL OIL NUTRITIVE        ;285495    ;GLISS          ;        0.40;L  ;        6.69;       16.73;'9000100549837';KOZMETIKA;        0.00;        0.00
ELSEVE 200mL REG.TOTAL REPAIR 5         ;301109    ;ELSEVE         ;        0.20;L  ;        4.79;       23.95;'3600521706473';KOZMETIKA;        0.00;        0.00
ELSEVE 250mL ŠAMPON TOTAL REPAIR 5      ;301112    ;ELSEVE         ;        0.25;L  ;        4.79;       19.16;'3600521704677';KOZMETIKA;        0.00;        0.00
SCHAUMA 400mL PREM.ŠAMPON AD INTENSIV   ;303525    ;SCHAUMA        ;        0.40;L  ;        4.99;       12.48;'3838824208985';KOZMETIKA;        0.00;        0.00
ELSEVE 400mL ŠAMPON TOTAL REPAIR 5      ;326399    ;ELSEVE         ;        0.40;L  ;        6.99;       17.48;'3600521929421';KOZMETIKA;        0.00;        0.00
GLISS EXP ULT.REPAIR REGE 200mL         ;339384    ;GLISS          ;        0.20;L  ;        6.69;       33.45;'4015000941334';KOZMETIKA;        0.00;        0.00
ANNYER ŠAMPON GREEN APPLE 1L            ;345026    ;ANNYER         ;        1.00;L  ;        3.49;        3.49;'3850177002294';KOZMETIKA;        0.00;        0.00
ANNYER ŠAMPON SWEET ALMOND 2U1 1L       ;345027    ;ANNYER         ;        1.00;L  ;        3.49;        3.49;'3850177002300';KOZMETIKA;        0.00;        0.00
GLISS REGENERATOR 200mL ULTIMATE REPAIR ;345778    ;GLISS          ;        0.20;L  ;        0.00;       14.95;'9000100662987';KOZMETIKA;        4.49;        2.99
SYOSS 200mL DRY ŠAMPON ANTI GREASE      ;351201    ;SYOSS          ;        0.20;L  ;        0.00;       22.45;'9000100695800';KOZMETIKA;        6.49;        4.49
ELSEVE 200mL REG FULL RESIST X3         ;352908    ;ELSEVE         ;        0.20;L  ;        4.79;       23.95;'3600522087533';KOZMETIKA;        0.00;        0.00
ELSEVE 250mL ŠAMPON FULL RESIST X3      ;352913    ;ELSEVE         ;        0.25;L  ;        4.79;       19.16;'3600522087496';KOZMETIKA;        0.00;        0.00
AMSTER ŠAMPON ALOE VERA 1L              ;354463    ;AMSTER         ;        1.00;L  ;        1.59;        1.59;'3859888102019';KOZMETIKA;        0.00;        0.00
ELSEVE 400mL ŠAMPON COLOR VIVE          ;366028    ;ELSEVE         ;        0.40;L  ;        6.99;       17.48;'3600522069829';KOZMETIKA;        0.00;        0.00
LOOK EXPERT ŠAMPON CRNA REPA/SVILA 900mL;366710    ;LOOK EXPERT    ;        0.90;L  ;        3.45;        3.83;'5908241708097';KOZMETIKA;        0.00;        0.00
PANTENE 400mL ŠAMPON INT.REGEN.         ;367933    ;PANTENE        ;        0.40;L  ;        0.00;       12.48;'5410076561834';KOZMETIKA;        6.49;        4.99
H&S 400mL ŠAMPON APPLE FRESH            ;368912    ;H&S            ;        0.40;L  ;        7.49;       18.73;'5410076659456';KOZMETIKA;        0.00;        0.00
ELSEVE 400mL ŠAMPON FULL RESIST X3      ;369418    ;ELSEVE         ;        0.40;L  ;        6.99;       17.48;'3600522242451';KOZMETIKA;        0.00;        0.00
GLISS ŠAMPON 250mL ULTIMATE REAPIR      ;387196    ;GLISS          ;        0.20;L  ;        0.00;       14.95;'9000100801416';KOZMETIKA;        4.49;        2.99
GLISS ŠAMPON 400mL ULTIMATE REPAIR      ;387264    ;GLISS          ;        0.40;L  ;        6.69;       16.73;'9000100663410';KOZMETIKA;        0.00;        0.00
FRUCTIS 250mL ŠAMPON SOS REPAIR         ;396043    ;FRUCTIS        ;        0.25;L  ;        0.00;       10.36;'3600541309081';KOZMETIKA;        3.59;        2.59
RECEPT ŠAMPON PR.OPAD.KOSE 400m         ;397749    ;ILIRIJA        ;        0.40;L  ;        0.00;       12.48;'3838980522130';KOZMETIKA;        5.99;        4.99
PRENS ŠAMPON KAMILICA 1L                ;398272    ;PRENS          ;        1.00;L  ;        1.99;        1.99;'8691959460124';KOZMETIKA;        0.00;        0.00
RECEPT ŠAMPON PR.PRHUTI INT&BAL400ML    ;410538    ;ILIRIJA        ;        0.40;L  ;        0.00;       12.48;'3838980522109';KOZMETIKA;        5.99;        4.99
RECEPT ŠAMPON PR.PRH&OPAD.KOSE 400mL    ;410539    ;ILIRIJA        ;        0.40;L  ;        0.00;       12.48;'3838980522123';KOZMETIKA;        5.99;        4.99
PALMOLIVE ŠAMPON APPLE 350mL            ;410589    ;PALMOLIVE      ;        0.35;L  ;        3.99;       11.40;'8714789880488';KOZMETIKA;        0.00;        0.00
PALMOLIVE ŠAMPON COLORED HAIR 350mL     ;411128    ;PALMOLIVE      ;        0.35;L  ;        3.99;       11.40;'8714789880518';KOZMETIKA;        0.00;        0.00
PALMOLIVE ŠAMPON CITRUS 350mL           ;411199    ;PALMOLIVE      ;        0.35;L  ;        3.99;       11.40;'8714789880464';KOZMETIKA;        0.00;        0.00
PALMOLIVE ŠAMPON BEAUTY GLOSS 350mL     ;411382    ;PALMOLIVE      ;        0.35;L  ;        3.99;       11.40;'8714789880525';KOZMETIKA;        0.00;        0.00
SCHAUMA 400mL ŠAMPON MEN SPORT          ;413833    ;SCHAUMA        ;        0.40;L  ;        4.19;       10.48;'9000100860246';KOZMETIKA;        0.00;        0.00
ELSEVE 200mL REG.EXTRAORDINARY OIL      ;434854    ;ELSEVE         ;        0.20;L  ;        4.79;       23.95;'3600522451303';KOZMETIKA;        0.00;        0.00
FRUCTIS 250mL ŠAMPON GROWSTRONG         ;449042    ;FRUCTIS        ;        0.25;L  ;        0.00;       10.36;'3600541660564';KOZMETIKA;        3.59;        2.59
FRUCTIS 200mL REG.GROWSTRONG            ;449043    ;FRUCTIS        ;        0.20;L  ;        0.00;       12.95;'3600541698574';KOZMETIKA;        3.59;        2.59
FRUCTIS 400mL ŠAMPON SOS REPAIR         ;503033    ;FRUCTIS        ;        0.40;L  ;        0.00;        8.73;'3600541922846';KOZMETIKA;        4.69;        3.49
ELSEVE 200mL REG.COLOR UV               ;517219    ;ELSEVE         ;        0.20;L  ;        4.79;       23.95;'3600523327676';KOZMETIKA;        0.00;        0.00
ELSEVE 250mL ŠAMPON COLOR UV            ;517523    ;ELSEVE         ;        0.25;L  ;        4.79;       19.16;'3600523327713';KOZMETIKA;        0.00;        0.00
NIVEA ŠAMPON 400mL VOLUME CARE          ;533773    ;NIVEA          ;        0.40;L  ;        6.39;       15.98;'9005800223490';KOZMETIKA;        0.00;        0.00
NIVEA ŠAMPON 400mL DIAMOND GLOSS CARE   ;533789    ;NIVEA          ;        0.40;L  ;        6.39;       15.98;'9005800217154';KOZMETIKA;        0.00;        0.00
FRUCTIS 400mL ŠAMPON GROW STRONG        ;538637    ;FRUCTIS        ;        0.40;L  ;        0.00;        8.73;'3600541922822';KOZMETIKA;        4.69;        3.49
LOOK EXP.ŠAMP.ZA KOSU PROVITAMIN 900mL  ;545837    ;LOOK EXPERT    ;        0.90;L  ;        3.45;        3.83;'5908241707915';KOZMETIKA;        0.00;        0.00
RECEPT SUBRINA ŠAMPON PERUT 400mL       ;547644    ;ILIRIJA        ;        0.40;L  ;        0.00;       12.48;'3838980522116';KOZMETIKA;        5.99;        4.99
SCHAUMA 250mL ŠAMPON FOR MEN            ;54806     ;SCHAUMA        ;        0.25;L  ;        0.00;       11.16;'4012800567658';KOZMETIKA;        3.39;        2.79
FRUCTIS 250mL ŠAMPON ALOE HYDRA BOMB    ;548535    ;FRUCTIS        ;        0.25;L  ;        0.00;       10.36;'3600542134736';KOZMETIKA;        3.59;        2.59
FRUCTIS 200mL REG.ALOE HYDRA BOMB       ;548536    ;FRUCTIS        ;        0.20;L  ;        0.00;       12.95;'3600542134835';KOZMETIKA;        3.59;        2.59
ELSEVE MASKA TOTAL REPAIR 5 300mL       ;548564    ;ELSEVE         ;        0.30;L  ;        6.99;       23.30;'3600523569762';KOZMETIKA;        0.00;        0.00
GLISS ŠAMPON 250mL SUPREME LENGHT       ;549334    ;GLISS          ;        0.25;L  ;        0.00;       11.96;'9000101201222';KOZMETIKA;        4.49;        2.99
GLISS EXP REPAIR REGENER.200mL SUPREME L;549336    ;GLISS          ;        0.20;L  ;        6.69;       33.45;'9000101201376';KOZMETIKA;        0.00;        0.00
BT 400mL ŠAMPON HONEY & PROPOLIS        ;551344    ;BOTANIC THERAPY;        0.40;L  ;        4.99;       12.48;'3600542114240';KOZMETIKA;        0.00;        0.00
BT 200mL REG.HONEY & PROPOLIS           ;551345    ;BOTANIC THERAPY;        0.20;L  ;        3.59;       17.95;'3600542114127';KOZMETIKA;        0.00;        0.00
BT 250mL ŠAMPON HONEY & PROPOLIS        ;551347    ;BOTANIC THERAPY;        0.25;L  ;        3.59;       14.36;'3600542114202';KOZMETIKA;        0.00;        0.00
BT 400mL ŠAMPON RICIN OIL & ALMOND      ;551357    ;BOTANIC THERAPY;        0.40;L  ;        4.99;       12.48;'3600542114400';KOZMETIKA;        0.00;        0.00
BT 200mL REG.RICIN & ALMOND             ;551358    ;BOTANIC THERAPY;        0.20;L  ;        3.59;       17.95;'3600542114448';KOZMETIKA;        0.00;        0.00
BT 250mL ŠAMPON RICIN OIL & ALLMOND     ;551359    ;BOTANIC THERAPY;        0.20;L  ;        3.59;       17.95;'3600542114486';KOZMETIKA;        0.00;        0.00
ELSEVE 200mL REG.COCO OIL               ;553136    ;ELSEVE         ;        0.20;L  ;        4.79;       23.95;'3600523629763';KOZMETIKA;        0.00;        0.00
MISS FUNK ŠAMPON SILVER REFLEX 300mL    ;556301    ;MISS FUNK      ;        0.30;L  ;        0.00;       14.97;'3850177000641';KOZMETIKA;        5.99;        4.49
NIVEA ŠAMPON 250mL HAIRMILK SHINE       ;557279    ;NIVEA          ;        0.25;L  ;        4.79;       19.16;'9005800301587';KOZMETIKA;        0.00;        0.00
NIVEA REGENERATOR HAIRMILK SHINE 200mL  ;557280    ;NIVEA          ;        0.20;L  ;        4.79;       23.95;'9005800301600';KOZMETIKA;        0.00;        0.00
ELSEVE MASKA COCO OIL 300mL             ;558809    ;ELSEVE         ;        0.30;L  ;        6.99;       23.30;'3600523629770';KOZMETIKA;        0.00;        0.00
SOFT&GENTLE ŠAMPON BILJNI 1L            ;559150    ;SOFT&GENTLE    ;        1.00;L  ;        2.25;        2.25;'4009737209867';KOZMETIKA;        0.00;        0.00
FRESH LINE ŠAMPON 1L KAMILICA 2U1       ;565463    ;FRESH LINE     ;        1.00;L  ;        0.00;        1.75;'3859892023461';KOZMETIKA;        2.55;        1.75
ELSEVE MASKA COLOR VIVE 300mL           ;565911    ;ELSEVE         ;        0.30;L  ;        6.99;       23.30;'3600523607884';KOZMETIKA;        0.00;        0.00
SOFT&GENTLE ŠAMPON KAMILICA 1L          ;567593    ;SOFT&GENTLE    ;        1.00;L  ;        2.25;        2.25;'4009737209874';KOZMETIKA;        0.00;        0.00
L ANGELICA ŠAMPON ZA REGUL.VLASIŠTA 250 ;568239    ;L'ANGELICA     ;        0.25;L  ;        0.00;        6.76;'8017331040874';KOZMETIKA;        2.65;        1.69
L ANGELICA ŠAMPON ZA SVE TIPOVE 250mL   ;568240    ;L'ANGELICA     ;        0.25;L  ;        0.00;        6.76;'8017331040850';KOZMETIKA;        2.65;        1.69
ELSEVE PURPLE ŠAMPON 200mL              ;571005    ;ELSEVE         ;        0.20;L  ;        5.99;       29.95;'3600523699162';KOZMETIKA;        0.00;        0.00
FRUCTIS 250mL ŠAMPON PURE STRONG        ;571006    ;FRUCTIS        ;        0.25;L  ;        0.00;       10.36;'3600541970410';KOZMETIKA;        3.59;        2.59
FRUCTIS 400mL ŠAMPON COCONUT WATER      ;571007    ;FRUCTIS        ;        0.40;L  ;        0.00;        8.73;'3600541970557';KOZMETIKA;        4.69;        3.49
FRUCTIS 200mL REG.COCONUT WATER         ;571008    ;FRUCTIS        ;        0.20;L  ;        0.00;       12.95;'3600541970892';KOZMETIKA;        3.59;        2.59
ELSEVE 200mL REG.DREAM LENGTH           ;572359    ;ELSEVE         ;        0.20;L  ;        4.79;       23.95;'3600523756193';KOZMETIKA;        0.00;        0.00
ELSEVE MASKA DREAM LENGTH 300mL         ;572360    ;ELSEVE         ;        0.30;L  ;        6.99;       23.30;'3600523756308';KOZMETIKA;        0.00;        0.00
ELSEVE 400mL ŠAMPON DREAM LENGTH        ;572362    ;ELSEVE         ;        0.40;L  ;        6.99;       17.48;'3600523756209';KOZMETIKA;        0.00;        0.00
ELSEVE 250mL ŠAMPON DREAM LENGTH        ;572367    ;ELSEVE         ;        0.25;L  ;        4.79;       19.16;'3600523756155';KOZMETIKA;        0.00;        0.00
FRESH LINE ŠAMPON 1L KOPRIVA            ;576000    ;FRESH LINE     ;        1.00;L  ;        0.00;        1.75;'3859892023904';KOZMETIKA;        2.55;        1.75
H&S 400mL ŠAMPON HYDRATION              ;577839    ;H&S            ;        0.40;L  ;        7.49;       18.73;'8001841406688';KOZMETIKA;        0.00;        0.00
FRUCTIS 400mL ŠAMPON ALOE               ;582757    ;FRUCTIS        ;        0.40;L  ;        0.00;        8.73;'3600542134781';KOZMETIKA;        4.69;        3.49
GLISS ŠAMPON 400mL SUPREME LENGHT       ;584358    ;GLISS          ;        0.40;L  ;        6.69;       16.73;'9000101201147';KOZMETIKA;        0.00;        0.00
FRUCTIS HF BANANA ŠAMPON 350mL          ;588385    ;FRUCTIS        ;        0.35;L  ;        0.00;       12.26;'3600542290012';KOZMETIKA;        5.79;        4.29
FRUCTIS HF BANANA REG.350mL             ;588386    ;FRUCTIS        ;        0.35;L  ;        0.00;       12.26;'3600542290272';KOZMETIKA;        5.79;        4.29
GLISS ŠAMPON 250mL SPLIT&MIRACLE        ;589203    ;GLISS          ;        0.25;L  ;        0.00;       11.96;'9000101287332';KOZMETIKA;        4.49;        2.99
GLISS REGENERATOR 200mL SPLIT&MIRACLE   ;589204    ;GLISS          ;        0.20;L  ;        0.00;       14.95;'9000101287172';KOZMETIKA;        4.49;        2.99
GLISS EXP.REG.SPLIT&MIRACLE 200mL       ;589207    ;GLISS          ;        0.20;L  ;        6.69;       33.45;'9000101287233';KOZMETIKA;        0.00;        0.00
NIVEA ŠAMPON 400mL STRONG POWER         ;590685    ;NIVEA          ;        0.40;L  ;        6.39;       15.98;'9005800328058';KOZMETIKA;        0.00;        0.00
FRUCTIS HF ALOE ŠAMPON 350mL            ;590797    ;FRUCTIS        ;        0.35;L  ;        0.00;       12.26;'3600542289986';KOZMETIKA;        5.79;        4.29
GLISS EXP REG.OIL NUTRI 200mL           ;591562    ;GLISS          ;        0.20;L  ;        6.69;       33.45;'9000100398701';KOZMETIKA;        0.00;        0.00
GLISS ŠAMPON 250mL OIL                  ;595359    ;GLISS          ;        0.25;L  ;        0.00;       11.96;'9000100398435';KOZMETIKA;        4.49;        2.99
SYOSS 440mL ŠAMPON KERATIN              ;596635    ;SYOSS          ;        0.44;L  ;        0.00;       10.20;'9000101277050';KOZMETIKA;        6.49;        4.49
SYOSS 440mL ŠAMPON COLOR GUARD          ;596636    ;SYOSS          ;        0.44;L  ;        0.00;       10.20;'9000101276916';KOZMETIKA;        6.49;        4.49
SYOSS 440mL ŠAMPON REPAIR THERAPY       ;596638    ;SYOSS          ;        0.44;L  ;        0.00;       10.20;'9000101276879';KOZMETIKA;        6.49;        4.49
SYOSS 440mL ŠAMPON FULL HAIR 5D         ;596641    ;SYOSS          ;        0.44;L  ;        0.00;       10.20;'9000101276992';KOZMETIKA;        6.49;        4.49
SYOSS 440mL REGENERATOR COLOR GUAR      ;596642    ;SYOSS          ;        0.44;L  ;        0.00;       10.20;'9000101277937';KOZMETIKA;        6.49;        4.49
SYOSS 440mL KERATIN PERFECTION          ;596645    ;SYOSS          ;        0.44;L  ;        0.00;       10.20;'9000101278217';KOZMETIKA;        6.49;        4.49
SYOSS 440mL REGEN.REPAIR THERAPY        ;596646    ;SYOSS          ;        0.44;L  ;        0.00;       10.20;'9000101278057';KOZMETIKA;        6.49;        4.49
SYOSS 440mL ŠAMPON ANTI DANDRUFF        ;596651    ;SYOSS          ;        0.44;L  ;        0.00;       10.20;'9000101277173';KOZMETIKA;        6.49;        4.49
SYOSS 440mL ŠAMPON CURLS&WAVES          ;596653    ;SYOSS          ;        0.44;L  ;        0.00;       10.20;'9000101277517';KOZMETIKA;        6.49;        4.49
ELSEVE 250mL ŠAMPON COCO OIL            ;599968    ;ELSEVE         ;        0.25;L  ;        4.79;       19.16;'3600523629749';KOZMETIKA;        0.00;        0.00
SYOSS 440mL ŠAMPON MEN CLEAN&COOL       ;600490    ;SYOSS          ;        0.44;L  ;        0.00;       10.20;'9000101277197';KOZMETIKA;        6.49;        4.49
SYOSS 440mL ŠAMPON MEN POWER            ;600491    ;SYOSS          ;        0.44;L  ;        0.00;       10.20;'9000101277395';KOZMETIKA;        3.49;        4.49
S&G ŠAMPON 500mL S VITAMINOM            ;600790    ;SOFT&GENTLE    ;        0.50;L  ;        1.59;        3.18;'4009737210054';KOZMETIKA;        0.00;        0.00
SCHAUMA 400mL ŠAMPON GREEN APPLE&NETTLE ;600832    ;SCHAUMA        ;        0.40;L  ;        4.19;       10.48;'9000101627633';KOZMETIKA;        0.00;        0.00
H&S 250mL ŠAMPON CITRUS                 ;601759    ;H&S            ;        0.25;L  ;        4.99;       19.96;'8006540063286';KOZMETIKA;        0.00;        0.00
FRUCTIS HF MASKA BANANA 390mL           ;602542    ;FRUCTIS        ;        0.39;L  ;        0.00;       15.36;'3600542135993';KOZMETIKA;        7.99;        5.99
FRUCTIS HF MASKA ALOE 390mL             ;602543    ;FRUCTIS        ;        0.39;L  ;        0.00;       15.36;'3600542221108';KOZMETIKA;        7.99;        5.99
H&S 250mL ŠAMPON APPLE                  ;603314    ;H&S            ;        0.25;L  ;        4.99;       19.96;'8006540063248';KOZMETIKA;        0.00;        0.00
H&S 250mL CLASSIC CLEAN                 ;603500    ;H&S            ;        0.25;L  ;        4.99;       19.96;'8006540063330';KOZMETIKA;        0.00;        0.00
H&S 250mL ŠAMPON MENTOL                 ;604114    ;H&S            ;        0.25;L  ;        4.99;       19.96;'8006540063385';KOZMETIKA;        0.00;        0.00
AMSTER ŠAMPON ORANGE 1L                 ;605330    ;AMSTER         ;        1.00;L  ;        1.59;        1.59;'3858890120721';KOZMETIKA;        0.00;        0.00
ELSEVE SERUM FRIZZ 100mL                ;606952    ;ELSEVE         ;        0.10;L  ;        6.29;       62.90;'3600523985302';KOZMETIKA;        0.00;        0.00
GLISS ŠAMPON 400mL SPLIT END MIRACLE    ;608899    ;GLISS          ;        0.40;L  ;        6.69;       16.73;'9000101287431';KOZMETIKA;        0.00;        0.00
OLIVAL ŠAMPON ÈIÈAK 250mL               ;612497    ;OLIVAL         ;        0.25;L  ;        0.00;       19.96;'3858892693896';KOZMETIKA;        6.29;        4.99
GENERA MASKA ZA KOSU ARGAN 500mL        ;613133    ;GENERA         ;        0.50;L  ;        2.99;        5.98;'8003693403228';KOZMETIKA;        0.00;        0.00
OLIVAL ŠAMPON KOPRIVA-PAP.METVICA 250mL ;613441    ;OLIVAL         ;        0.25;L  ;        0.00;       19.96;'3858892693919';KOZMETIKA;        6.39;        4.99
SYOSS 250mL REGENERATOR STR REPAIR      ;613775    ;SYOSS          ;        0.25;L  ;        0.00;       17.96;'9000101665444';KOZMETIKA;        6.49;        4.49
SYOSS 250mL REGENERATOR STR COLOR       ;613776    ;SYOSS          ;        0.25;L  ;        0.00;       17.96;'9000101665628';KOZMETIKA;        6.49;        4.49
SCHAUMA 400mL ŠAMPON ROSE OIL 2IN1      ;613777    ;SCHAUMA        ;        0.40;L  ;        4.19;       10.48;'9000101656695';KOZMETIKA;        0.00;        0.00
SCHAUMA 400mL ŠAMPON ARGAN OIL&REP      ;613778    ;SCHAUMA        ;        0.40;L  ;        4.19;       10.48;'9000101653045';KOZMETIKA;        0.00;        0.00
H&S 400mL ŠAMPON TEA TREE               ;614064    ;H&S            ;        0.40;L  ;        7.49;       18.73;'8001090496546';KOZMETIKA;        0.00;        0.00
NIVEA ŠAMPON 400mL MEN ANTI GREASE**    ;614306    ;NIVEA          ;        0.40;L  ;        6.39;       15.98;'9005800352992';KOZMETIKA;        0.00;        0.00
NIVEA ŠAMPON 250mL EXP.2U1              ;616097    ;NIVEA          ;        0.25;L  ;        4.79;       19.16;'4005808346424';KOZMETIKA;        0.00;        0.00
FRUCTIS HF COCOA ŠAMPON 350mL           ;616402    ;FRUCTIS        ;        0.35;L  ;        0.00;       12.26;'3600542432696';KOZMETIKA;        5.79;        4.29
FRUCTIS HF COCOA REGEN 350mL            ;616403    ;FRUCTIS        ;        0.35;L  ;        0.00;       12.26;'3600542432559';KOZMETIKA;        5.79;        4.29
SCHAUMA 750mL ŠAMPON REGEN.NJEGA        ;616946    ;SCHAUMA        ;        0.75;L  ;        7.99;       10.65;'9000101681246';KOZMETIKA;        0.00;        0.00
SCHAUMA 750mL ŠAMPON 7TRAVA             ;616948    ;SCHAUMA        ;        0.75;L  ;        7.99;       10.65;'9000101681123';KOZMETIKA;        0.00;        0.00
SCHAUMA 750mL ŠAMPON FOR MEN            ;616949    ;SCHAUMA        ;        0.75;L  ;        7.99;       10.65;'9000101681185';KOZMETIKA;        0.00;        0.00
PANTENE MASKA REAPIR&PROTECT 300mL      ;617440    ;PANTENE        ;        0.30;L  ;        0.00;       18.30;'8006540608494';KOZMETIKA;        6.69;        5.49
ELSEVE ŠAMPON SUHI DREAM LONG 200mL     ;618549    ;ELSEVE         ;        0.20;L  ;        6.49;       32.45;'3600523967087';KOZMETIKA;        0.00;        0.00
BIOBAZA ŠAMPON REPAIR 250mL             ;619061    ;BIOBAZA        ;        0.25;L  ;        6.99;       27.96;'3856020904326';KOZMETIKA;        0.00;        0.00
SCHAUMA 400mL ŠAMPON HERBS&VOLUME       ;621011    ;SCHAUMA        ;        0.40;L  ;        4.19;       10.48;'9000101647433';KOZMETIKA;        0.00;        0.00
SCHAUMA 250mL REGENERATOR REG.I NJEGA   ;621013    ;SCHAUMA        ;        0.25;L  ;        4.19;       16.76;'9000101658163';KOZMETIKA;        0.00;        0.00
SCHAUMA 250mL REGENERATOR 7TRAVA        ;621014    ;SCHAUMA        ;        0.25;L  ;        4.19;       16.76;'9000101658088';KOZMETIKA;        0.00;        0.00
SCHAUMA 250mL REGENERATOR COLOR SHINE   ;621015    ;SCHAUMA        ;        0.25;L  ;        4.19;       16.76;'9000101658224';KOZMETIKA;        0.00;        0.00
SCHAUMA 250mL REGENERATOR Q10           ;621016    ;SCHAUMA        ;        0.25;L  ;        4.19;       16.76;'9000101658262';KOZMETIKA;        0.00;        0.00
ELSEVE 250mL ŠAMPON HYAL.PLUMP          ;621363    ;ELSEVE         ;        0.25;L  ;        4.79;       19.16;'3600524029500';KOZMETIKA;        0.00;        0.00
ELSEVE 200mL REG.HYAL.PLUMP             ;621364    ;ELSEVE         ;        0.20;L  ;        4.79;       23.95;'3600524029753';KOZMETIKA;        0.00;        0.00
ELSEVE 400mL ŠAMPON HYAL.PLUMP          ;621365    ;ELSEVE         ;        0.40;L  ;        6.99;       17.48;'3600524029883';KOZMETIKA;        0.00;        0.00
ELSEVE SERUM HYAL.PLUMP 150mL           ;621366    ;ELSEVE         ;        0.15;L  ;        6.95;       46.33;'3600524032425';KOZMETIKA;        0.00;        0.00
PANTENE 250mL ŠAMPON INT.REGENERACIJA   ;622795    ;PANTENE        ;        0.25;L  ;        0.00;       14.76;'8006540532089';KOZMETIKA;        4.49;        3.69
BT 200mL REG.OAT DELICACY               ;623669    ;BOTANIC THERAPY;        0.20;L  ;        3.59;       17.95;'3600542479837';KOZMETIKA;        0.00;        0.00
BT 250mL ŠAMPON OAT DELICACY            ;623670    ;BOTANIC THERAPY;        0.25;L  ;        3.59;       14.36;'3600542479875';KOZMETIKA;        0.00;        0.00
BT 400mL ŠAMPON OAT DELICACY            ;623671    ;BOTANIC THERAPY;        0.40;L  ;        4.99;       12.48;'3600542479912';KOZMETIKA;        0.00;        0.00
NIVEA REGEN.HAIRMILK NORM.200mL**       ;626072    ;NIVEA          ;        0.20;L  ;        4.79;       23.95;'9005800289212';KOZMETIKA;        0.00;        0.00
OLIVAL ŠAMPON PISKAVICA 250mL           ;628372    ;OLIVAL         ;        0.25;L  ;        0.00;       21.96;'3858892694565';KOZMETIKA;        6.99;        5.49
L ANGELICA ŠAMPON HIDRAT.750mL          ;628580    ;L'ANGELICA     ;        0.75;L  ;        5.49;        7.32;'8017331089460';KOZMETIKA;        0.00;        0.00
L ANGELICA ŠAMPON ZA MASNU KOSU 750mL   ;628581    ;L'ANGELICA     ;        0.75;L  ;        5.49;        7.32;'8017331089422';KOZMETIKA;        0.00;        0.00
BT 400mL ŠAMPON CHARCOAL                ;628587    ;BOTANIC THERAPY;        0.40;L  ;        4.99;       12.48;'3600542512374';KOZMETIKA;        0.00;        0.00
BT 250mL ŠAMPON CHARCOAL                ;628588    ;BOTANIC THERAPY;        0.00;   ;        3.59;        0.00;'3600542512510';KOZMETIKA;        0.00;        0.00
BT 200mL REGENERATOR CHARCOAL           ;628589    ;BOTANIC THERAPY;        0.00;   ;        3.59;        0.00;'3600542512268';KOZMETIKA;        0.00;        0.00
FRUCTIS HF PINEAPPLE ŠAMPON 350mL       ;628590    ;FRUCTIS        ;        0.35;L  ;        0.00;       12.26;'3600542528160';KOZMETIKA;        5.79;        4.29
FRUCTIS HF MASKA PINEAPLE 390mL         ;628592    ;FRUCTIS        ;        0.00;   ;        0.00;        0.00;'3600542500364';KOZMETIKA;        7.99;        5.99
FRUCTIS 250mL ŠAMPON OIL REPAIR         ;628593    ;FRUCTIS        ;        0.25;L  ;        0.00;       10.36;'3600542514279';KOZMETIKA;        3.59;        2.59
SCHAUMA 400mL ŠAMPON MOISTURE&SHINE     ;632518    ;SCHAUMA        ;        0.40;L  ;        4.19;       10.48;'9000101704976';KOZMETIKA;        0.00;        0.00
FRUCTIS MASKA SOS KERATRIN BOMB 320mL   ;633386    ;FRUCTIS        ;        0.32;L  ;        0.00;       11.84;'3600542542654';KOZMETIKA;        5.49;        3.79
PALMOLIVE ŠAMPON ALL HAIR TYPES 350mL   ;634502    ;PALMOLIVE      ;        0.35;L  ;        3.99;       11.40;'8718951577008';KOZMETIKA;        0.00;        0.00
PALMOLIVE ŠAMPON OLIVE 350mL            ;634877    ;PALMOLIVE      ;        0.35;L  ;        3.99;       11.40;'8718951577039';KOZMETIKA;        0.00;        0.00
PALMOLIVE ŠAMPON SILK SHINE EFF 350mL   ;635232    ;PALMOLIVE      ;        0.35;L  ;        3.99;       11.40;'8718951576971';KOZMETIKA;        0.00;        0.00
PALMOLIVE ŠAMPON PR.PRHUTI 350mL        ;635243    ;PALMOLIVE      ;        0.35;L  ;        3.99;       11.40;'8718951576919';KOZMETIKA;        0.00;        0.00
NIVEA ŠAMPON 400mL 2U1**                ;636088    ;NIVEA          ;        0.40;L  ;        6.39;       15.98;'4005900910066';KOZMETIKA;        0.00;        0.00
OLIVAL LOSION PISKAVICA I RUŽM.150mL    ;637472    ;OLIVAL         ;        0.15;L  ;        7.49;       49.93;'3858892694367';KOZMETIKA;        0.00;        0.00
PANTENE 400mL ŠAMPON INFINITLY LONG     ;637655    ;PANTENE        ;        0.00;   ;        0.00;        0.00;'8700216058155';KOZMETIKA;        6.49;        4.99
NIVEA REGEN.DIAMOND GLOSS REGEN.200mL   ;637767    ;NIVEA          ;        0.20;L  ;        4.79;       23.95;'42246213';KOZMETIKA;        0.00;        0.00
AFRODITA 950mL ŠAMPON KOPRIVA&PANTHENOL ;638616    ;AFRODITA       ;        0.95;L  ;        5.29;        5.57;'3831070661672';KOZMETIKA;        0.00;        0.00
AFRODITA 950mL ŠAMPON ÈEŠNJAK           ;638617    ;AFRODITA       ;        0.95;L  ;        5.29;        5.57;'3831070661696';KOZMETIKA;        0.00;        0.00
AFRODITA 950mL ŠAMPON RICINUS           ;638618    ;AFRODITA       ;        0.95;L  ;        5.29;        5.57;'3831070661658';KOZMETIKA;        0.00;        0.00
AFRODITA 950mL ŠAMPON KOKOS             ;638619    ;AFRODITA       ;        0.95;L  ;        5.29;        5.57;'3831070661719';KOZMETIKA;        0.00;        0.00
AFRODITA 950mL BIOTIN KOPRIVA ŠAMPON    ;638620    ;AFRODITA       ;        0.95;L  ;        5.99;        6.31;'3831070661641';KOZMETIKA;        0.00;        0.00
NICE DAY ŠAMPON 500mL KOPRIVA           ;638840    ;NICE DAY       ;        0.50;L  ;        1.29;        2.58;'8600101578686';KOZMETIKA;        0.00;        0.00
AFRODITA 950mL ŠAMPON ÈIÈAK             ;638988    ;AFRODITA       ;        0.95;L  ;        5.29;        5.57;'3831070661665';KOZMETIKA;        0.00;        0.00
AFRODITA 950mL ŠAMPON KAMILICA & LIPA   ;641067    ;AFRODITA       ;        0.95;L  ;        5.29;        5.57;'3831070661689';KOZMETIKA;        0.00;        0.00
GLISS MASKA 400mL NOURISHMENT           ;641153    ;GLISS          ;        0.40;L  ;        0.00;       16.23;'9000101726053';KOZMETIKA;        8.99;        6.49
GLISS MASKA 400mL REPAIR                ;641159    ;GLISS          ;        0.40;L  ;        0.00;       16.23;'9000101726138';KOZMETIKA;        8.99;        6.49
GLISS MASKA 400mL SHINE                 ;641160    ;GLISS          ;        0.40;L  ;        0.00;       16.23;'9000101726336';KOZMETIKA;        8.99;        6.49
SCHAUMA DUO 400mLX2 7 TRAVA ŠAMPON      ;641841    ;SCHAUMA        ;        0.80;L  ;        0.00;        7.49;'3838824432977';KOZMETIKA;        6.99;        5.99
SCHAUMA DUO 400X2 MEN ŠAMPON            ;641843    ;SCHAUMA        ;        0.80;L  ;        0.00;        7.49;'3838824432991';KOZMETIKA;        6.99;        5.99
H&S 2U1 CLASSIC CLEAN 250mL             ;642135    ;H&S            ;        0.25;L  ;        5.85;       23.40;'8700216157872';KOZMETIKA;        0.00;        0.00
H&S 200mL CLASSIC CLEAN ŠAMPON          ;642603    ;H&S            ;        0.20;L  ;        0.00;        9.95;'5011321345188';KOZMETIKA;        3.69;        1.99
H&S 330mL 2U1 CLASSIC CLEAN             ;644045    ;H&S            ;        0.33;L  ;        7.49;       22.70;'8700216157919';KOZMETIKA;        0.00;        0.00
H&S 330mL MENTOL                        ;644047    ;H&S            ;        0.33;L  ;        0.00;       16.03;'8700216304825';KOZMETIKA;        3.39;        5.29
AFRODITA 320mL ESS.ŠAMPON MASNA KOSA    ;644218    ;AFRODITA       ;        0.32;L  ;        6.99;       21.84;'3831070661887';KOZMETIKA;        0.00;        0.00
AFRODITA 320mL ESS.ŠAMPON PR.OPADANJA   ;644219    ;AFRODITA       ;        0.32;L  ;        6.99;       21.84;'3831070661894';KOZMETIKA;        0.00;        0.00
SYOSS 440mL ŠAMPON INTENSE PLEX         ;644817    ;SYOSS          ;        0.44;L  ;        0.00;       10.20;'9000101731460';KOZMETIKA;        6.49;        4.49
SYOSS 250mL REGENERATOR INTENSE PLEX    ;644819    ;SYOSS          ;        0.25;L  ;        0.00;       17.96;'9000101731545';KOZMETIKA;        6.49;        4.49
REVITAL ŠAMPON RUŽMARIN 300mL           ;644857    ;ANNYER         ;        0.30;L  ;        2.99;        9.97;'3850177003741';KOZMETIKA;        0.00;        0.00
REVITAL MASKA KAMILICA&ÈIÈAK 250mL      ;644858    ;ANNYER         ;        0.25;L  ;        4.99;       19.96;'3850177003475';KOZMETIKA;        0.00;        0.00
H&S 800mL APPLE FRESH                   ;645195    ;H&S            ;        0.80;L  ;        0.00;        8.36;'8700216306782';KOZMETIKA;        9.99;        6.69
H&S 800mL CITRUS                        ;645196    ;H&S            ;        0.80;L  ;        0.00;        8.36;'8700216156172';KOZMETIKA;        9.99;        6.69
HERBAL ESS.ŠAMPON ROSE SOFT 350mL**     ;645875    ;ORBICO d.o.o.;        0.35;L  ;        0.00;       13.40;'8700216211277';KOZMETIKA;        6.29;        4.69
HERBAL ESS.ARGAN ŠAMPON OIL REPAIR 350mL;645876    ;HERBAL ESSENCES;        0.35;L  ;        0.00;       13.40;'8700216211345';KOZMETIKA;        6.29;        4.69
HERBAL ESS.REGEN.ARGAN OIL REPAIR 250mL ;645877    ;HERBAL ESSENCES;        0.25;L  ;        0.00;       18.76;'8700216211161';KOZMETIKA;        5.99;        4.69
HERBAL ESS.REGEN.ROSE SOFT 250mL**      ;645878    ;HERBAL ESSENCES;        0.25;L  ;        0.00;       18.76;'8700216211024';KOZMETIKA;        5.99;        4.69
H&S 2U1 MENTOL 250mL                    ;646284    ;H&S            ;        0.25;L  ;        5.85;       23.40;'8700216304658';KOZMETIKA;        0.00;        0.00
ELSEVE 250mL ŠAMPON HYLURON PROÈIŠÆAVAJU;646471    ;ELSEVE         ;        0.25;L  ;        4.79;       19.16;'3600524135232';KOZMETIKA;        0.00;        0.00
ELSEVE 200mL REGEN.HYLURON PROÈIŠÆAVAJUÆ;646474    ;ELSEVE         ;        0.20;L  ;        4.79;       23.95;'3600524164423';KOZMETIKA;        0.00;        0.00
ELSEVE 400mL ŠAMPON HYALURON PROÈIŠÆAVAJ;646475    ;ELSEVE         ;        0.40;L  ;        6.99;       17.48;'3600524135041';KOZMETIKA;        0.00;        0.00
H&S 500mL CITRUS                        ;648030    ;H&S            ;        0.50;L  ;        0.00;       13.98;'8700216305303';KOZMETIKA;        8.99;        6.99
H&S 500mL CLASSIC                       ;648031    ;H&S            ;        0.50;L  ;        0.00;       13.98;'8700216157933';KOZMETIKA;        8.99;        6.99
H&S 500mL MENTOL                        ;648032    ;H&S            ;        0.50;L  ;        0.00;       13.98;'8700216158114';KOZMETIKA;        8.99;        6.99
H&S 500mL APPLE                         ;648033    ;H&S            ;        0.50;L  ;        0.00;       13.98;'8700216305259';KOZMETIKA;        8.99;        6.99
PANTENE 275mL REGEN.INFIN.LENGHT        ;648438    ;PANTENE        ;        0.28;L  ;        0.00;       16.33;'8700216508957';KOZMETIKA;        5.49;        4.49
PANTENE 160mL REG.REPAIR&PROTECT        ;648439    ;PANTENE        ;        0.00;   ;        0.00;        0.00;'8700216508834';KOZMETIKA;        3.49;        2.79
PANTENE 325mL ŠAMPON REPAIR&PROTECT     ;648440    ;PANTENE        ;        0.33;L  ;        0.00;       13.20;'8700216567084';KOZMETIKA;        5.39;        4.29
PANTENE 275mL REGEN.REPAIR&PROT         ;649341    ;PANTENE        ;        0.28;L  ;        0.00;       16.33;'8700216422338';KOZMETIKA;        5.49;        4.49
SCHAUMA 400mL PREM.ŠAMPON AD SENSITIVE  ;650689    ;SCHAUMA        ;        0.40;L  ;        4.99;       12.48;'9000101737844';KOZMETIKA;        0.00;        0.00
SCHAUMA 400mL PREM.ŠAMPON HAIR BOOSTER  ;650692    ;AWTINTERNATIONAL D.O.O. ZAGREB;        0.40;L  ;        4.99;       12.48;'9000101738001';KOZMETIKA;        0.00;        0.00
SYOSS 200mL DRY ŠAMPON ZA TAMNU KOSU    ;651022    ;SYOSS          ;        0.20;L  ;        3.49;       17.45;'9000101658477';KOZMETIKA;        0.00;        0.00
OLIVAL ŠAMPON AMLA 250mL                ;652102    ;OLIVAL         ;        0.25;L  ;        0.00;       23.96;'3858892695937';KOZMETIKA;        7.29;        5.99
SCHAUMA 400mL ŠAMPON STRONGER FOR LONGER;653764    ;SCHAUMA        ;        0.40;L  ;        4.19;       10.48;'9000101750058';KOZMETIKA;        0.00;        0.00
SCHAUMA 250mL REGENER.STRONGER FOR LONG ;653765    ;SCHAUMA        ;        0.25;L  ;        4.19;       16.76;'9000101750256';KOZMETIKA;        0.00;        0.00
NIVEA ŠAMPON 250mL MEN PR.PRHUTI        ;656812    ;NIVEA          ;        0.25;L  ;        4.79;       19.16;'9005800388885';KOZMETIKA;        0.00;        0.00
NIVEA ŠAMPON 250mL DIAMOND GLOSS        ;657603    ;NIVEA          ;        0.25;L  ;        4.79;       19.16;'4005900176028';KOZMETIKA;        0.00;        0.00
NIVEA ŠAMPON 400mL 2U1                  ;658176    ;NIVEA          ;        0.40;L  ;        6.39;       15.98;'4006000193991';KOZMETIKA;        0.00;        0.00
SCHAUMA DUO 2X750mL REGEN.I NJEGA       ;658730    ;SCHAUMA        ;        1.50;L  ;       11.99;        7.99;'9000101777024';KOZMETIKA;        0.00;        0.00
SCHAUMA DUO 2X750mL 7TRAVA              ;658731    ;SCHAUMA        ;        1.50;L  ;       11.99;        7.99;'9000101777048';KOZMETIKA;        0.00;        0.00
SYOSS DUO REPAIR ŠAMPON440+REG440       ;658885    ;SYOSS          ;        0.88;L  ;        7.99;        9.08;'9000101756425';KOZMETIKA;        0.00;        0.00
SYOSS DUO KERATIN ŠAMPON440+REG440      ;658886    ;SYOSS          ;        0.88;L  ;        7.99;        9.08;'9000101778915';KOZMETIKA;        0.00;        0.00
URBAN SUHI ŠAMPON VOLUMEN 200mL         ;662060    ;URBAN CARE     ;        0.20;L  ;        3.99;       19.95;'8680690702174';KOZMETIKA;        0.00;        0.00
URBAN SUHI ŠAMPON COCONUT 200mL         ;662061    ;URBAN CARE     ;        0.20;L  ;        3.99;       19.95;'8680690702198';KOZMETIKA;        0.00;        0.00
PANTENE 400mL ŠAMPON HYDRATION          ;662480    ;PANTENE        ;        0.40;L  ;        0.00;       12.48;'8700216938808';KOZMETIKA;        6.49;        4.99
PANTENE 275mL REGEN.HYDRATION           ;662481    ;PANTENE        ;        0.28;L  ;        0.00;       16.33;'8700216938839';KOZMETIKA;        5.49;        4.49
SCHAUMA ŠAMPON PROMO 7TRAVA 2X400       ;663449    ;SCHAUMA        ;        0.80;L  ;        5.99;        7.49;'9000101782523';KOZMETIKA;        0.00;        0.00
SYOSS PROMO KERATIN ŠAMP440+REG440      ;663481    ;SYOSS          ;        0.00;   ;        6.99;        0.00;'9000101784756';KOZMETIKA;        0.00;        0.00
SYOSS PROMO ANTIDANDRUFF ŠAMP440+REG440 ;663482    ;SYOSS          ;        0.00;   ;        6.99;        0.00;'9000101782660';KOZMETIKA;        0.00;        0.00
SYOSS PROMO COLOR ŠAMP440+REG440        ;663483    ;SYOSS          ;        0.00;   ;        6.99;        0.00;'9000101784770';KOZMETIKA;        0.00;        0.00
GLISS PROMO OIL ŠAMP250+REG200          ;663488    ;GLISS          ;        0.00;   ;        4.99;        0.00;'9000101784794';KOZMETIKA;        0.00;        0.00
GLISS PROMO ULT.REPAIR ŠAMP250+REG200   ;663489    ;GLISS          ;        0.00;   ;        4.99;        0.00;'9000101784817';KOZMETIKA;        0.00;        0.00
GLISS PROMO OIL ŠAMP400+REG200          ;663490    ;GLISS          ;        0.00;   ;        7.49;        0.00;'9000101784831';KOZMETIKA;        0.00;        0.00
GLISS PROMO ULTREP ŠAMP400+REG200       ;663491    ;GLISS          ;        0.00;   ;        7.49;        0.00;'9000101784855';KOZMETIKA;        0.00;        0.00
SCHAUMA ŠAMPON PROMO STRONGER 2X400     ;663522    ;SCHAUMA        ;        0.80;L  ;        5.99;        7.49;'9000101782622';KOZMETIKA;        0.00;        0.00
SCHAUMA ŠAMPON PROMO HAIR BOOST 2X400   ;663523    ;SCHAUMA        ;        0.80;L  ;        6.99;        8.74;'9000101782585';KOZMETIKA;        0.00;        0.00
SCHAUMA ŠAMPON PROMO ANTIDANDRUFF 2X400 ;663524    ;SCHAUMA        ;        0.80;L  ;        6.99;        8.74;'9000101782608';KOZMETIKA;        0.00;        0.00
PANTENE ULJE S KERATINOM 100mL          ;670640    ;PANTENE        ;        0.10;L  ;        0.00;       69.90;'8006540124758';KOZMETIKA;        8.69;        6.99
AFRODITA 950mL ŠAMPON ARGAN 2U1         ;691488    ;AFRODITA       ;        0.95;L  ;        5.29;        5.57;'3831070661702';KOZMETIKA;        0.00;        0.00
AFRODITA 950mL BIOTIN ŠAMPON KAMILICA   ;691732    ;AFRODITA       ;        1.00;L  ;        5.99;        5.99;'3831070661634';KOZMETIKA;        0.00;        0.00
FRUCTIS 200mL REG.SOS REPAIR            ;694040    ;FRUCTIS        ;        0.20;L  ;        0.00;       12.95;'3600541309128';KOZMETIKA;        3.59;        2.59
MANE N TAIL ŠAMPON ZA KOSU 355mL        ;699704    ;MANE'N         ;        0.36;L  ;        7.99;       22.51;'071409543214';KOZMETIKA;        0.00;        0.00
MANE N TAIL BALZAM ZA KOSU 355mL        ;699705    ;MANE'N         ;        0.36;L  ;        7.99;       22.51;'071409543221';KOZMETIKA;        0.00;        0.00
HERBA ŠAMPON BREZA 1000mL               ;70346     ;HERBA          ;        1.00;L  ;        2.65;        2.65;'5310001138608';KOZMETIKA;        0.00;        0.00
HERBA ŠAMPON KOPRIVA 1000mL             ;70347     ;HERBA          ;        1.00;L  ;        2.65;        2.65;'5310001138585';KOZMETIKA;        0.00;        0.00
HERBA ŠAMPON KAMILICA 1000mL            ;70349     ;HERBA          ;        1.00;L  ;        2.65;        2.65;'5310001138684';KOZMETIKA;        0.00;        0.00
AQ MILD & MINTY 75mL                    ;09663     ;AQUAFRESH      ;        0.08;L  ;        2.39;       31.87;'5999518578048';KOZMETIKA;        0.00;        0.00
SIGNAL PASTA FAMILY CAVITY PROTECT 75mL ;142170    ;SIGNAL         ;        0.08;L  ;        1.99;       26.53;'5900300056101';KOZMETIKA;        0.00;        0.00
SIGNAL PASTA FAMILY HERBAL 75mL         ;142171    ;SIGNAL         ;        0.08;L  ;        1.99;       26.53;'5900300056002';KOZMETIKA;        0.00;        0.00
SIGNAL PASTA WHITE SYSTEM 125mL         ;172952    ;SIGNAL         ;        0.13;L  ;        2.99;       23.92;'5900300349395';KOZMETIKA;        0.00;        0.00
SIGNAL PASTA FAMILY DAILY WHITE 75mL    ;179083    ;SIGNAL         ;        0.08;L  ;        1.99;       26.53;'5900300856794';KOZMETIKA;        0.00;        0.00
ORAL B ZUBNI KONAC MENTA 50m            ;18401     ;ORAL B         ;       50.00;m  ;        0.00;        0.06;'5010622005029';KOZMETIKA;        4.64;        2.78
LISTERINE FRESHBURST VODICA 250mL       ;304496    ;LISTERINE      ;        0.25;L  ;        4.49;       17.96;'5010123703431';KOZMETIKA;        0.00;        0.00
LISTERINE COOLMINT VODICA 250mL         ;304497    ;LISTERINE      ;        0.25;L  ;        4.49;       17.96;'5010123703509';KOZMETIKA;        0.00;        0.00
LISTERINE COOLMINT VODICA 500mL         ;313249    ;LISTERINE      ;        0.50;L  ;        6.99;       13.98;'5010123703585';KOZMETIKA;        0.00;        0.00
LISTERINE FRESHBURST VODICA 500mL       ;313257    ;LISTERINE      ;        0.50;L  ;        6.99;       13.98;'5010123703547';KOZMETIKA;        0.00;        0.00
COLGATE PASTA MW ONE 75mL               ;322528    ;COLGATE        ;        0.08;L  ;        4.29;       57.20;'8714789531915';KOZMETIKA;        0.00;        0.00
COLGATE PASTA TRIPLE ACTION 100mL       ;343726    ;COLGATE        ;        0.10;L  ;        3.29;       32.90;'7891024132074';KOZMETIKA;        0.00;        0.00
GENERA VODICA ZA USTA MENTA 500mL       ;370172    ;GENERA         ;        0.50;L  ;        2.39;        4.78;'8003693400487';KOZMETIKA;        0.00;        0.00
GENERA VODICA ZA USTA HL.MENTA 500mL    ;370184    ;GENERA         ;        0.50;L  ;        2.39;        4.78;'8003693401606';KOZMETIKA;        0.00;        0.00
ZUBNI KONAC INDOR MINT 100m             ;377284    ;INDOR          ;      100.00;m  ;        1.33;        0.01;'3858885847350';KOZMETIKA;        0.00;        0.00
KALODONT WHITENING 75mL                 ;378721    ;KALODONT       ;        0.08;L  ;        1.99;       26.53;'3850105143082';KOZMETIKA;        0.00;        0.00
KALODONT HERBAL 75mL                    ;378722    ;KALODONT       ;        0.08;L  ;        1.99;       26.53;'3850105142764';KOZMETIKA;        0.00;        0.00
KALODONT MICROGRANULE 75mL              ;378723    ;KALODONT       ;        0.08;L  ;        1.99;       26.53;'3850105143044';KOZMETIKA;        0.00;        0.00
KALODONT EXTRA CLEAN 75mL               ;378724    ;KALODONT       ;        0.08;L  ;        1.99;       26.53;'3850105143006';KOZMETIKA;        0.00;        0.00
VADEMECUM PREMIUM COMPLETE 75mL**       ;382885    ;VADEMECUM      ;        0.08;L  ;        0.00;       31.87;'9000100791885';KOZMETIKA;        2.99;        2.39
KALODONT STRONG MINT 125mL              ;387228    ;KALODONT       ;        0.13;L  ;        2.59;       20.72;'3850105145161';KOZMETIKA;        0.00;        0.00
KALODONT ULTRA FRESH 125mL              ;387230    ;KALODONT       ;        0.13;L  ;        2.59;       20.72;'3850105145536';KOZMETIKA;        0.00;        0.00
INDODENT ZUBNA PASTA 75mL               ;387581    ;INDODENT       ;        0.08;L  ;        0.95;       12.67;'3858885847367';KOZMETIKA;        0.00;        0.00
KALODONT PASTA MICROGR.125mL            ;393358    ;KALODONT       ;        0.13;L  ;        2.89;       23.12;'3850105145574';KOZMETIKA;        0.00;        0.00
KALODONT PASTA HERBAL 125mL             ;393359    ;KALODONT       ;        0.13;L  ;        2.89;       23.12;'3850105145611';KOZMETIKA;        0.00;        0.00
ASTERA VODICA ACTIVE+TOTAL 300mL        ;406082    ;ASTERA         ;        0.30;L  ;        3.25;       10.83;'3800013511978';KOZMETIKA;        0.00;        0.00
MEGADENT PASTA ANTICARIES 125mL         ;411913    ;MEGADENT       ;        0.13;L  ;        1.15;        9.20;'3800031751202';KOZMETIKA;        0.00;        0.00
KALODONT PROMO EXTRA CLEAN 75mL 2+1**   ;435227    ;KALODONT       ;        0.23;L  ;        3.99;       17.73;'3850105144386';KOZMETIKA;        0.00;        0.00
SIGNAL PASTA DAILY WHITE 125mL          ;511389    ;SIGNAL         ;        0.13;L  ;        2.99;       23.92;'5900300349388';KOZMETIKA;        0.00;        0.00
SIGNAL PASTA CAVITY PROTECT 125mL       ;511425    ;SIGNAL         ;        0.13;L  ;        2.99;       23.92;'5900300132515';KOZMETIKA;        0.00;        0.00
LACALUT OTOPINA AKTIV 300mL             ;517756    ;LACALUT        ;        0.30;L  ;        0.00;       12.33;'4016369726297';KOZMETIKA;        5.69;        3.70
ORAL B VODICA PROFPROT 500mL            ;537911    ;ORAL B         ;        0.50;L  ;        0.00;        7.54;'4015600572969';KOZMETIKA;        6.29;        3.77
LACALUT PASTA SENSITIVE 75mL            ;560049    ;LACALUT        ;        0.08;L  ;        0.00;       39.47;'4016369726358';KOZMETIKA;        4.55;        2.96
ASTERA PARODONT ACTIVE PASTA 75mL**     ;562265    ;ASTERA         ;        0.08;L  ;        0.00;       35.87;'3800013510285';KOZMETIKA;        3.89;        2.69
ASTERA PARODONT STOP PASTA 75mL**       ;562267    ;ASTERA         ;        0.08;L  ;        0.00;       35.87;'3800013512395';KOZMETIKA;        3.89;        2.69
PARODONTAX CLASSIC 75mL                 ;573140    ;PARODONTAX     ;        0.08;L  ;        5.99;       79.87;'5054563058225';KOZMETIKA;        0.00;        0.00
LISTERINE TOTAL CARE 500mL              ;574367    ;LISTERINE      ;        0.50;L  ;        7.99;       15.98;'3574660415506';KOZMETIKA;        0.00;        0.00
SENSODYNE PASTA EXTRA FRESH 75mL*       ;576119    ;SENSODYNE      ;        0.08;L  ;        5.99;       79.87;'5054563072634';KOZMETIKA;        0.00;        0.00
COLGATE PASTA MW EXPERT 75mL            ;580728    ;COLGATE        ;        0.08;L  ;        6.29;       83.87;'7509546064857';KOZMETIKA;        0.00;        0.00
SIGNAL PASTA WHITE SYSTEM 75mL          ;58146     ;SIGNAL         ;        0.08;L  ;        0.00;       34.53;'5900300804511';KOZMETIKA;        2.49;        2.59
COLGATE PASTA MW SHINE 125mL            ;583866    ;COLGATE        ;        0.13;L  ;        2.99;       23.92;'8718951312845';KOZMETIKA;        0.00;        0.00
COLGATE SENSATION WHITE 75mL            ;583869    ;COLGATE        ;        0.08;L  ;        3.29;       43.87;'8718951312173';KOZMETIKA;        0.00;        0.00
COLGATE PASTA MF BLUE 100mL             ;584545    ;COLGATE        ;        0.10;L  ;        3.45;       34.50;'8718951313576';KOZMETIKA;        0.00;        0.00
PLIDENTA PASTA 75mL SUPERFRESH          ;600293    ;PLIDENTA       ;        0.08;L  ;        2.59;       34.53;'3856007908071';KOZMETIKA;        0.00;        0.00
PLIDENTA PASTA 75mL HERBAL              ;600298    ;PLIDENTA       ;        0.08;L  ;        2.59;       34.53;'3856007908057';KOZMETIKA;        0.00;        0.00
PLIDENTA PASTA 75mL PROTECTIVE PROPOLIS ;600300    ;PLIDENTA       ;        0.08;L  ;        2.59;       34.53;'3856007908064';KOZMETIKA;        0.00;        0.00
PLIDENTA PASTA 75mL EXTRA WHITE         ;600307    ;PLIDENTA       ;        0.08;L  ;        2.49;       33.20;'3856007908026';KOZMETIKA;        0.00;        0.00
PLIDENTA PASTA 75mL EXTRASMILE          ;600309    ;PLIDENTA       ;        0.08;L  ;        2.59;       34.53;'3856007908033';KOZMETIKA;        0.00;        0.00
COLGATE ADV.WHITE CHARCOAL 75mL**       ;600535    ;COLGATE        ;        0.08;L  ;        0.00;       30.53;'8718951253827';KOZMETIKA;        3.35;        2.29
COLGATE PASTA MW ONE OPTIC 75mL         ;600537    ;COLGATE        ;        0.08;L  ;        4.29;       57.20;'8718951050860';KOZMETIKA;        0.00;        0.00
SENSODYNE REPAIR&PROTECT 75mL           ;604891    ;SENSODYNE      ;        0.08;L  ;        7.49;       99.87;'5054563103789';KOZMETIKA;        0.00;        0.00
SENSODYNE REPAIR WHITENING 75mL         ;605622    ;SENSODYNE      ;        0.08;L  ;        7.49;       99.87;'5054563103505';KOZMETIKA;        0.00;        0.00
ORAL B VODICA GUM&ENAMEL MINT 500mL     ;606654    ;ORAL B         ;        0.50;L  ;        0.00;        5.86;'8001090720399';KOZMETIKA;        4.89;        2.93
LACALUT VODICA SENSITIVE 500mL          ;609268    ;LACALUT        ;        0.50;L  ;        0.00;        7.40;'4016369546994';KOZMETIKA;        5.69;        3.70
ELMEX PASTA SENSITIVE 75mL              ;612977    ;ELMEX          ;        0.08;L  ;        0.00;       59.87;'8718951470613';KOZMETIKA;        5.59;        4.49
KALODONT PASTA WHITE&GO 125mL           ;613134    ;KALODONT       ;        0.13;L  ;        2.89;       23.12;'3850105178473';KOZMETIKA;        0.00;        0.00
BIOREPAIR PASTA SENSITIVE 75mL          ;613184    ;BIOREPAIR      ;        0.08;L  ;        4.39;       58.53;'8017331068441';KOZMETIKA;        0.00;        0.00
KALODONT CANNABIS WHITE 75mL            ;613871    ;KALODONT       ;        0.08;L  ;        0.00;       21.20;'3850105178633';KOZMETIKA;        2.25;        1.59
ELMEX PASTA CARIES PROTECT 75mL         ;613947    ;ELMEX          ;        0.08;L  ;        0.00;       59.87;'8718951477575';KOZMETIKA;        5.59;        4.49
PLIDENTA PASTA KIDS 75mL                ;614837    ;PLIDENTA       ;        0.08;L  ;        2.79;       37.20;'3856007908736';KOZMETIKA;        0.00;        0.00
PARODONTAX PASTA GUM+SENSITIVITY 75mL   ;616241    ;PARODONTAX     ;        0.08;L  ;        7.49;       99.87;'5054563120113';KOZMETIKA;        0.00;        0.00
LISTERINE COOLMINT 1L                   ;616606    ;LISTERINE      ;        1.00;L  ;       10.49;       10.49;'3574661661056';KOZMETIKA;        0.00;        0.00
PLIDENTA PROMO HERBAL 75mL 1+1          ;618902    ;PLIDENTA       ;        0.15;L  ;        2.59;       17.27;'3856007908460';KOZMETIKA;        0.00;        0.00
BIOREPAIR PASTA ZAŠTITA DESNI 75mL      ;625214    ;BIOREPAIR      ;        0.08;L  ;        4.39;       58.53;'8017331076651';KOZMETIKA;        0.00;        0.00
PLIDENTA PASTA 125mL FAMILY             ;625989    ;PLIDENTA       ;        0.13;L  ;        2.99;       23.92;'3856007908651';KOZMETIKA;        0.00;        0.00
LACALUT VODICA ZA USTA MULTI EFF 500mL  ;627923    ;LACALUT        ;        0.50;L  ;        0.00;        7.52;'4016369541975';KOZMETIKA;        5.79;        3.76
LISTERINE COOLMINT 95mL                 ;628269    ;LISTERINE      ;        0.10;L  ;        1.79;       18.84;'3574660458879';KOZMETIKA;        0.00;        0.00
PARODONTAX PASTA FLOURIDE 75mL          ;628389    ;PARODONTAX     ;        0.08;L  ;        5.99;       79.87;'5054563949738';KOZMETIKA;        0.00;        0.00
PARODONTAX COMPLETE EXTRA FRESH 75mL    ;628390    ;PARODONTAX     ;        0.08;L  ;        7.49;       99.87;'5054563948403';KOZMETIKA;        0.00;        0.00
PARODONTAX PASTA HERBAL 75mL            ;632757    ;PARODONTAX     ;        0.08;L  ;        5.99;       79.87;'5054563949615';KOZMETIKA;        0.00;        0.00
PARODONTAX ULTRA CLEAN 75mL             ;634455    ;PARODONTAX     ;        0.08;L  ;        5.99;       79.87;'5054563950499';KOZMETIKA;        0.00;        0.00
SENSODYNE SENSITIVITY&GUM 75mL**        ;634571    ;SENSODYNE      ;        0.08;L  ;        7.49;       99.87;'5054563154378';KOZMETIKA;        0.00;        0.00
PARODONTAX COMPLETE PROT.WHITE 75mL     ;635166    ;PARODONTAX     ;        0.08;L  ;        7.49;       99.87;'5054563948366';KOZMETIKA;        0.00;        0.00
PLIDENTA PASTA 125mL SUPERFRESH         ;635282    ;PLIDENTA       ;        0.13;L  ;        2.99;       23.92;'3856007910784';KOZMETIKA;        0.00;        0.00
PLIDENTA PASTA 125mL HERBAL             ;635283    ;PLIDENTA       ;        0.13;L  ;        2.99;       23.92;'3856007910791';KOZMETIKA;        0.00;        0.00
PLIDENTA PASTA 125mL EXTRA WHITE        ;635284    ;PLIDENTA       ;        0.13;L  ;        2.99;       23.92;'3856007910777';KOZMETIKA;        0.00;        0.00
SENSODYNE SENSITIVITY&GUM WHITE 75mL    ;636089    ;SENSODYNE      ;        0.08;L  ;        7.49;       99.87;'5054563154392';KOZMETIKA;        0.00;        0.00
COLGATE PASTA CAVITY PROTECT.75mL       ;638699    ;COLGATE        ;        0.08;L  ;        2.49;       33.20;'6920354836176';KOZMETIKA;        0.00;        0.00
COLGATE PASTA WHITENING 75mL            ;638703    ;COLGATE        ;        0.08;L  ;        2.45;       32.67;'6920354836091';KOZMETIKA;        0.00;        0.00
COLGATE ADV.WHITE 2X75mL**              ;639970    ;COLGATE        ;        0.15;L  ;        0.00;       23.27;'8718951630031';KOZMETIKA;        3.14;        3.49
COLGATE PASTA PROPOLIS BI-PAK 2X75mL    ;640631    ;COLGATE        ;        0.15;L  ;        3.59;       23.93;'6920354837418';KOZMETIKA;        0.00;        0.00
AQ FRESH&MINTY 100mL                    ;641750    ;AQUAFRESH      ;        0.10;L  ;        0.00;       21.90;'5054563203649';KOZMETIKA;        2.99;        2.19
AQ FRESH&MINTY 125mL                    ;643359    ;AQUAFRESH      ;        0.13;L  ;        2.99;       23.92;'5054563199621';KOZMETIKA;        0.00;        0.00
AQ FRESH&MINTY 75mL                     ;643557    ;AQUAFRESH      ;        0.08;L  ;        2.39;       31.87;'5054563198457';KOZMETIKA;        0.00;        0.00
AQ MILD&MINTY 100mL                     ;644187    ;AQUAFRESH      ;        0.10;L  ;        0.00;       21.90;'5054563197993';KOZMETIKA;        2.99;        2.19
AQ ACTIVE FRESH 125mL                   ;644883    ;AQUAFRESH      ;        0.13;L  ;        2.99;       23.92;'5054563200686';KOZMETIKA;        0.00;        0.00
PARODONTAX PASTA ACTIVE REPAIR 75mL     ;645218    ;PARODONTAX     ;        0.08;L  ;        7.49;       99.87;'5054563177797';KOZMETIKA;        0.00;        0.00
SIGNAL EXTRA FRESH INTENSE 75mL         ;645778    ;SIGNAL         ;        0.08;L  ;        2.49;       33.20;'8720181437243';KOZMETIKA;        0.00;        0.00
LACALUT PASTA BLACK&WHITE 75mL          ;646083    ;LACALUT        ;        0.08;L  ;        0.00;       44.67;'4016369546215';KOZMETIKA;        5.15;        3.35
COLGATE VODICA 1L PLAX BLUE             ;646257    ;COLGATE        ;        1.00;L  ;        8.99;        8.99;'8718951208681';KOZMETIKA;        0.00;        0.00
COLGATE PASTA MW PURPLE REVEAL 75mL     ;646259    ;COLGATE        ;        0.08;L  ;        4.29;       57.20;'8718951540033';KOZMETIKA;        0.00;        0.00
AQ MILD&MINTY 125mL                     ;647520    ;AQUAFRESH      ;        0.13;L  ;        2.99;       23.92;'5054563199645';KOZMETIKA;        0.00;        0.00
AQ ACTIVE WHITE 125mL                   ;647570    ;AQUAFRESH      ;        0.13;L  ;        2.99;       23.92;'5054563204097';KOZMETIKA;        0.00;        0.00
ELMEX DUOPACK 2X75mL CARIES PROTECTION**;648020    ;ELMEX          ;        0.15;L  ;        6.99;       46.60;'8714789992204';KOZMETIKA;        0.00;        0.00
ELMEX DUOPACK 2X75mL SENSITIVE**        ;648021    ;ELMEX          ;        0.15;L  ;        6.99;       46.60;'8714789985060';KOZMETIKA;        0.00;        0.00
PARODONTAX EXTRA FRESH 75mL             ;648103    ;PARODONTAX     ;        0.08;L  ;        5.99;       79.87;'5054563215208';KOZMETIKA;        0.00;        0.00
PLIDENTA HERBAL 125mL+75mL PROMO        ;650440    ;PLIDENTA       ;        0.00;   ;        2.99;        0.00;'3856007911477';KOZMETIKA;        0.00;        0.00
ORAL B KONAC PRO EXP DEEP CLEAN 25m     ;652151    ;ORAL B         ;       25.00;m  ;        0.00;        0.12;'8700216365604';KOZMETIKA;        4.99;        2.99
SENSODYNE COMPLETE PROTECTION 75mL      ;652385    ;SENSODYNE      ;        0.08;L  ;        7.49;       99.87;'5054563242877';KOZMETIKA;        0.00;        0.00
KALODONT PROMO HERBAL 75mL 2+1**        ;653286    ;KALODONT       ;        0.23;L  ;        3.99;       17.73;'3850105161116';KOZMETIKA;        0.00;        0.00
BIOREPAIR PASTA TOTAL PROT.REAPIR 75mL  ;654410    ;BIOREPAIR      ;        0.08;L  ;        4.39;       58.53;'8017331069523';KOZMETIKA;        0.00;        0.00
ELMEX PASTA SENSITIVE WHIT.75mL         ;654716    ;ELMEX          ;        0.08;L  ;        0.00;       59.87;'8714789926278';KOZMETIKA;        5.59;        4.49
ELMEX PASTA ANTI CAR.PROFES.75mL        ;654717    ;ELMEX          ;        0.08;L  ;        0.00;       73.20;'8718951279551';KOZMETIKA;        6.99;        5.49
COLGATE PASTA KIDS BIG SMILE 6-9 50mL   ;654719    ;COLGATE        ;        0.05;L  ;        2.59;       51.80;'8718951610613';KOZMETIKA;        0.00;        0.00
ELMEX VODA ZA ISP.USTA CAR.PROT.400mL   ;654722    ;ELMEX          ;        0.40;L  ;        0.00;       12.48;'7610108006878';KOZMETIKA;        6.49;        4.99
PLIDENTA PROMO SUPERFRESH 75mL 1+1      ;654989    ;PLIDENTA       ;        0.15;L  ;        2.59;       17.27;'3856007908477';KOZMETIKA;        0.00;        0.00
PARODONTAX STRENGTH&PROT WHITENING 75mL ;655208    ;PARODONTAX     ;        0.08;L  ;        7.49;       99.87;'5054563206275';KOZMETIKA;        0.00;        0.00
PARODONTAX VODICA STRENGT&PROT 500mL    ;655210    ;PARODONTAX     ;        0.50;L  ;        7.99;       15.98;'5054563205599';KOZMETIKA;        0.00;        0.00
SENSODYNE PASTA EXTRA WHITENING 75mL    ;655351    ;SENSODYNE      ;        0.08;L  ;        5.99;       79.87;'5054563232908';KOZMETIKA;        0.00;        0.00
LACALUT ZUBNA PASTA WHITE 75mL          ;656373    ;LACALUT        ;        0.08;L  ;        0.00;       39.47;'4016369786819';KOZMETIKA;        4.55;        2.96
SENSODYNE FLUOR 75mLX2 DUOPACK          ;656455    ;SENSODYNE      ;        0.15;L  ;        6.99;       46.60;'5054563186942';KOZMETIKA;        0.00;        0.00
SENSODYNE FLOURIDE 75mL                 ;656569    ;SENSODYNE      ;        0.08;L  ;        5.99;       79.87;'5054563186904';KOZMETIKA;        0.00;        0.00
SIGNAL DUO WHITE NOW CORRECT 2*75mL/PAK ;656617    ;SIGNAL         ;        0.15;L  ;        0.00;       33.27;'3856027801031';KOZMETIKA;        8.99;        4.99
SIGNAL DUO WHITE NOW SENS 2*75mL/PAK**  ;656619    ;SIGNAL         ;        0.15;L  ;        0.00;       33.27;'3856027802823';KOZMETIKA;        8.99;        4.99
SENSODYNE EXTRA WHITE 75mLX2 DUOPACK    ;656835    ;SENSODYNE      ;        0.15;L  ;        6.99;       46.60;'5054563234209';KOZMETIKA;        0.00;        0.00
AQ F&M DUO PASTA 100mL 1+1              ;656920    ;AQUAFRESH      ;        0.20;L  ;        4.99;       24.95;'3858894301638';KOZMETIKA;        0.00;        0.00
VADEMECUM JUNIOR MYLITLLE APPLE 50mL    ;656983    ;VADEMECUM      ;        0.05;L  ;        0.00;       31.80;'4068883000452';KOZMETIKA;        1.99;        1.59
VADEMECUM ANTICARIES 75mL               ;658346    ;VADEMECUM      ;        0.08;L  ;        0.00;       21.20;'4068883000339';KOZMETIKA;        1.99;        1.59
PLIDENTA ZP FAMILY 125mL+ÈETKICA        ;662123    ;PLIDENTA       ;        0.13;L  ;        3.09;       24.72;'3856007912566';KOZMETIKA;        0.00;        0.00
VADEMECUM PROMO WHITE FRESH 75mL X2     ;662192    ;VADEMECUM      ;        0.15;L  ;        0.00;       15.93;'3858890573251';KOZMETIKA;        2.99;        2.39
VADEMECUM EXTRA FRESH 75mL              ;662726    ;VADMECUM       ;        0.08;L  ;        0.00;       21.20;'4068883000322';KOZMETIKA;        1.99;        1.59
IWHITE TRAKICE-IZBJELJIVANJE ZUBI 28/1  ;663427    ;IWHITE         ;       28.00;KOM;       27.50;        0.98;'5425012535374';KOZMETIKA;        0.00;        0.00
IWHITE SET-IZBJELJIVANJE ZUBI 10/1 PREM ;663428    ;IWHITE         ;       10.00;KOM;       35.00;        3.50;'5425012535336';KOZMETIKA;        0.00;        0.00
IWHITE PASTA-IZBJELJIVANJE ZUBI 75mL    ;663429    ;LJEPOTA ZDRAVLJA D.O.O.;        0.08;L  ;       10.00;      133.33;'5425012534674';KOZMETIKA;        0.00;        0.00
COLGATE VODICA PLAX CHARCOAL 500mL      ;664310    ;COLGATE        ;        0.50;L  ;        5.79;       11.58;'8718951380981';KOZMETIKA;        0.00;        0.00
HERBALIS TS PARADISE ESCAPE 800mL       ;664715    ;HERBALIS       ;        0.80;L  ;        2.99;        3.74;'3870128041400';KOZMETIKA;        0.00;        0.00
COREGA KREMA MAX SEAL 40g               ;562756    ;COREGA         ;        0.04;L  ;        8.49;      212.25;'5054563039033';KOZMETIKA;        0.00;        0.00
COREGA TABLETE DOUBLE POWER 36/1        ;568862    ;COREGA         ;       36.00;KOM;        8.49;        0.24;'5054563059062';KOZMETIKA;        0.00;        0.00
COREGA KREMA EXTRA STRONG 40g           ;58158     ;COREGA         ;        0.04;kg ;        6.19;      154.75;'5999518572060';KOZMETIKA;        0.00;        0.00
BAD KREMA FRESH 47g                     ;603608    ;BAD            ;        0.05;kg ;        5.99;      127.45;'8001841900612';KOZMETIKA;        0.00;        0.00
BAD KREMA NEUTRAL 47g                   ;604172    ;BAD            ;        0.05;kg ;        5.99;      127.45;'8001841900575';KOZMETIKA;        0.00;        0.00
BAD KREMA ORGINAL 47g                   ;605283    ;BAD            ;        0.05;kg ;        5.99;      127.45;'8001841900483';KOZMETIKA;        0.00;        0.00
BAD KREMA ZA UVRŠÈ.REG 2X47g            ;607568    ;BAD            ;        0.09;kg ;        8.99;       95.64;'8006540300053';KOZMETIKA;        0.00;        0.00
LACALUT FIX KREMA ZA PROTEZE 40g E.JAKA ;627924    ;LACALUT        ;        0.04;L  ;        0.00;       77.25;'4016369542262';KOZMETIKA;        4.75;        3.09
COREGA KREMA NEUTRAL 40g                ;651495    ;COREGA         ;        0.04;kg ;        6.19;      154.75;'5054563203106';KOZMETIKA;        0.00;        0.00
GENERA TS PUMP.ANTIBACT.1L              ;108138    ;GENERA         ;        1.00;L  ;        3.29;        3.29;'8003693401002';KOZMETIKA;        0.00;        0.00
GENERA TS PUNJ.ANTIBACT.1L              ;108139    ;GENERA         ;        1.00;L  ;        2.79;        2.79;'8003693401019';KOZMETIKA;        0.00;        0.00
PALMOLIVE TS 750mL MILK&HONEY REF       ;132366    ;PALMOLIVE      ;        0.75;L  ;        0.00;        3.32;'8693495008297';KOZMETIKA;        3.49;        2.49
IDEAL PASTA ZA PRANJE RUKU 500g METEOR  ;16541     ;IDEAL          ;        0.50;kg ;        2.49;        4.98;'3859888110175';KOZMETIKA;        0.00;        0.00
PALMOLIVE TS 300mL OLIVE MILK           ;188195    ;PALMOLIVE      ;        0.25;L  ;        3.49;       13.96;'8693495017633';KOZMETIKA;        0.00;        0.00
DOVE TS 500mL BEAUTY CREAM REFILL       ;199757    ;DOVE           ;        0.50;L  ;        0.00;        6.38;'4000388179004';KOZMETIKA;        3.99;        3.19
DOVE TS SILK REFILL 500mL               ;199758    ;DOVE           ;        0.50;L  ;        0.00;        6.38;'8717163573792';KOZMETIKA;        3.99;        3.19
SOFT&GENTLE TS SENSITIVE 500mL          ;201455    ;SOFT&GENTLE    ;        0.50;L  ;        0.00;        2.78;'4009737201946';KOZMETIKA;        1.89;        1.39
AMSTER TEKUÆI SAPUN REF. 1000mL KOKOS   ;253786    ;AMSTER         ;        1.00;L  ;        2.45;        2.45;'3859888102347';KOZMETIKA;        0.00;        0.00
AMSTER TEKUÆI SAPUN REF 1000mL BADEM    ;253788    ;AMSTER         ;        1.00;L  ;        2.45;        2.45;'3859888102392';KOZMETIKA;        0.00;        0.00
AMSTER TEKUÆI SAPUN REF 1000mL MASLINA  ;253789    ;AMSTER         ;        1.00;L  ;        2.45;        2.45;'3859888102194';KOZMETIKA;        0.00;        0.00
NIVEA SAPUN CREAM SOFT 100g             ;306320    ;NIVEA          ;        0.10;kg ;        1.59;       15.90;'4005808135318';KOZMETIKA;        0.00;        0.00
SOFT&GENTLE TS ALOE VERA 500mL          ;319109    ;SOFT&GENTLE    ;        0.50;L  ;        0.00;        2.78;'4009737209744';KOZMETIKA;        1.89;        1.39
SOFT&GENTLE TS MED/MLIJEKO 500mL        ;328934    ;SOFT&GENTLE    ;        0.50;L  ;        0.00;        2.78;'4009737209720';KOZMETIKA;        1.89;        1.39
GENERA TS PUMP.MUSCHINO 1L              ;341437    ;GENERA         ;        1.00;L  ;        3.29;        3.29;'8003693401873';KOZMETIKA;        0.00;        0.00
FRESH LINE TS 500mL ANTIBAKTERIJSKI     ;342155    ;FRESH LINE     ;        0.50;L  ;        2.39;        4.78;'3859892023508';KOZMETIKA;        0.00;        0.00
PALMOLIVE TS 300mL BLACK ORHIDEA        ;346698    ;PALMOLIVE      ;        0.30;L  ;        3.49;       11.63;'8714789639987';KOZMETIKA;        0.00;        0.00
PALMOLIVE SAPUN BLACK ORHID 90g         ;355577    ;PALMOLIVE      ;        0.09;kg ;        0.00;       12.11;'8693495034425';KOZMETIKA;        1.49;        1.09
PALMOLIVE SAPUN GREEN TEA 90g           ;355578    ;PALMOLIVE      ;        0.09;kg ;        0.00;       12.11;'8693495034111';KOZMETIKA;        1.49;        1.09
PALMOLIVE SAPUN MILK+ROSE 90g           ;357816    ;PALMOLIVE      ;        0.09;kg ;        0.00;       12.11;'8693495034258';KOZMETIKA;        1.49;        1.09
PALMOLIVE SAPUN MILK&HONEY 90g          ;359525    ;PALMOLIVE      ;        0.09;kg ;        0.00;       12.11;'8693495034180';KOZMETIKA;        1.49;        1.09
DALAN D OLIVE TEK.SAPUN 300mL           ;364244    ;DALAN          ;        0.30;L  ;        1.79;        5.97;'8690529002238';KOZMETIKA;        0.00;        0.00
DALAN SAPUN SPRING FLOWERS 100g         ;364299    ;DALAN          ;        0.10;kg ;        0.60;        6.00;'8690529507641';KOZMETIKA;        0.00;        0.00
DALAN GLYCERIN SAPUN MASLINA 100g       ;364325    ;DALAN          ;        0.10;kg ;        0.66;        6.60;'8690529524761';KOZMETIKA;        0.00;        0.00
PALMOLIVE SAPUN THERMAL90G              ;368662    ;PALMOLIVE      ;        0.09;kg ;        0.00;       12.11;'8693495033176';KOZMETIKA;        1.49;        1.09
DALAN SAPUN FRUIT GARDEN 100g           ;372380    ;DALAN          ;        0.10;kg ;        0.60;        6.00;'8690529507658';KOZMETIKA;        0.00;        0.00
DALAN SAPUN PEARL IN OCEAN 100g         ;372389    ;DALAN          ;        0.10;kg ;        0.60;        6.00;'8690529507634';KOZMETIKA;        0.00;        0.00
HANDY PASTA ZA RUKE 500g                ;373734    ;HANDY          ;        0.50;kg ;        1.19;        2.38;'3831001902089';KOZMETIKA;        0.00;        0.00
PALMOLIVE SAPUN KAMILE&VITAMIN 90g      ;381490    ;PALMOLIVE      ;        0.09;kg ;        0.00;       12.11;'8693495033770';KOZMETIKA;        1.49;        1.09
PALMOLIVE SAPUN ALOE&OLIVE 90g          ;381532    ;PALMOLIVE      ;        0.09;kg ;        0.00;       12.11;'8693495033985';KOZMETIKA;        1.49;        1.09
PRENS TS 1L MED&MLIJEKO**               ;391272    ;PRENS          ;        1.00;L  ;        1.79;        1.79;'8691959414639';KOZMETIKA;        0.00;        0.00
PRENS TS 1L FRESH**                     ;391273    ;PRENS          ;        1.00;L  ;        1.79;        1.79;'8691959414158';KOZMETIKA;        0.00;        0.00
SENZATE TS ZUMBUL 500mL                 ;406118    ;SENZATE        ;        0.50;L  ;        1.59;        3.18;'5949067502636';KOZMETIKA;        0.00;        0.00
PALMOLIVE SAPUN ALMOND 90g              ;412729    ;PALMOLIVE      ;        0.09;kg ;        0.00;       12.11;'8714789700052';KOZMETIKA;        1.49;        1.09
SENZATE TS JORGOVAN 1L                  ;441598    ;SENZATE        ;        1.00;L  ;        2.39;        2.39;'5949067503596';KOZMETIKA;        0.00;        0.00
SENZATE TS ZUMBUL 1L                    ;441599    ;SENZATE        ;        1.00;L  ;        2.39;        2.39;'5949067503602';KOZMETIKA;        0.00;        0.00
SENZATE TS JORGOVAN 500mL               ;446462    ;SENZATE        ;        0.50;L  ;        1.59;        3.18;'5949067502629';KOZMETIKA;        0.00;        0.00
NIVEA SAPUN CREME 100g                  ;452198    ;NIVEA          ;        0.10;kg ;        1.59;       15.90;'4005900217936';KOZMETIKA;        0.00;        0.00
AFRODITA TS GREEN VITAL 1L              ;48280     ;AFRODITA       ;        1.00;L  ;        5.99;        5.99;'3830001292145';KOZMETIKA;        0.00;        0.00
AFRODITA TS ARGAN 300mL                 ;502275    ;AFRODITA       ;        0.30;L  ;        3.59;       11.97;'3831070651642';KOZMETIKA;        0.00;        0.00
BISER TEK.SAPUN MED&MLIJEKO 1L**        ;512288    ;BISER          ;        1.00;L  ;        3.99;        3.99;'3850376487632';KOZMETIKA;        0.00;        0.00
AFRODITA TS JASMIN&MAGNOLIA 300mL       ;521492    ;AFRODITA       ;        0.30;L  ;        3.59;       11.97;'3831070652267';KOZMETIKA;        0.00;        0.00
GENERA TS PUMP.NEUTRO 1L                ;52337     ;GENERA         ;        1.00;L  ;        3.29;        3.29;'8003693400463';KOZMETIKA;        0.00;        0.00
GENERA TS PUNJ.NEUTRO 1L                ;52349     ;GENERA         ;        1.00;L  ;        2.79;        2.79;'8003693400470';KOZMETIKA;        0.00;        0.00
AFRODITA TS VANILIJA 1L                 ;539497    ;AFRODITA       ;        1.00;L  ;        5.99;        5.99;'3831070651208';KOZMETIKA;        0.00;        0.00
NIVEA TS 250mL CREAM SOFT               ;547696    ;NIVEA          ;        0.25;L  ;        4.29;       17.16;'9005800222813';KOZMETIKA;        0.00;        0.00
FRESH LINE TS 1L ANTIBAKT               ;565468    ;FRESH LINE     ;        1.00;L  ;        2.59;        2.59;'3859892023881';KOZMETIKA;        0.00;        0.00
FRESH LINE TS 1L BRESKVA                ;565470    ;FRESH LINE     ;        1.00;L  ;        1.85;        1.85;'3859892023720';KOZMETIKA;        0.00;        0.00
FRESH LINE TS 1L MED&MLIJEKO            ;565472    ;FRESH LINE     ;        1.00;L  ;        2.59;        2.59;'3859892023706';KOZMETIKA;        0.00;        0.00
FRESH LINE TS 1L SILKY SHINE            ;565473    ;FRESH LINE     ;        1.00;L  ;        2.59;        2.59;'3859892023232';KOZMETIKA;        0.00;        0.00
FRESH LINE TS 5L ANTIBAKT               ;565728    ;FRESH LINE     ;        5.00;L  ;        8.29;        1.66;'3859892023003';KOZMETIKA;        0.00;        0.00
FRESH LINE TS 5L MED&MLIJEKO            ;565729    ;FRESH LINE     ;        5.00;L  ;        8.29;        1.66;'3859892023867';KOZMETIKA;        0.00;        0.00
NIVEA TS CREME SOFT REFILL 500mL        ;571002    ;NIVEA          ;        0.50;L  ;        5.29;       10.58;'4005808807017';KOZMETIKA;        0.00;        0.00
SOFT&GENTLE TS VOÆNA ÈAR.500mL          ;571073    ;SOFT&GENTLE    ;        0.50;L  ;        0.00;        2.78;'4009737209775';KOZMETIKA;        1.89;        1.39
BISER TS ANTIBAKT.CLASSIC 1L**          ;584494    ;BISER          ;        1.00;L  ;        0.00;        2.49;'3850376489933';KOZMETIKA;        4.89;        2.49
FRESH LINE TS 500mL MED I MLIJEKO       ;587325    ;FRESH LINE     ;        0.50;L  ;        2.49;        4.98;'3859892023713';KOZMETIKA;        0.00;        0.00
FRESH LINE TS 500mL BRESKVA             ;588077    ;FRESH LINE     ;        0.50;L  ;        1.79;        3.58;'3859892023737';KOZMETIKA;        0.00;        0.00
PALMOLIVE TS 300mL MED-MLIJEKO          ;60914     ;PALMOLIVE      ;        0.30;L  ;        3.49;       11.63;'8003520013026';KOZMETIKA;        0.00;        0.00
LAHOR SAPUN ANTIBAKTER.80g              ;611804    ;LAHOR          ;        0.08;kg ;        0.00;       11.13;'3850105177223';KOZMETIKA;        1.25;        0.89
LAHOR SAPUN AQUA 80g                    ;612306    ;LAHOR          ;        0.08;kg ;        0.00;       11.13;'3850105177193';KOZMETIKA;        1.25;        0.89
LAHOR SAPUN WILD ROSE 80g               ;612307    ;LAHOR          ;        0.08;kg ;        0.00;       11.13;'3850105176929';KOZMETIKA;        1.25;        0.89
LAHOR SAPUN AROMA 80g                   ;612378    ;LAHOR          ;        0.08;kg ;        0.00;       11.13;'3850105177162';KOZMETIKA;        1.25;        0.89
LAHOR SAPUN SENSITIVE 80g               ;612443    ;LAHOR          ;        0.08;kg ;        0.00;       11.13;'3850105176950';KOZMETIKA;        1.25;        0.89
LAHOR SAPUN ORCHID&ALMOND 80g           ;612586    ;LAHOR          ;        0.08;kg ;        0.00;       11.13;'3850105177018';KOZMETIKA;        1.25;        0.89
LAHOR SAPUN NATURAL 80g                 ;612863    ;LAHOR          ;        0.08;kg ;        0.00;       11.13;'3850105177049';KOZMETIKA;        1.25;        0.89
HERBALIS TS FRESH 400mL                 ;617446    ;HERBALIS       ;        0.40;L  ;        2.39;        5.98;'3870128031210';KOZMETIKA;        0.00;        0.00
HERBALIS TS PARADISE 400mL**            ;617449    ;HERBALIS       ;        0.40;L  ;        0.00;        3.23;'3870128031180';KOZMETIKA;        1.79;        1.29
DALAN SAPUN FAMILY LILAC ROSE 5X75g     ;619621    ;DALAN          ;        0.38;kg ;        1.89;        5.04;'8690529525607';KOZMETIKA;        0.00;        0.00
L ANGELICA TS REFIL REVITAL 1L          ;620922    ;L'ANGELICA     ;        1.00;L  ;        2.99;        2.99;'8017331077030';KOZMETIKA;        0.00;        0.00
DOVE SAPUN BEAUTY CREAM 90g             ;625589    ;DOVE           ;        0.09;kg ;        0.00;       17.67;'8720182264664';KOZMETIKA;        2.05;        1.59
DOVE SAPUN CREAM OIL 90g                ;625590    ;DOVE           ;        0.09;kg ;        0.00;       17.67;'8720182258397';KOZMETIKA;        2.05;        1.59
DOVE SAPUN PINK 90g                     ;625614    ;DOVE           ;        0.09;kg ;        0.00;       17.67;'8720182259813';KOZMETIKA;        2.05;        1.59
DOVE SAPUN COCONUT MILK 90g             ;625616    ;DOVE           ;        0.09;kg ;        0.00;       17.67;'8720182258137';KOZMETIKA;        2.05;        1.59
AFRODITA TS 300 GROŽÐE                  ;628045    ;AFRODITA       ;        0.30;L  ;        3.59;       11.97;'3831070650607';KOZMETIKA;        0.00;        0.00
L ANGELICA TS REFIL PURIFYING 1L        ;628090    ;L'ANGELICA     ;        1.00;L  ;        2.99;        2.99;'8017331077016';KOZMETIKA;        0.00;        0.00
GENERA TS PUNJ.MUSCIO 1L                ;634885    ;GENERA         ;        1.00;L  ;        2.79;        2.79;'8003693401897';KOZMETIKA;        0.00;        0.00
PALMOLIVE TS 500mL OLIVE                ;639479    ;PALMOLIVE      ;        0.50;L  ;        3.99;        7.98;'8003520039545';KOZMETIKA;        0.00;        0.00
PALMOLIVE TS 500mL ALMOND               ;639539    ;PALMOLIVE      ;        0.50;L  ;        3.99;        7.98;'8003520029133';KOZMETIKA;        0.00;        0.00
MALIZIA SAPUN WHITEFL&JASMIN 90g        ;640691    ;MALIZIA        ;        0.09;kg ;        0.95;       10.56;'8003510023837';KOZMETIKA;        0.00;        0.00
MALIZIA SAPUN BADEM&VANILIJA 90g        ;640692    ;MALIZIA        ;        0.09;kg ;        0.95;       10.56;'8003510023844';KOZMETIKA;        0.00;        0.00
NICE TS 1L MED&MLIJEKO                  ;647079    ;NICE           ;        1.00;L  ;        1.79;        1.79;'8606107036434';KOZMETIKA;        0.00;        0.00
DOVE SAPUN BEAUTY CREAM 4X90g           ;651788    ;DOVE           ;        0.36;kg ;        6.85;       19.03;'8720181481529';KOZMETIKA;        0.00;        0.00
DOVE SAPUN BEAUTY CREAM 2X90g           ;651789    ;DOVE           ;        0.18;kg ;        3.65;       20.28;'8720181481239';KOZMETIKA;        0.00;        0.00
DALAN SAPUN MASLINA 5X70g               ;654030    ;DALAN          ;        0.35;L  ;        2.49;        7.11;'8690529519156';KOZMETIKA;        0.00;        0.00
PIERRE CARDIN TS 480mL DEEP OCEAN       ;655817    ;PIERRE CARDIN  ;        0.48;L  ;        2.99;        6.23;'8680570693110';KOZMETIKA;        0.00;        0.00
PIERRE CARDIN TS 480mL SILK CARE        ;655818    ;PIERRE CARDIN  ;        0.48;L  ;        2.99;        6.23;'8680570693257';KOZMETIKA;        0.00;        0.00
F&C TS ANTIBAKT.ZELENI ÈAJ 1L           ;657328    ;FRESH&CLEAN    ;        1.00;L  ;        1.69;        1.69;'8002340017931';KOZMETIKA;        0.00;        0.00
PRENS TS 5L MED&MLIJEKO                 ;657538    ;PRENS          ;        5.00;L  ;        0.00;        0.80;'3858894230785';KOZMETIKA;        5.50;        3.99
PRENS TS 1L OCEAN                       ;657540    ;PRENS          ;        1.00;L  ;        1.79;        1.79;'3858894230761';KOZMETIKA;        0.00;        0.00
PRENS TS 1L MED&MLIJEKO                 ;657541    ;PRENS          ;        1.00;L  ;        1.79;        1.79;'3858894230754';KOZMETIKA;        0.00;        0.00
PRENS TS 1L RUŽA                        ;657542    ;PRENS          ;        1.00;L  ;        1.79;        1.79;'3858894230778';KOZMETIKA;        0.00;        0.00
PRENS TS 500mL OCEAN                    ;657543    ;PRENS          ;        0.50;L  ;        1.49;        2.98;'3858894230747';KOZMETIKA;        0.00;        0.00
PRENS TS 500mL MED&MLIJEKO              ;657544    ;PRENS          ;        0.50;L  ;        1.49;        2.98;'3858894230730';KOZMETIKA;        0.00;        0.00
PRENS TS 500mL RUŽA                     ;657545    ;PRENS          ;        0.50;L  ;        1.49;        2.98;'3858894230723';KOZMETIKA;        0.00;        0.00
MAGE SAPUN PRIRODNI KOLAGEN 100g        ;658154    ;MAGE           ;        0.10;kg ;        2.49;       24.90;'8684097030205';KOZMETIKA;        0.00;        0.00
MAGE SAPUN PRIRODNI JASMIN 100g         ;658155    ;MAGE           ;        0.10;kg ;        2.49;       24.90;'8684097030069';KOZMETIKA;        0.00;        0.00
MAGE SAPUN PRIRODNI MAGAR.MLIJEKO 100g  ;658156    ;MAGE           ;        0.10;kg ;        2.49;       24.90;'8684097030007';KOZMETIKA;        0.00;        0.00
MAGE SAPUN PRIRODNI NEVEN 120g          ;658157    ;MAGE           ;        0.12;kg ;        2.99;       24.92;'8684097030885';KOZMETIKA;        0.00;        0.00
MAGE SAPUN PRIRODNI PARFUMIRANI W 100g  ;658158    ;MAGE           ;        0.10;kg ;        2.99;       29.90;'8684097030823';KOZMETIKA;        0.00;        0.00
DOVE SAPUN DRAGONFRUIT 90g              ;658347    ;DOVE           ;        0.00;   ;        0.00;        0.00;'8720181717598';KOZMETIKA;        2.05;        1.59
DOVE TS 250mL BEAUTY CREAM              ;69786     ;DOVE           ;        0.25;L  ;        0.00;       10.76;'4000388177000';KOZMETIKA;        3.49;        2.69
PALMOLIVE TS 300mL AQUARIUM             ;79895     ;PALMOLIVE      ;        0.30;L  ;        3.49;       11.63;'8003520013040';KOZMETIKA;        0.00;        0.00
PALMOLIVE SG BADEM 250mL                ;13335     ;PALMOLIVE      ;        0.25;L  ;        2.99;       11.96;'5997530171322';KOZMETIKA;        0.00;        0.00
GENERA INTIMNI SAPUN KAMILICA 300mL     ;140809    ;GENERA         ;        0.30;L  ;        2.49;        8.30;'8003693400678';KOZMETIKA;        0.00;        0.00
GENERA TUŠ KUPKA MUSCHINO BIANCO 1L     ;152566    ;GENERA         ;        1.00;L  ;        2.49;        2.49;'8003693401811';KOZMETIKA;        0.00;        0.00
FA SG 250mL C&O CACAO BUTTER            ;266261    ;FA             ;        0.25;L  ;        2.79;       11.16;'9000100504287';KOZMETIKA;        0.00;        0.00
AFRODITA SG 1L ROSE                     ;286455    ;AFRODITA       ;        1.00;L  ;        5.99;        5.99;'3830001291360';KOZMETIKA;        0.00;        0.00
FA SG 250mL MYSTIC MOMENTS              ;324661    ;FA             ;        0.25;L  ;        2.79;       11.16;'9000100634007';KOZMETIKA;        0.00;        0.00
AMSTER SG MED I MLIJEKO 1L              ;344435    ;AMSTER         ;        1.00;L  ;        1.99;        1.99;'3859888102286';KOZMETIKA;        0.00;        0.00
AMSTER SG ALMOND MILK 1L                ;344438    ;AMSTER         ;        1.00;L  ;        1.99;        1.99;'3859888102965';KOZMETIKA;        0.00;        0.00
AMSTER SG ROSE 1L                       ;344439    ;AMSTER         ;        1.00;L  ;        1.99;        1.99;'3859888102750';KOZMETIKA;        0.00;        0.00
PALMOLIVE SG ORHIDEA 250mL              ;369547    ;PALMOLIVE      ;        0.25;L  ;        2.99;       11.96;'8714789732947';KOZMETIKA;        0.00;        0.00
PALMOLIVE SG COCO 250mL                 ;369989    ;PALMOLIVE      ;        0.25;L  ;        2.99;       11.96;'8714789732923';KOZMETIKA;        0.00;        0.00
AFRODITA SG JOJ.OIL 250mL               ;392884    ;AFRODITA       ;        0.25;L  ;        2.99;       11.96;'3831070650126';KOZMETIKA;        0.00;        0.00
PAPATYA SG BADEM I KAŠMIR 300mL**       ;398875    ;PAPATYA        ;        0.30;L  ;        0.00;        2.63;'8691959411065';KOZMETIKA;        1.59;        0.79
PALMOLIVE PJENA 500mL COCO              ;423586    ;PALMOLIVE      ;        0.50;L  ;        5.19;       10.38;'8714789943893';KOZMETIKA;        0.00;        0.00
FA SG 250mL PINK JASMIN                 ;435541    ;FA             ;        0.25;L  ;        2.79;       11.16;'9000100935449';KOZMETIKA;        0.00;        0.00
GENERA INTIMNI SAPUN ALOE I NEVEN 300mL ;443974    ;GENERA         ;        0.30;L  ;        2.49;        8.30;'8003693401910';KOZMETIKA;        0.00;        0.00
PALMOLIVE PJENA 500mL OLIVE             ;446347    ;PALMOLIVE      ;        0.50;L  ;        5.19;       10.38;'8714789733166';KOZMETIKA;        0.00;        0.00
AFRODITA SG MYSTIC ARGAN 250mL          ;447505    ;AFRODITA       ;        0.25;L  ;        2.99;       11.96;'3831070651024';KOZMETIKA;        0.00;        0.00
PALMOLIVE PJENA 500mL MILK&HONEY        ;447926    ;PALMOLIVE      ;        0.50;L  ;        5.19;       10.38;'8714789733159';KOZMETIKA;        0.00;        0.00
LACTOVIT SG ORGINAL 300mL               ;501437    ;LACTOVIT       ;        0.30;L  ;        0.00;        6.63;'8595059740257';KOZMETIKA;        2.79;        1.99
FA SG 250mL COCONUT MILK                ;505576    ;FA             ;        0.25;L  ;        2.79;       11.16;'9000101009859';KOZMETIKA;        0.00;        0.00
NIVEA 500mL SG SMOOTH W                 ;517706    ;NIVEA          ;        0.50;L  ;        6.89;       13.78;'9005800243788';KOZMETIKA;        0.00;        0.00
PALMOLIVE SG MILK&PROTEIN 250mL         ;52728     ;PALMOLIVE      ;        0.25;L  ;        2.99;       11.96;'5996175232290';KOZMETIKA;        0.00;        0.00
NIVEA 250mL SG CREAM SOFT W             ;532098    ;NIVEA          ;        0.25;L  ;        2.99;       11.96;'9005800222882';KOZMETIKA;        0.00;        0.00
FA SG 250mL DIVINE MOMENTS              ;537265    ;FA             ;        0.25;L  ;        2.79;       11.16;'9000101054897';KOZMETIKA;        0.00;        0.00
FA SG 400mL PINK JASMIN                 ;538552    ;FA             ;        0.40;L  ;        0.00;        6.48;'9000100935531';KOZMETIKA;        3.99;        2.59
NIVEA 250mL SG CARE&CASMERE W           ;543911    ;NIVEA          ;        0.25;L  ;        2.99;       11.96;'9005800222950';KOZMETIKA;        0.00;        0.00
NIVEA 500mL SG CREAM CARE W             ;543978    ;NIVEA          ;        0.50;L  ;        6.89;       13.78;'9005800282497';KOZMETIKA;        0.00;        0.00
NIVEA 250mL SG CREAM CARE W             ;548326    ;NIVEA          ;        0.25;L  ;        2.99;       11.96;'9005800223025';KOZMETIKA;        0.00;        0.00
NIVEA 500mL SG CREAM&DIAMONDS W         ;548327    ;NIVEA          ;        0.50;L  ;        6.89;       13.78;'9005800282480';KOZMETIKA;        0.00;        0.00
NIVEA 250mL SG CARE&DIAMONDS W          ;548328    ;NIVEA          ;        0.25;L  ;        2.99;       11.96;'9005800222868';KOZMETIKA;        0.00;        0.00
FA SG 250mL FUJI DREAM                  ;548454    ;FA             ;        0.25;L  ;        2.79;       11.16;'9000101092004';KOZMETIKA;        0.00;        0.00
NIVEA 250mL SG CREME SENSITIVE W**      ;551098    ;NIVEA          ;        0.25;L  ;        2.99;       11.96;'9005800222899';KOZMETIKA;        0.00;        0.00
NIVEA 250mL SG CARE& ROSES W            ;551807    ;NIVEA          ;        0.25;L  ;        2.99;       11.96;'9005800222936';KOZMETIKA;        0.00;        0.00
NIVEA 250mL SG CREAM COCONUT W          ;552039    ;NIVEA          ;        0.25;L  ;        2.99;       11.96;'9005800223018';KOZMETIKA;        0.00;        0.00
NIVEA 500mL SG CREME&SOFT W             ;552474    ;NIVEA          ;        0.50;L  ;        6.89;       13.78;'9005800282503';KOZMETIKA;        0.00;        0.00
S&G SHOWER GEL MLIJEKO/MED 300mL        ;552662    ;SOFT&GENTLE    ;        0.30;L  ;        1.46;        4.87;'4009737209980';KOZMETIKA;        0.00;        0.00
S&G SHOWER GEL SENZITIV 300mL           ;552663    ;SOFT&GENTLE    ;        0.30;L  ;        1.46;        4.87;'4009737209973';KOZMETIKA;        0.00;        0.00
SOL ZA KUPANJE ARNIKA 600g              ;552665    ;HERBAMEDICUS   ;        0.60;kg ;        0.00;        3.82;'4009737307044';KOZMETIKA;        2.92;        2.29
ORHIDEE LOSION ZA INTIM.PRANJE 300mL    ;552667    ;ORHIDEE        ;        0.30;L  ;        2.39;        7.97;'4051089878024';KOZMETIKA;        0.00;        0.00
AFRODITA SG CRV.GROŽÐE 250mL            ;563270    ;AFRODITA       ;        0.25;L  ;        2.99;       11.96;'3831070652199';KOZMETIKA;        0.00;        0.00
SOFT&GENTLE PJENA VOÆNA ÆAROLIJA 1L     ;563590    ;SOFT&GENTLE    ;        1.00;L  ;        2.19;        2.19;'4009737209836';KOZMETIKA;        0.00;        0.00
SOFT&GENTLE PJENA MORSKI LAHOR 1L       ;563591    ;SOFT&GENTLE    ;        1.00;L  ;        2.19;        2.19;'4009737209843';KOZMETIKA;        0.00;        0.00
FRESH LINE SG 1L ALOE VERA              ;566705    ;FRESH LINE     ;        1.00;L  ;        2.49;        2.49;'3859892023485';KOZMETIKA;        0.00;        0.00
NIVEA 250mL SG CREME ALOE W             ;574077    ;NIVEA          ;        0.25;L  ;        2.99;       11.96;'9005800317045';KOZMETIKA;        0.00;        0.00
PALMOLIVE PJENA 500mL SENSITIVE         ;575075    ;PALMOLIVE      ;        0.50;L  ;        5.19;       10.38;'8718951259119';KOZMETIKA;        0.00;        0.00
FA SG 400mL FUJI DREAM                  ;575376    ;FA             ;        0.40;L  ;        0.00;        6.48;'9000101091458';KOZMETIKA;        3.99;        2.59
PALMOLIVE SG OLIVE 250mL                ;575458    ;PALMOLIVE      ;        0.25;L  ;        2.99;       11.96;'5996175230975';KOZMETIKA;        0.00;        0.00
PALMOLIVE PJENA 500mL ORCHID            ;576152    ;PALMOLIVE      ;        0.50;L  ;        5.19;       10.38;'8714789733180';KOZMETIKA;        0.00;        0.00
FRESH&CLEAN INTIMNE MARAMICE 20/1       ;57813     ;FRESH&CLEAN    ;       20.00;KOM;        0.00;        0.07;'8002340005341';KOZMETIKA;        2.12;        1.49
OLIVAL INTIMO SAPUN ANTIBAK.250mL**     ;587854    ;OLIVAL         ;        0.25;L  ;        0.00;        8.76;'3858892693117';KOZMETIKA;        4.99;        2.19
MED PH NEUT.ZA PRANJE TIJELA 500mL      ;600785    ;MED            ;        0.50;L  ;        1.99;        3.98;'4051089815036';KOZMETIKA;        0.00;        0.00
HERBAMEDICUS BILJNA KUPKA MELISA 500mL  ;600792    ;HERBAMEDICUS   ;        0.50;L  ;        2.25;        4.50;'4009737004653';KOZMETIKA;        0.00;        0.00
NIVEA 250mL SG SHEA BUTTER              ;604888    ;NIVEA          ;        0.25;L  ;        2.99;       11.96;'9005800343648';KOZMETIKA;        0.00;        0.00
L ANGELICA SG MACADAMIA 500mL           ;604890    ;L'ANGELICA     ;        0.50;L  ;        2.99;        5.98;'8017331077085';KOZMETIKA;        0.00;        0.00
L ANGELICA SG SOFT 500mL                ;605923    ;L'ANGELICA     ;        0.50;L  ;        2.99;        5.98;'8017331077061';KOZMETIKA;        0.00;        0.00
AFRODITA SG 1L MED&MLIJEKO              ;606292    ;AFRODITA       ;        1.00;L  ;        5.99;        5.99;'3831070658054';KOZMETIKA;        0.00;        0.00
AFRODITA SG IMMORTELLE 250mL            ;607571    ;AFRODITA       ;        0.25;L  ;        2.99;       11.96;'3831070657323';KOZMETIKA;        0.00;        0.00
AFRODITA SG EXTRA SENS 250mL            ;607572    ;AFRODITA       ;        0.25;L  ;        2.99;       11.96;'3831070657309';KOZMETIKA;        0.00;        0.00
L ANGELICA SG MLIJEKO ARGAN 500mL       ;607637    ;L'ANGELICA     ;        0.50;L  ;        2.99;        5.98;'8017331077122';KOZMETIKA;        0.00;        0.00
L ANGELICA SG KURKUMA 500mL             ;609102    ;L'ANGELICA     ;        0.50;L  ;        2.99;        5.98;'8017331076811';KOZMETIKA;        0.00;        0.00
PRENS SG 300mL MED&MLIJEKO              ;609927    ;PRENS          ;        0.30;L  ;        1.59;        5.30;'3859891281923';KOZMETIKA;        0.00;        0.00
L ANGELICA SG ŽITARICE 500mL            ;610195    ;L'ANGELICA     ;        0.50;L  ;        2.99;        5.98;'8017331077108';KOZMETIKA;        0.00;        0.00
L ANGELICA SG BAZGA ANIS 500mL          ;610196    ;L'ANGELICA     ;        0.50;L  ;        2.99;        5.98;'8017331076897';KOZMETIKA;        0.00;        0.00
FA SG 400mL DIVINE MOMENTS              ;610782    ;FA             ;        0.40;L  ;        0.00;        6.48;'9000101054941';KOZMETIKA;        3.99;        2.59
L ANGELICA SPUŽVICA ZA KUPANJE          ;613815    ;L'ANGELICA     ;        1.00;KOM;        0.00;        0.99;'8017331079188';KOZMETIKA;        1.33;        0.99
MELEM SG DRAG.ULJA 250mL                ;615420    ;MELEM          ;        0.25;L  ;        2.99;       11.96;'3856007909276';KOZMETIKA;        0.00;        0.00
NIVEA 250mL SG CREME PROTECT            ;617056    ;NIVEA          ;        0.25;L  ;        2.99;       11.96;'9005800355719';KOZMETIKA;        0.00;        0.00
FRESH INTIMNE MARAMICE 20/1             ;618228    ;FRESH          ;       20.00;KOM;        0.00;        0.03;'8606108984529';KOZMETIKA;        1.19;        0.69
JM SG W SO 200mL                        ;618461    ;JEAN MARC      ;        0.20;L  ;        0.00;        3.95;'5908241795622';KOZMETIKA;        1.49;        0.79
JM SG W PRETTY LADY 200mL               ;618462    ;JEAN MARC      ;        0.20;L  ;        0.00;        3.95;'5908241795646';KOZMETIKA;        1.49;        0.79
L ANGELICA SG LINFA NEUTR.500mL         ;620923    ;L'ANGELICA     ;        0.50;L  ;        2.99;        5.98;'8017331077450';KOZMETIKA;        0.00;        0.00
NIVEA INTIMO LOSION MILD 250mL          ;624731    ;NIVEA          ;        0.25;L  ;        0.00;       19.16;'9005800354545';KOZMETIKA;        6.69;        4.79
FA PJENA 750mL JOGURT VANILIJA MED      ;626032    ;FA             ;        0.75;L  ;        5.99;        7.99;'9000101263916';KOZMETIKA;        0.00;        0.00
FA PJENA 750mL C&O CACAO                ;626033    ;FA             ;        0.75;L  ;        5.99;        7.99;'5201143728980';KOZMETIKA;        0.00;        0.00
FA PJENA 750mL MYSTIC MOMENTS           ;626034    ;FA             ;        0.75;L  ;        5.99;        7.99;'5201143729024';KOZMETIKA;        0.00;        0.00
FA PJENA 750mL PINK JASMINE             ;626036    ;FA             ;        0.75;L  ;        5.99;        7.99;'9000101010336';KOZMETIKA;        0.00;        0.00
NIVEA INTIMO LOSION SENSITIVE 250mL     ;626075    ;NIVEA          ;        0.25;L  ;        0.00;       19.16;'9005800354538';KOZMETIKA;        6.69;        4.79
AFRODITA SG FROZEN DREAM 250mL          ;628040    ;AFRODITA       ;        0.25;L  ;        2.99;       11.96;'3831070659983';KOZMETIKA;        0.00;        0.00
AFRODITA SG GOLDEN BLISS 250mL          ;628042    ;AFRODITA       ;        0.25;L  ;        2.99;       11.96;'3831070659990';KOZMETIKA;        0.00;        0.00
LACTOVIT SG 600mL LACTOUREA             ;628535    ;LACTOVIT       ;        0.60;L  ;        4.29;        7.15;'8411135351721';KOZMETIKA;        0.00;        0.00
FA SG 400mL MOMENTS MYSTIC MOMENTS      ;632524    ;FA             ;        0.40;L  ;        0.00;        6.48;'9000101704457';KOZMETIKA;        3.99;        2.59
FA SG 400mL COCONUT MILK CEE            ;632525    ;FA             ;        0.40;L  ;        0.00;        6.48;'9000101009576';KOZMETIKA;        3.99;        2.59
BIOBAZA SG W FLOWER 400mL 3U1           ;636265    ;BIOBAZA        ;        0.40;L  ;        5.45;       13.63;'3856020908324';KOZMETIKA;        0.00;        0.00
FA SG 250mL PINK PASSION                ;638559    ;FA             ;        0.25;L  ;        2.79;       11.16;'9000101698527';KOZMETIKA;        0.00;        0.00
NICE DAY SG/KUPKA 500mL KUPINA&MOŠUS    ;638887    ;NICE DAY       ;        0.50;L  ;        1.49;        2.98;'8600101578075';KOZMETIKA;        0.00;        0.00
NICE DAY SG/KUPKA BISERI MORA 500mL     ;639058    ;NICE DAY       ;        0.50;L  ;        1.49;        2.98;'8600101578297';KOZMETIKA;        0.00;        0.00
AFRODITA INTIMO PROBIOTIK 200mL         ;641299    ;AFRODITA       ;        0.20;L  ;        5.99;       29.95;'3831070661870';KOZMETIKA;        0.00;        0.00
AFRODITA INTIMO EXTRA SEN.200mL         ;641610    ;AFRODITA       ;        0.20;L  ;        5.99;       29.95;'3831070661863';KOZMETIKA;        0.00;        0.00
FA SG 250mL PASSION FRUIT               ;641769    ;FA             ;        0.25;L  ;        2.79;       11.16;'9000101726510';KOZMETIKA;        0.00;        0.00
FA SG 400mL PASSION FRUIT               ;641770    ;FA             ;        0.40;L  ;        0.00;        6.48;'9000101726817';KOZMETIKA;        3.99;        2.59
FA SG DUO 400X2 PINK JASMIN*            ;641839    ;FA             ;        0.80;L  ;        6.99;        8.74;'3838824432953';KOZMETIKA;        0.00;        0.00
FA SG DUO 400mLX2 MYSTIC MOMENTS*       ;641840    ;FA             ;        0.80;L  ;        6.99;        8.74;'3838824432915';KOZMETIKA;        0.00;        0.00
BIOBAZA SG W SILKY COMFOT 400mL 3U1     ;642279    ;BIOBAZA        ;        0.40;L  ;        5.45;       13.63;'3856020908300';KOZMETIKA;        0.00;        0.00
J S SG 400mL SHEA MASLAC ZA ODRASLE     ;644065    ;J'S            ;        0.40;L  ;        4.49;       11.23;'3574661543888';KOZMETIKA;        0.00;        0.00
J S SG 400mL NAR ZA ODRASLE             ;644066    ;J'S            ;        0.40;L  ;        4.49;       11.23;'3574661093956';KOZMETIKA;        0.00;        0.00
J S SG 400mL MED JOGURT ZA ODRASLE      ;644067    ;J'S            ;        0.40;L  ;        4.49;       11.23;'3574661385730';KOZMETIKA;        0.00;        0.00
DOVE SG W 250mL FRESH CARE              ;646275    ;DOVE           ;        0.25;L  ;        2.99;       11.96;'8720181471759';KOZMETIKA;        0.00;        0.00
DOVE SG W 250mL HYDRATE                 ;646276    ;DOVE           ;        0.25;L  ;        2.99;       11.96;'8720181466489';KOZMETIKA;        0.00;        0.00
DOVE SG W 250mL PETAL SOFT              ;646277    ;DOVE           ;        0.25;L  ;        2.99;       11.96;'8720181471568';KOZMETIKA;        0.00;        0.00
DOVE SG W 450mL PETAL SOFT XXL          ;646278    ;DOVE           ;        0.45;L  ;        5.99;       13.31;'8720181471599';KOZMETIKA;        0.00;        0.00
DOVE SG W 250mL SILKY VELVET            ;646279    ;DOVE           ;        0.25;L  ;        2.99;       11.96;'8720181468513';KOZMETIKA;        0.00;        0.00
DOVE SG W 450mL SILKY VELVET XXL        ;646280    ;DOVE           ;        0.45;L  ;        5.99;       13.31;'8720181468438';KOZMETIKA;        0.00;        0.00
DOVE SG W 450mL HYDRATE XXL             ;646281    ;DOVE           ;        0.45;L  ;        5.99;       13.31;'8720181466502';KOZMETIKA;        0.00;        0.00
BIONSEN SG KICHO 650mL                  ;651762    ;BIONSEN        ;        0.65;L  ;        3.25;        5.00;'8017331098370';KOZMETIKA;        0.00;        0.00
BIONSEN SG MINERAL 650mL                ;651763    ;AURORA KOZMETIKA D.O.O.;        0.65;L  ;        3.25;        5.00;'8017331098356';KOZMETIKA;        0.00;        0.00
PRENS SG 300mL BADEM I KAŠMIR           ;653048    ;PRENS          ;        0.30;L  ;        1.59;        5.30;'8691959714111';KOZMETIKA;        0.00;        0.00
PALMOLIVE SG EXOTIC LUBENICA 500mL      ;653710    ;PALMOLIVE      ;        0.50;L  ;        2.59;        5.18;'8718951593190';KOZMETIKA;        0.00;        0.00
PALMOLIVE SG KONOPLJA I KAMILICA 500mL  ;653711    ;PALMOLIVE      ;        0.50;L  ;        2.59;        5.18;'8718951346796';KOZMETIKA;        0.00;        0.00
PALMOLIVE SG 750mL MACADAMIA*           ;654674    ;PALMOLIVE      ;        0.75;L  ;        4.99;        6.65;'8718951350137';KOZMETIKA;        0.00;        0.00
PALMOLIVE SG 750mL MILK&PROTEIN*        ;654675    ;PALMOLIVE      ;        0.75;L  ;        4.99;        6.65;'8718951543874';KOZMETIKA;        0.00;        0.00
PALMOLIVE SG SPARKLING ORCHID 500m      ;654720    ;PALMOLIVE      ;        0.50;L  ;        5.19;       10.38;'8718951658325';KOZMETIKA;        0.00;        0.00
PALMOLIVE SG SPARKLING ROSE 500mL       ;654721    ;PALMOLIVE      ;        0.50;L  ;        5.19;       10.38;'8718951658295';KOZMETIKA;        0.00;        0.00
DOVE SG HYDRATE 2X450mL                 ;656856    ;DOVE           ;        0.90;L  ;        0.00;        8.88;'3856027802632';KOZMETIKA;        9.99;        7.99
PALMOLIVE SG JASMINE 250mL              ;657511    ;PALMOLIVE      ;        0.25;L  ;        2.99;       11.96;'8718951638846';KOZMETIKA;        0.00;        0.00
NIVEA 500mL SG W RESTORE DERMA CONTROL  ;658245    ;NIVEA          ;        0.50;L  ;        6.89;       13.78;'9005800389967';KOZMETIKA;        0.00;        0.00
OLIVAL INTIMO SENSITIVE 250mL           ;658257    ;OLIVAL         ;        0.25;L  ;        5.25;       21.00;'3858892696248';KOZMETIKA;        0.00;        0.00
OLIVAL INTIMO ULTRA FRESH 250mL         ;658258    ;OLIVAL         ;        0.25;L  ;        5.25;       21.00;'3858892696101';KOZMETIKA;        0.00;        0.00
FA SG PROMO 2X250mL MYSTIC              ;663434    ;FA             ;        0.50;L  ;        2.99;        5.98;'9000101782363';KOZMETIKA;        0.00;        0.00
FA SG 2X250mL PINK JASMIN               ;663435    ;FA             ;        0.50;L  ;        2.99;        5.98;'9000101782387';KOZMETIKA;        0.00;        0.00
FA PJENA PROMO MYSTIC MOM 2X750mL       ;663479    ;FA             ;        1.50;L  ;        0.00;        4.66;'9000101782486';KOZMETIKA;        8.99;        6.99
FA PJENA PROMO SPORT 2X750mL            ;663480    ;FA             ;        1.50;L  ;        0.00;        4.66;'9000101782509';KOZMETIKA;        8.99;        6.99
L ANGELICA SG ALOE&KARITE 500m          ;689946    ;L'ANGELICA     ;        0.50;L  ;        2.99;        5.98;'8017331076798';KOZMETIKA;        0.00;        0.00
BIOBAZA SG 400mL BEES&GOATS             ;692083    ;BIOBAZA        ;        0.40;L  ;        5.49;       13.73;'3856020915872';KOZMETIKA;        0.00;        0.00
VADEMECUM JUNIOR MYLITTLE STRAW 50mL**  ;02267     ;VADEMECUM      ;        0.05;L  ;        0.00;       31.80;'3838905003126';KOZMETIKA;        1.99;        1.59
BECUTAN KUPKA 200mL**                   ;06718     ;BECUTAN        ;        0.20;L  ;        3.39;       16.95;'5310001166397';KOZMETIKA;        0.00;        0.00
BECUTAN MLIJEKO 200mL**                 ;06719     ;BECUTAN        ;        0.20;L  ;        3.39;       16.95;'5310001166403';KOZMETIKA;        0.00;        0.00
BECUTAN ULJE 200mL**                    ;06721     ;BECUTAN        ;        0.20;L  ;        3.89;       19.45;'5310001166380';KOZMETIKA;        0.00;        0.00
BECUTAN KREMA 50mL                      ;14879     ;BECUTAN        ;        0.05;L  ;        2.59;       51.80;'5310001146887';KOZMETIKA;        0.00;        0.00
BECUTAN KREMA 100mL                     ;14880     ;BECUTAN        ;        0.10;L  ;        3.99;       39.90;'5310001146894';KOZMETIKA;        0.00;        0.00
BECUTAN ŠAMPON 200mL**                  ;14881     ;BECUTAN        ;        0.20;L  ;        3.39;       16.95;'5310001166410';KOZMETIKA;        0.00;        0.00
DJEÈJA MAST 500mL**                     ;164621    ;JGL            ;        0.50;L  ;       12.99;       25.98;'3858891010090';KOZMETIKA;        0.00;        0.00
DJEÈJA MAST 50mL                        ;164848    ;JGL            ;        0.05;L  ;        2.99;       59.80;'3858891010083';KOZMETIKA;        0.00;        0.00
BECUTAN SAPUN DJEÈJI 90g                ;17840     ;BECUTAN        ;        0.09;kg ;        1.09;       12.11;'5310001138004';KOZMETIKA;        0.00;        0.00
SCHAUMA 250mL KIDS ŠAMPON ZA DJEÈAKE*   ;236697    ;SCHAUMA        ;        0.25;L  ;        0.00;        8.76;'3838824167664';KOZMETIKA;        2.69;        2.19
BECUTAN MAST ZA PELENSKO PODRUÈJE 200mL ;287096    ;BECUTAN        ;        0.20;L  ;        6.59;       32.95;'5310001204150';KOZMETIKA;        0.00;        0.00
FA KIDS SG 250mL DJEVOJÈ.               ;335908    ;FA             ;        0.25;L  ;        2.79;       11.16;'9000100662550';KOZMETIKA;        0.00;        0.00
FA KIDS SG 250mL DJEÈACI                ;335909    ;FA             ;        0.25;L  ;        2.79;       11.16;'9000100662468';KOZMETIKA;        0.00;        0.00
BECUTAN ŠAMPON I KUPKA 2U1 200mL**      ;372342    ;BECUTAN        ;        0.20;L  ;        3.39;       16.95;'5310001217747';KOZMETIKA;        0.00;        0.00
INDOR ZUBNA ÈETKICA KIDS                ;387579    ;INDOR          ;        0.00;   ;        0.80;        0.00;'3858885847428';KOZMETIKA;        0.00;        0.00
BECUTAN ŠAMPON 400mL                    ;403987    ;BECUTAN        ;        0.40;L  ;        4.99;       12.48;'5310001223403';KOZMETIKA;        0.00;        0.00
BECUTAN KUPKA ZA DJECU 400mL            ;403988    ;BECUTAN        ;        0.40;L  ;        4.99;       12.48;'5310001223342';KOZMETIKA;        0.00;        0.00
PAVLOVIÆEVA MAST 100mL                  ;405395    ;PAVLOVIÆEVA    ;        0.10;L  ;        8.19;       81.90;'8600101567468';KOZMETIKA;        0.00;        0.00
DJEÈJA MAST 150mL                       ;435341    ;JGL            ;        0.15;L  ;        7.19;       47.93;'3858891010076';KOZMETIKA;        0.00;        0.00
BECUTAN HIDRATANTNA KREMA 200mL         ;439465    ;BECUTAN        ;        0.20;L  ;        5.19;       25.95;'5310001230944';KOZMETIKA;        0.00;        0.00
GENERA BABY ŠAMPON 500mL KAMILICA       ;44610     ;GENERA         ;        0.50;L  ;        2.25;        4.50;'8003693400456';KOZMETIKA;        0.00;        0.00
DJEÈJA MAST LAVANDA 150mL               ;508857    ;JGL            ;        0.15;L  ;        6.49;       43.27;'3858891011103';KOZMETIKA;        0.00;        0.00
SOLEA BABY KREMA 60mL                   ;512033    ;SOLEA          ;        0.06;L  ;        0.00;       31.50;'7613107420027';KOZMETIKA;        2.69;        1.89
BECUTAN DJEÈJA BADEMOVA KREMA 100mL     ;526890    ;BECUTAN        ;        0.10;L  ;        4.79;       47.90;'5310001242589';KOZMETIKA;        0.00;        0.00
BECUTAN SAPUN S LAVANDOM 90g            ;527108    ;BECUTAN        ;        0.09;kg ;        1.09;       12.11;'5310001234850';KOZMETIKA;        0.00;        0.00
AFRODITA BABY ŠAMPON&KUPKA 200mL        ;553165    ;AFRODITA       ;        0.20;L  ;        4.79;       23.95;'3831070653578';KOZMETIKA;        0.00;        0.00
AFRODITA KIDS ŠAMPON&KUPKA&BALM 200mL   ;553167    ;AFRODITA       ;        0.20;L  ;        4.79;       23.95;'3831070653615';KOZMETIKA;        0.00;        0.00
AQ KIDS PASTA ADVANCE 75mL 9-12g**      ;559282    ;AQUAFRESH      ;        0.00;   ;        0.00;        0.00;'5054563045348';KOZMETIKA;        2.99;        1.49
MINNIE ŠAMPON&KUPKA 475mL               ;563856    ;LORENAY        ;        0.48;L  ;        3.99;        8.40;'8412428012510';KOZMETIKA;        0.00;        0.00
LOL ÈETKICA ZA ZUBE                     ;573478    ;LORENAY        ;        0.00;   ;        2.25;        0.00;'8412428014002';KOZMETIKA;        0.00;        0.00
LOL ŠAMPON BALZAM 400mL                 ;573489    ;LORENAY        ;        0.40;L  ;        3.99;        9.98;'8412428013999';KOZMETIKA;        0.00;        0.00
LOL PASTA ZA ZUBE 75mL                  ;573498    ;LORENAY        ;        0.08;L  ;        2.25;       30.00;'8412428014040';KOZMETIKA;        0.00;        0.00
J S BABY ULJE BEDTIME 300mL             ;573558    ;J'S            ;        0.30;L  ;        0.00;       17.57;'3574661472010';KOZMETIKA;        6.59;        5.27
J S BABY ŠAMPON BEDTIME 500mL           ;573559    ;J'S            ;        0.50;L  ;        0.00;       15.34;'3574669907514';KOZMETIKA;        9.59;        7.67
J S BABY ŠAMPON KAMILICA 300mL          ;573562    ;J'S            ;        0.30;L  ;        0.00;       18.63;'3574669907521';KOZMETIKA;        6.99;        5.59
J S BABY LOSION COTTON TOUCH 300mL      ;573566    ;J'S            ;        0.30;L  ;        0.00;       15.97;'3574661517308';KOZMETIKA;        5.99;        4.79
VADEMECUM 2U1 JUNIOR JAGODA 75mL**      ;585125    ;VADEMECUM      ;        0.08;L  ;        0.00;       31.87;'90443015';KOZMETIKA;        2.99;        2.39
NIVEA KIDS 3U1 SG BOY 500mL             ;588579    ;NIVEA          ;        0.50;L  ;        8.99;       17.98;'9005800322001';KOZMETIKA;        0.00;        0.00
NIVEA KIDS 3U1 SG GIRL 500mL            ;588580    ;NIVEA          ;        5.00;L  ;        8.99;        1.80;'9005800321998';KOZMETIKA;        0.00;        0.00
PAW PATROL ÈETKICA ZA DJEÈAKE           ;592981    ;LORENAY        ;        0.00;   ;        2.25;        0.00;'8412428011094';KOZMETIKA;        0.00;        0.00
PAW PATROL ÈETKICA ZA DJEVOJÈICE        ;592982    ;LORENAY        ;        0.00;   ;        2.25;        0.00;'8412428011100';KOZMETIKA;        0.00;        0.00
MICKEY ŠAMPON KUPKA 475mL               ;593392    ;LORENAY        ;        0.48;L  ;        3.99;        8.40;'8412428012558';KOZMETIKA;        0.00;        0.00
BATMAN ŠAMPON KUPKA 475mL               ;593393    ;LORENAY        ;        0.48;L  ;        3.99;        8.40;'8412428017638';KOZMETIKA;        0.00;        0.00
AVENGERS ŠAMPON KUPKA 475mL             ;593394    ;LORENAY        ;        0.48;L  ;        3.99;        8.40;'8412428025343';KOZMETIKA;        0.00;        0.00
J S BABY ŠAMPON KAMILICA 500mL          ;595809    ;J'S            ;        0.50;L  ;        0.00;       15.34;'3574661593180';KOZMETIKA;        9.59;        7.67
J S BABY ULJE ALOE VERA 300mL           ;596220    ;J'S            ;        0.30;L  ;        0.00;       17.57;'3574669909181';KOZMETIKA;        6.59;        5.27
J S BABY ŠAMPON BEDTIME 300mL           ;596222    ;J'S            ;        0.30;L  ;        0.00;       18.63;'3574669907644';KOZMETIKA;        6.99;        5.59
J S BABY ŠAMPON 300mL                   ;596223    ;J'S            ;        0.30;L  ;        0.00;       18.63;'3574669907538';KOZMETIKA;        6.99;        5.59
J S BABY ŠAMPON 500mL                   ;600530    ;J'S            ;        0.50;L  ;        0.00;       15.34;'3574661593197';KOZMETIKA;        9.59;        7.67
COLGATE PASTA KIDS PRINT 50mL 3-5       ;600538    ;COLGATE        ;        0.05;L  ;        2.59;       51.80;'8718951321434';KOZMETIKA;        0.00;        0.00
AMALFI BABY ŠAMPON 750mL                ;602658    ;AMALFI         ;        0.75;L  ;        2.25;        3.00;'8414227679901';KOZMETIKA;        0.00;        0.00
DJEÈJA PASTA PR.PELENSKOG OSIPA 150mL   ;608613    ;JGL            ;        0.15;L  ;        7.03;       46.87;'3858891012889';KOZMETIKA;        0.00;        0.00
LAHOR SAPUN BABY 80g                    ;611826    ;LAHOR          ;        0.08;kg ;        0.00;       11.13;'3850105177131';KOZMETIKA;        1.25;        0.89
VIOLETA BABY ŠAMPON&KUPKA 400mL 2U1     ;614573    ;VIOLETA        ;        0.40;L  ;        5.49;       13.73;'3870128030954';KOZMETIKA;        0.00;        0.00
VIOLETA BABY ŠAMPON 400mL               ;614574    ;VIOLETA        ;        0.40;L  ;        5.49;       13.73;'3870128030893';KOZMETIKA;        0.00;        0.00
PLIDENTA ÈETKICA KIDS                   ;614836    ;PLIDENTA       ;        0.00;   ;        2.49;        0.00;'3856007908729';KOZMETIKA;        0.00;        0.00
AMALFI BABY LOSION ALOE VERA 750mL      ;617361    ;AMALFI         ;        0.75;L  ;        0.00;        1.85;'8414227059840';KOZMETIKA;        1.99;        1.39
BIOBAZA DEO KIDS ACTION HERO 30mL       ;619063    ;BIOBAZA        ;        0.03;L  ;        2.75;       91.67;'3856020903152';KOZMETIKA;        0.00;        0.00
BIOBAZA DEO KIDS MAGIC GARDEN 30mL      ;619064    ;BIOBAZA        ;        0.03;L  ;        2.75;       91.67;'3856020903176';KOZMETIKA;        0.00;        0.00
BIOBAZA KIDS SG&ŠAMPON 2U1 ACTION 250mL ;619084    ;BIOBAZA        ;        0.25;L  ;        4.38;       17.52;'3856020904142';KOZMETIKA;        0.00;        0.00
BIOBAZA BABY DJ.KREMA 550mL             ;619553    ;BIOBAZA        ;        0.55;L  ;       12.99;       23.62;'3859889915847';KOZMETIKA;        0.00;        0.00
ELMEX ZUBNA PASTA KIDS 50mL             ;622028    ;ELMEX          ;        0.05;L  ;        0.00;       63.80;'8718951470644';KOZMETIKA;        3.99;        3.19
NIVEA KIDS 3U1 SG GIRL 250mL            ;624730    ;NIVEA          ;        0.25;L  ;        5.59;       22.36;'4005900677884';KOZMETIKA;        0.00;        0.00
SUDOKREM 60g                            ;625940    ;SUDOKREM       ;        0.06;kg ;        5.79;       96.50;'3850114243421';KOZMETIKA;        0.00;        0.00
BT KIDS ŠAMPON ZOB 250mL                ;626045    ;BOTANIC THERAPY;        0.25;L  ;        4.29;       17.16;'3600542510219';KOZMETIKA;        0.00;        0.00
BT KIDS ŠAMPON MARELICA 250mL           ;626092    ;BOTANIC THERAPY;        0.25;L  ;        4.29;       17.16;'3600542510202';KOZMETIKA;        0.00;        0.00
NIVEA KIDS SG BOY 3U1 250mL             ;626570    ;NIVEA          ;        0.25;L  ;        5.59;       22.36;'4005900677853';KOZMETIKA;        0.00;        0.00
SUDOKREM 125g                           ;626722    ;SUDOKREM       ;        0.13;kg ;        8.99;       71.92;'3850114243674';KOZMETIKA;        0.00;        0.00
LACALUT KIDS 2-6 PASTA 55mL             ;627927    ;LACALUT        ;        0.06;L  ;        0.00;       37.27;'4016369542286';KOZMETIKA;        3.15;        2.05
LACALUT JUNIOR 6+ PASTA 55mL            ;627928    ;LACALUT        ;        0.06;L  ;        0.00;       37.27;'4016369542293';KOZMETIKA;        3.15;        2.05
MINNIE KUTIJICA OGLEDALO+SJAJILO        ;630045    ;AMICA TRGOVINA D.O.O.;        0.00;   ;        6.99;        0.00;'8412428012619';KOZMETIKA;        0.00;        0.00
FA KIDS SG MERMAID ZA DJEVOJÈ.400mL     ;632522    ;FA             ;        0.40;L  ;        0.00;        6.48;'9000101686180';KOZMETIKA;        3.99;        2.59
FA KIDS SG PIRATE ZA DJEÈAKE 400mL      ;632523    ;FA             ;        0.40;L  ;        0.00;        6.48;'9000101686265';KOZMETIKA;        3.99;        2.59
AQ KIDS ÈETKICA BIG TEETH 6+            ;634563    ;AQUAFRESH      ;        0.00;   ;        3.79;        0.00;'5054563125439';KOZMETIKA;        0.00;        0.00
J S BABY ŠAMPON 750mL                   ;636256    ;J'S            ;        0.75;L  ;        0.00;       12.79;'3574669907781';KOZMETIKA;       11.99;        9.59
AFRODITA ŠAMPON KIDS CANDY GIRL 320mL   ;637728    ;AFRODITA       ;        0.32;L  ;        5.29;       16.53;'3831070661092';KOZMETIKA;        0.00;        0.00
AFRODITA ŠAMPON KIDS COOL BOY 320mL     ;637729    ;AFRODITA       ;        0.32;L  ;        5.29;       16.53;'3831070661108';KOZMETIKA;        0.00;        0.00
B BRITE JEDNOROG TIMER ÈETKICA          ;640351    ;ZODA D.O.O.;        0.00;   ;        4.50;        0.00;'643540760012';KOZMETIKA;        0.00;        0.00
B BRITE ÈETKICA SHARK TIMER             ;640352    ;ZODA D.O.O.;        0.00;   ;        4.50;        0.00;'643540760678';KOZMETIKA;        0.00;        0.00
B BRITE ÈETKICA ŽIVOTINJE TIMER         ;640353    ;ZODA D.O.O.;        0.00;   ;        5.00;        0.00;'643540748966';KOZMETIKA;        0.00;        0.00
J S BABY PUDER 100g                     ;643568    ;J'S            ;        0.10;kg ;        0.00;       29.20;'3574661728513';KOZMETIKA;        3.65;        2.92
SUPER MARIO ŠAMPON&KUPKA 475mL          ;644508    ;LORENAY        ;        0.48;L  ;        3.99;        8.40;'8412428018000';KOZMETIKA;        0.00;        0.00
BARBIE ŠAMPON&KUPKA 475mL               ;644524    ;LORENAY        ;        0.48;L  ;        3.99;        8.40;'8412428020447';KOZMETIKA;        0.00;        0.00
J S BABY KUPKA BLUE BATH 750mL          ;644986    ;J'S            ;        0.75;L  ;        0.00;        8.52;'3574669908481';KOZMETIKA;        7.99;        6.39
MIXA BABY GEL 2U1 400mL                 ;645386    ;MIXA           ;        0.40;L  ;        6.49;       16.23;'3600551155173';KOZMETIKA;        0.00;        0.00
MIXA BABY ŠAMPON 300mL                  ;645387    ;MIXA           ;        0.30;L  ;        4.99;       16.63;'3600551154466';KOZMETIKA;        0.00;        0.00
MIXA BABY ULJNI GEL 400mL               ;645388    ;MIXA           ;        0.40;L  ;        6.59;       16.48;'3600551155166';KOZMETIKA;        0.00;        0.00
NIVEA BABY BLAGI ŠAMPON 200mL           ;646668    ;NIVEA          ;        0.20;L  ;        5.49;       27.45;'9005800369075';KOZMETIKA;        0.00;        0.00
NIVEA BABY KUPKA 200mL HEAD TO TOE      ;646673    ;NIVEA          ;        0.20;L  ;        5.89;       29.45;'9005800369099';KOZMETIKA;        0.00;        0.00
NIVEA BABY KUPKA 450mL BLAGA            ;646675    ;NIVEA          ;        0.45;L  ;        9.49;       21.09;'9005800369167';KOZMETIKA;        0.00;        0.00
NIVEA BABY LOSION 200mL BED TIME        ;646676    ;NIVEA          ;        0.20;L  ;        6.59;       32.95;'9005800369181';KOZMETIKA;        0.00;        0.00
NIVEA BABY ULJE 200mL                   ;646677    ;NIVEA          ;        0.20;L  ;        6.59;       32.95;'9005800369242';KOZMETIKA;        0.00;        0.00
GENERA BABY 2U1 ŠAMPON&KUPKA 500mL      ;646922    ;GENERA         ;        0.50;L  ;        2.25;        4.50;'8003693400876';KOZMETIKA;        0.00;        0.00
GENERA BABY KREMA 100mL POSLIJE KUPANJA ;646923    ;GENERA         ;        0.10;L  ;        2.19;       21.90;'8003693404041';KOZMETIKA;        0.00;        0.00
AQ KIDS ÈETKICA ADVANCE 9-12g**         ;647180    ;AQUAFRESH      ;        0.00;   ;        0.00;        0.00;'5054563124142';KOZMETIKA;        3.69;        2.19
MELEM KIKI LIP BALM TUTTI FRUTTI        ;651409    ;MELEM KIKI     ;        0.00;   ;        3.99;        0.00;'3856007912726';KOZMETIKA;        0.00;        0.00
SIGNAL PASTA KIDS 0-6g 75mL             ;651955    ;SIGNAL         ;        0.08;L  ;        0.00;       34.53;'8720181501838';KOZMETIKA;        2.69;        2.59
SIGNAL PASTA KIDS JAGODA 75mL           ;651956    ;SIGNAL         ;        0.08;L  ;        0.00;       34.53;'8720181501821';KOZMETIKA;        2.69;        2.59
ORAL B PASTA JUNIOR 6+ 75mL             ;652125    ;ORAL B         ;        0.08;L  ;        0.00;       35.87;'8700216089654';KOZMETIKA;        4.49;        2.69
SIGNAL PASTA JUNIOR 7-13g 75mL          ;652883    ;SIGBAL         ;        0.08;L  ;        0.00;       34.53;'8720181501845';KOZMETIKA;        2.69;        2.59
AQ KIDS PASTA ADVANCE 9-12g 75mL        ;653038    ;AQUAFRESH      ;        0.08;L  ;        2.99;       39.87;'5054563205940';KOZMETIKA;        0.00;        0.00
STITCH ZUBNA ÈETKICA                    ;656587    ;LORENAY        ;        0.00;   ;        2.25;        0.00;'8412428012763';KOZMETIKA;        0.00;        0.00
SCHAUMA KIDS 400mL ŠAMPON RASPBERRY     ;658701    ;SCHAUMA        ;        0.40;L  ;        4.99;       12.48;'9000101657593';KOZMETIKA;        0.00;        0.00
SCHAUMA KIDS 400mL ŠAMPON BLUEBERR      ;658702    ;SCHAUMA        ;        0.40;L  ;        4.99;       12.48;'9000101657715';KOZMETIKA;        0.00;        0.00
VADEMECUM JUNIOR MYLITTLE STRAW 50mL    ;662875    ;VADEMECUM      ;        0.00;   ;        0.00;        0.00;'4068883000445';KOZMETIKA;        1.99;        1.59
DJEÈJA MAST 500mL                       ;662967    ;JGL            ;        0.50;L  ;       12.99;       25.98;'3858891013312';KOZMETIKA;        0.00;        0.00
BECUTAN ŠAMPON I KUPKA 2U1 400mL        ;664242    ;BECUTAN        ;        0.40;L  ;        4.99;       12.48;'5310001223328';KOZMETIKA;        0.00;        0.00
BECUTAN PUDER ZA DJECU 100g             ;664661    ;BECUTAN        ;        0.10;kg ;        3.19;       31.90;'5310001139797';KOZMETIKA;        0.00;        0.00
LUKKY RUŽ SA ŠLJOKICAMA JAGODA          ;664704    ;LUKKY          ;        0.00;   ;        2.49;        0.00;'4895240704858';KOZMETIKA;        0.00;        0.00
LUKKY RUŽ SA ŠLJOKICAMA JAGODA          ;664705    ;LUKKY          ;        0.00;   ;        2.49;        0.00;'4895240704841';KOZMETIKA;        0.00;        0.00
LUKKY PEEL OFF LAK ZA NOKTE 2U1 7mL     ;664706    ;6997           ;        0.00;   ;        3.49;        0.00;'4895240704964';KOZMETIKA;        0.00;        0.00
LUKKY PEEL OFF LAK ZA NOKTE 2U1 7mL     ;664707    ;LUKKY          ;        0.00;   ;        3.49;        0.00;'4895240704971';KOZMETIKA;        0.00;        0.00
LUKKY PEEL OFF LAK ZA NOKTE 2U1 7mL     ;664708    ;LUKKY          ;        0.00;   ;        3.49;        0.00;'4895240704988';KOZMETIKA;        0.00;        0.00
LUKKY KREDA ZA KOSU SA ŠLJOKICAMA 10g   ;664709    ;LUKKY          ;        0.00;   ;        3.39;        0.00;'4895240700478';KOZMETIKA;        0.00;        0.00
LUKKY KREDA ZA KOSU SA ŠLJOKICAMA 10g   ;664711    ;LUKKY          ;        0.00;   ;        3.39;        0.00;'4895240700461';KOZMETIKA;        0.00;        0.00
LUKKY HOLOGRAFSKO SJAJILO ZA USNE 3,5mL ;664713    ;LUKKY          ;        0.00;   ;        2.59;        0.00;'4895240702823';KOZMETIKA;        0.00;        0.00
CREATE IT CANDY LIPSTIK + LIPGLOSS      ;664990    ;CREATE IT      ;        0.00;   ;        5.29;        0.00;'8719668036833';KOZMETIKA;        0.00;        0.00
CREATE IT LOVE  FLUFFY TORBICA SRCE     ;664993    ;CREATE IT      ;        0.00;   ;        8.99;        0.00;'8719668017597';KOZMETIKA;        0.00;        0.00
CREATE IT LIP BALM DISCO KUGLA          ;664995    ;CREATE IT      ;        0.00;   ;        3.59;        0.00;'8719668025745';KOZMETIKA;        0.00;        0.00
CREATE IT CANDY LIP BALM CUPCAKE        ;664996    ;CREATE IT      ;        0.00;   ;        5.99;        0.00;'8719668026728';KOZMETIKA;        0.00;        0.00
CREATE IT KOFER MAKE UP SET MJ.BOJE ŠLJO;664999    ;CREATE IT      ;        0.00;   ;       29.99;        0.00;'8719668021365';KOZMETIKA;        0.00;        0.00
STITCH SET S GEL OLOVKE S FIG.TOPPEROM  ;665005    ;STITCH         ;        0.00;   ;        2.79;        0.00;'8719668033160';KOZMETIKA;        0.00;        0.00
STITCH BOJANKA + SET FLOMIÆA            ;665010    ;STITCH         ;        0.00;   ;        7.29;        0.00;'8719668035119';KOZMETIKA;        0.00;        0.00
CREATE IT SAMOLJEPLJIVI UMJETNI NOKTI   ;665013    ;CREATE IT      ;        0.00;   ;        5.29;        0.00;'8719668030503';KOZMETIKA;        0.00;        0.00
BECUTAN MLIJEKO ZA DJECU 200mL          ;666335    ;ALCA ZAGREB D.O.O.;        0.20;L  ;        3.39;       16.95;'5310001139735';KOZMETIKA;        0.00;        0.00
SONIC KUPKA 475mL                       ;690281    ;LORENAY        ;        0.48;L  ;        3.99;        8.40;'8412428019007';KOZMETIKA;        0.00;        0.00
ELMEX PASTA JUNIOR 75mL                 ;699777    ;ELMEX          ;        0.08;L  ;        0.00;       49.20;'8718951470583';KOZMETIKA;        4.59;        3.69
FAKS 900mL WHITE COLOR**                ;613406    ;FAKS           ;        0.90;L  ;        0.00;        6.21;'3850105178237';SREDSTVA ZA ÈIŠÆENJE;        7.99;        5.59
GREEN LINE GEL 56WL 4L                  ;613946    ;GREEN LINE     ;        4.00;L  ;        5.71;        1.43;'8594163902087';SREDSTVA ZA ÈIŠÆENJE;        0.00;        0.00
GREEN LINE GEL 21WL 1,5L                ;614001    ;GREEN LINE     ;        1.50;L  ;        2.65;        1.77;'8594163902032';SREDSTVA ZA ÈIŠÆENJE;        0.00;        0.00
PERFEKTE WASCHE 4,3L TEK.D.COLOR 123WL  ;616022    ;PERFEKTE WASCHE;        4.30;L  ;       10.99;        2.56;'4262358180001';SREDSTVA ZA ÈIŠÆENJE;        0.00;        0.00
PERFEKTE WASCHE 4,3L TEK.D.UNIV.123WL   ;616023    ;PERFEKTE WASCHE;        4.30;L  ;       10.99;        2.56;'4262358180018';SREDSTVA ZA ÈIŠÆENJE;        0.00;        0.00
WEISSER RIESE GEL COLOR 22WL 1,1        ;616775    ;WEISSER RIESE  ;        1.10;L  ;        0.00;        3.63;'4015000973816';SREDSTVA ZA ÈIŠÆENJE;        9.99;        3.99
FAKS 1,8L GEL COLOR SMART CLEAN**       ;618465    ;FAKS           ;        0.00;   ;        0.00;        0.00;'3850105177933';SREDSTVA ZA ÈIŠÆENJE;       13.49;        9.59
FAKS 900mL COLOR 18 PRANJA**            ;619390    ;FAKS           ;        0.90;L  ;        0.00;        6.21;'3850105178206';SREDSTVA ZA ÈIŠÆENJE;        7.99;        5.59
WEISSER RIESE GEL 100WL ORCHID 4,5L     ;627519    ;WEISSER RIESE  ;        4.50;L  ;       25.99;        5.78;'9000101563870';SREDSTVA ZA ÈIŠÆENJE;        0.00;        0.00
WEISSER RIESE GEL 100WL UNIVER.4,5L     ;627520    ;WEISSER RIESE  ;        4.50;L  ;       25.99;        5.78;'9000101564426';SREDSTVA ZA ÈIŠÆENJE;        0.00;        0.00
WEISSER RIESE GEL 50WL ORCH.2,25L       ;627524    ;WEISSER RIESE  ;        2.25;L  ;       16.99;        7.55;'9000101563573';SREDSTVA ZA ÈIŠÆENJE;        0.00;        0.00
WEISSER RIESE GEL 50WL COLOR 2,25L      ;627525    ;WEISSER RIESE  ;        2.25;L  ;       16.99;        7.55;'9000101564334';SREDSTVA ZA ÈIŠÆENJE;        0.00;        0.00
WEISSER RIESE GEL 50WL UNI.2,25L        ;627526    ;WEISSER RIESE  ;        2.25;L  ;       16.99;        7.55;'9000101564365';SREDSTVA ZA ÈIŠÆENJE;        0.00;        0.00
WEISSER RIESE GEL 50WL LOTUS 2,25L      ;627527    ;WEISSER RIESE  ;        2.25;L  ;       16.99;        7.55;'9000101563603';SREDSTVA ZA ÈIŠÆENJE;        0.00;        0.00
WEISSER RIESE GEL 50WL SENS.2,25L       ;627529    ;WEISSER RIESE  ;        2.25;L  ;       16.99;        7.55;'9000101560367';SREDSTVA ZA ÈIŠÆENJE;        0.00;        0.00
DASH 21WL COLOR GEL 1,05L**             ;633634    ;DASH           ;        1.05;L  ;        0.00;        8.56;'8006540927717';SREDSTVA ZA ÈIŠÆENJE;        8.89;        8.99
PERWOLL 2X2,97L COLOR+COLOR**           ;636102    ;PERWOLL        ;        5.94;L  ;        0.00;        2.86;'9000101594607';SREDSTVA ZA ÈIŠÆENJE;       19.99;       16.99
WEISSER RIESE GEL 990mL LOTUS&MANDEL 22W;657083    ;WEISSER RIESE  ;        0.99;L  ;        0.00;        6.05;'4015200036199';SREDSTVA ZA ÈIŠÆENJE;        9.99;        5.99
WEISSER RIESE 990mL O&M 22PRANJA        ;657350    ;WEISSER RIESE  ;       22.00;KOM;        0.00;        0.27;'4015200036205';SREDSTVA ZA ÈIŠÆENJE;        9.99;        5.99
PERWOLL BLACK 4L*                       ;660091    ;PERWOLL        ;        4.00;L  ;        0.00;        3.50;'9000101810264';SREDSTVA ZA ÈIŠÆENJE;       17.99;       13.99
PERWOLL COLOR 4L*                       ;660092    ;PERWOLL        ;        4.00;L  ;        0.00;        3.50;'9000101810172';SREDSTVA ZA ÈIŠÆENJE;       17.99;       13.99
PERWOLL BLOSSOM 4L*                     ;660093    ;PERWOLL        ;        4.00;L  ;        0.00;        3.50;'9000101810653';SREDSTVA ZA ÈIŠÆENJE;       17.99;       13.99
PERWOLL DARK BLOOM GEL 1L**             ;666084    ;PERWOLL        ;        1.00;L  ;        0.00;        3.99;'9000101810622';SREDSTVA ZA ÈIŠÆENJE;        4.49;        3.99
PERWOLL COLOR GEL 1L**                  ;666085    ;PERWOLL        ;        1.00;L  ;        0.00;        3.99;'9000101810080';SREDSTVA ZA ÈIŠÆENJE;        4.49;        3.99
PERWOLL BLACK GEL 1L                    ;666086    ;PERWOLL        ;        1.00;L  ;        0.00;        4.49;'9000101810141';SREDSTVA ZA ÈIŠÆENJE;        4.99;        4.49
PERWOLL BLOSSOM GEL 1L**                ;666087    ;PERWOLL        ;        1.00;L  ;        0.00;        3.99;'9000101810356';SREDSTVA ZA ÈIŠÆENJE;        4.49;        3.99
VESH 3L KONCENTRIRANI COLOR GEL         ;666116    ;VESH           ;        3.00;L  ;        0.00;        3.33;'3870128033856';SREDSTVA ZA ÈIŠÆENJE;       13.99;        9.99
VESH 3L KONCENTRIRANI WHITE GEL         ;666117    ;VESH           ;        3.00;L  ;        0.00;        3.33;'3870128033948';SREDSTVA ZA ÈIŠÆENJE;       13.99;        9.99
PERSIL UNI GEL GIGA 2X2,47L*            ;666168    ;PERSIL         ;        4.94;L  ;       23.99;        4.86;'9000101824438';SREDSTVA ZA ÈIŠÆENJE;        0.00;        0.00
PERSIL 2X2,47L GEL COLOR GIGA*          ;666169    ;PERSIL         ;        4.94;L  ;       23.99;        4.86;'9000101824469';SREDSTVA ZA ÈIŠÆENJE;        0.00;        0.00
PERSIL GEL COLOR 2,97L                  ;666180    ;PERSIL         ;        2.97;L  ;       15.49;        5.22;'9000101599091';SREDSTVA ZA ÈIŠÆENJE;        0.00;        0.00
PERSIL GEL EXP SILAN 2,7L               ;666181    ;PERSIL         ;        2.70;L  ;       15.49;        5.74;'9000101566819';SREDSTVA ZA ÈIŠÆENJE;        0.00;        0.00
PERSIL GEL COLOR 1,98L                  ;666195    ;PERSIL         ;        1.98;L  ;        0.00;        5.05;'9000101568363';SREDSTVA ZA ÈIŠÆENJE;       17.99;        9.99
VESH 4L KONCENTRIRANI COLOR GEL         ;666228    ;VESH           ;        4.00;L  ;       19.99;        5.00;'3870128033887';SREDSTVA ZA ÈIŠÆENJE;        0.00;        0.00
BECUTAN 1L 2U1 DET I OMEKŠ              ;666256    ;BECUTAN        ;        1.00;L  ;        6.29;        6.29;'5310001235475';SREDSTVA ZA ÈIŠÆENJE;        0.00;        0.00
ARIEL 3,87L COLOR*                      ;666303    ;ARIEL          ;        3.87;L  ;       29.99;        7.75;'8700216691796';SREDSTVA ZA ÈIŠÆENJE;        0.00;        0.00
PERSIL 2X2,97L GEL*                     ;666342    ;PERSIL         ;        0.00;   ;       34.99;        0.00;'9000101846706';SREDSTVA ZA ÈIŠÆENJE;        0.00;        0.00
PERSIL 2X2,97L GEL*                     ;666343    ;HENKEL CROATIA D.O.O;        0.00;   ;       34.99;        0.00;'9000101846157';SREDSTVA ZA ÈIŠÆENJE;        0.00;        0.00
ARIEL 1,8L FRESH BREEZE*                ;666346    ;ARIEL          ;        1.80;L  ;        0.00;        7.22;'8700216981644';SREDSTVA ZA ÈIŠÆENJE;       11.49;       12.99
DASH 1,575L TEKUÆI STAINREM 35 PRANJA   ;666365    ;DASH           ;        1.57;L  ;       19.99;       12.73;'8700216828482';SREDSTVA ZA ÈIŠÆENJE;        0.00;        0.00
DASH 1,035L TEKUÆI LAVANDA 23 PRANJA    ;666366    ;DASH           ;        1.04;L  ;       13.79;       13.32;'8700216828154';SREDSTVA ZA ÈIŠÆENJE;        0.00;        0.00
ARIEL 2,7L TEKUÆI SPRING 60 PRANJA      ;666502    ;ARIEL          ;        2.70;L  ;       29.99;       11.11;'8700216690973';SREDSTVA ZA ÈIŠÆENJE;        0.00;        0.00
ARIEL 2,7L TEKUÆI COLOR 60 PRANJA       ;666503    ;ARIEL          ;        2.70;L  ;       29.99;       11.11;'8700216690829';SREDSTVA ZA ÈIŠÆENJE;        0.00;        0.00
ARIEL 1,8L M.SPRING 40PRANJA            ;666508    ;ARIEL          ;        1.80;L  ;       20.99;       11.66;'8700216691086';SREDSTVA ZA ÈIŠÆENJE;        0.00;        0.00
ARIEL 1,8L COLOR 40PRANJA               ;666509    ;ARIEL          ;        1.80;L  ;       20.99;       11.66;'8700216691604';SREDSTVA ZA ÈIŠÆENJE;        0.00;        0.00
PERWOLL 4L LIGHT COLORS*                ;666522    ;PERWOLL        ;        4.00;L  ;        0.00;        3.50;'9000101827088';SREDSTVA ZA ÈIŠÆENJE;       17.99;       13.99
DASH 3,10L STAINREM 69 PRANJA*          ;666638    ;DASH           ;        3.10;L  ;       33.99;       10.96;'8700216828444';SREDSTVA ZA ÈIŠÆENJE;        0.00;        0.00
FAKS 900mL GEL COLOR 20 PRANJA          ;666667    ;FAKS           ;        0.90;L  ;        8.49;        9.43;'3850105188724';SREDSTVA ZA ÈIŠÆENJE;        0.00;        0.00
FAKS 900mL GEL UNIVERZAL 20PRANJA       ;666668    ;FAKS           ;        0.90;L  ;        8.49;        9.43;'3850105188755';SREDSTVA ZA ÈIŠÆENJE;        0.00;        0.00
FAKS 900mL GEL BY ORNEL 20 PRANJA       ;666669    ;SAPONIA D.D. OSIJEK;        0.90;L  ;        8.49;        9.43;'3850105188816';SREDSTVA ZA ÈIŠÆENJE;        0.00;        0.00
FAKS 900mL GEL BABY&SENSITIV 20 PRANJA  ;666670    ;FAKS           ;        0.90;L  ;        8.49;        9.43;'3850105188786';SREDSTVA ZA ÈIŠÆENJE;        0.00;        0.00
FAKS 1,8L GEL UNIVERZAL 40 PRANJA       ;666672    ;FAKS           ;        1.80;L  ;       11.99;        6.66;'3850105188878';SREDSTVA ZA ÈIŠÆENJE;        0.00;        0.00
FAKS 2,7L GEL COLOR 60 PRANJA           ;666673    ;FAKS           ;        2.70;L  ;       17.99;        6.66;'3850105188960';SREDSTVA ZA ÈIŠÆENJE;        0.00;        0.00
FAKS 4,5L GEL UNIVERZAL 100 PRANJA      ;666675    ;FAKS           ;        4.50;L  ;        0.00;        4.00;'3850105191366';SREDSTVA ZA ÈIŠÆENJE;       25.99;       17.99
WEISSER RIESE GEL 990mL LOTUS&MANDEL    ;666780    ;WEISSER RIESE  ;        0.99;L  ;        0.00;        6.05;'4015200031903';SREDSTVA ZA ÈIŠÆENJE;        9.99;        5.99
WEISSER RIESE GEL 990mL ORCHD&MACADAMIA ;666781    ;WEISSER RIESE  ;        0.99;L  ;        0.00;        4.54;'4015200032184';SREDSTVA ZA ÈIŠÆENJE;        5.99;        4.49
VIOLETA 2X2,7L DETERDŽENT BLACK+COLOR*  ;666783    ;VIOLETA        ;        5.40;L  ;       14.99;        2.78;'3870128020719';SREDSTVA ZA ÈIŠÆENJE;        0.00;        0.00
VIOLETA 2X2,7L DETERDŽENT COLOR+BLOOM*  ;666784    ;VIOLETA        ;        5.40;L  ;       14.99;        2.78;'3870128039773';SREDSTVA ZA ÈIŠÆENJE;        0.00;        0.00
PERWOLL DARK BLOOM 3L                   ;666791    ;PERWOLL        ;        3.00;L  ;       16.99;        5.66;'9000101811322';SREDSTVA ZA ÈIŠÆENJE;        0.00;        0.00
PERWOLL BLACK 3L                        ;666792    ;PERWOLL        ;        3.00;L  ;       16.99;        5.66;'9000101809527';SREDSTVA ZA ÈIŠÆENJE;        0.00;        0.00
PERWOLL COLOR 3L                        ;666793    ;PERWOLL        ;        3.00;L  ;       16.99;        5.66;'9000101808568';SREDSTVA ZA ÈIŠÆENJE;        0.00;        0.00
PERWOLL BLOSSOM 3L                      ;666794    ;PERWOLL        ;        3.00;L  ;       16.99;        5.66;'9000101809619';SREDSTVA ZA ÈIŠÆENJE;        0.00;        0.00
PERWOLL 3,75L BLOSSOM 75 PRANJA         ;666795    ;PERWOLL        ;        3.75;L  ;       18.99;        5.06;'9000101810233';SREDSTVA ZA ÈIŠÆENJE;        0.00;        0.00
PERWOLL 3,75mL BLACK 75 PRANJA          ;666796    ;PERWOLL        ;        3.75;L  ;       18.99;        5.06;'9000101810295';SREDSTVA ZA ÈIŠÆENJE;        0.00;        0.00
PERWOLL 2X3L COLOR+COLOR                ;666797    ;PERWOLL        ;        6.00;L  ;       17.99;        3.00;'9000101818222';SREDSTVA ZA ÈIŠÆENJE;        0.00;        0.00
PERWOLL 2X3L BLACK+BLACK                ;666798    ;PERWOLL        ;        6.00;L  ;       17.99;        3.00;'9000101818253';SREDSTVA ZA ÈIŠÆENJE;        0.00;        0.00
PERWOLL 2L DARK BLOOM 40PRANJA          ;666799    ;PERWOLL        ;        2.00;L  ;        0.00;        4.50;'9000101809992';SREDSTVA ZA ÈIŠÆENJE;       12.99;        8.99
PERWOLL 2L COLOR 40 PRANJA              ;666800    ;PERWOLL        ;        2.00;L  ;        0.00;        4.50;'9000101810479';SREDSTVA ZA ÈIŠÆENJE;       12.99;        8.99
PERWOLL 2L BLACK 40 PRANJA              ;666801    ;PERWOLL        ;        2.00;L  ;        0.00;        4.50;'9000101808445';SREDSTVA ZA ÈIŠÆENJE;       12.99;        8.99
PERWOLL 2L BLOSSOM 40 PRANJA            ;666802    ;PERWOLL        ;        2.00;L  ;        0.00;        4.50;'9000101808476';SREDSTVA ZA ÈIŠÆENJE;       12.99;        8.99
PERSIL GEL EXP LAVANDA 2,25L            ;666804    ;PERSIL         ;        2.25;L  ;       21.99;        9.77;'9000101598117';SREDSTVA ZA ÈIŠÆENJE;        0.00;        0.00
PERSIL GEL UNIVERSAL 2,475L             ;666806    ;PERSIL         ;        2.48;L  ;       21.99;        8.88;'9000101598872';SREDSTVA ZA ÈIŠÆENJE;        0.00;        0.00
PERSIL GEL EXP LAVANDA 0,9L             ;666810    ;PERSIL         ;        0.90;L  ;        0.00;        6.10;'9000101598056';SREDSTVA ZA ÈIŠÆENJE;        6.99;        5.49
PERSIL GEL UNIVERSAL 0,99L              ;666811    ;PERSIL         ;        0.99;L  ;        6.99;        7.06;'9000101599060';SREDSTVA ZA ÈIŠÆENJE;        0.00;        0.00
PERSIL GEL COLOR 0,99L                  ;666812    ;PERSIL         ;        0.99;L  ;        0.00;        5.55;'9000101599008';SREDSTVA ZA ÈIŠÆENJE;        6.99;        5.49
PERSIL GEL COLOR 2,475L                 ;666833    ;PERSIL         ;        2.48;L  ;       21.99;        8.88;'9000101599176';SREDSTVA ZA ÈIŠÆENJE;        0.00;        0.00
PERSIL GEL COLOR 4,5L                   ;666835    ;PERSIL         ;        4.50;L  ;       32.99;        7.33;'9000101567335';SREDSTVA ZA ÈIŠÆENJE;        0.00;        0.00
PERWOLL 2L LIGHT COLORS 40 PRANJA       ;666839    ;PERWOLL        ;        2.00;L  ;        0.00;        4.50;'9000101827026';SREDSTVA ZA ÈIŠÆENJE;       12.99;        8.99
PERWOLL 3L LIGHT COLOR                  ;666840    ;PERWOLL        ;        3.00;L  ;       16.99;        5.66;'9000101827163';SREDSTVA ZA ÈIŠÆENJE;        0.00;        0.00
PERWOLL COLOR 3,75mL 75PRANJA           ;666844    ;PERWOLL        ;        3.75;L  ;       18.99;        5.06;'9000101810325';SREDSTVA ZA ÈIŠÆENJE;        0.00;        0.00
ARIEL 1,125L COLOR 25 PRANJA            ;666999    ;ARIEL          ;        1.13;L  ;       14.99;       13.32;'8700216691925';SREDSTVA ZA ÈIŠÆENJE;        0.00;        0.00
ARIEL 1,125L SENSITIVE 25 PRANJA        ;667000    ;ARIEL          ;        1.13;L  ;       14.99;       13.32;'8700216691697';SREDSTVA ZA ÈIŠÆENJE;        0.00;        0.00
PERSIL GEL EXP LAVANDA 1,8L 40WL**      ;667808    ;PERSIL         ;        1.80;L  ;        0.00;        4.99;'9000101566635';SREDSTVA ZA ÈIŠÆENJE;       11.99;        8.99
SOMAT MACHINE CARE 250mL                ;190097    ;SOMAT          ;        0.25;L  ;        2.99;       11.96;'90003714';SREDSTVA ZA ÈIŠÆENJE;        0.00;        0.00
SOMAT TEKUÆINA ZA ISPIRANJE 750mL       ;196456    ;SOMAT          ;        0.75;L  ;        2.99;        3.99;'9000100344098';SREDSTVA ZA ÈIŠÆENJE;        0.00;        0.00
FINISH CITROFRESH 40g                   ;28729     ;FINISH         ;        0.04;kg ;        6.10;      152.50;'3141360054405';SREDSTVA ZA ÈIŠÆENJE;        0.00;        0.00
FINISH SOL 4kg NEW                      ;337600    ;FINISH         ;        4.00;kg ;        0.00;        1.00;'8594002687397';SREDSTVA ZA ÈIŠÆENJE;        6.63;        3.99
FINISH 80 ALL IN ONE MAX TABLETE        ;516116    ;FINISH         ;       80.00;KOM;        0.00;        0.16;'5997321733562';SREDSTVA ZA ÈIŠÆENJE;       12.49;       12.99
LUDWIK 750mL SJAJILO ZA PERILICU        ;520754    ;LUDWIK         ;        0.75;L  ;        2.55;        3.40;'5900861242715';SREDSTVA ZA ÈIŠÆENJE;        0.00;        0.00
LUDWIK 250mL SREDSTVO ZA ÈIŠÆ.PERILICA  ;520756    ;LUDWIK         ;        0.25;L  ;        2.85;       11.40;'5900498009903';SREDSTVA ZA ÈIŠÆENJE;        0.00;        0.00
SOMAT MACHINE CLEAN.3WL 60g             ;521313    ;SOMAT          ;        0.01;kg ;        2.99;      498.33;'9000100999786';SREDSTVA ZA ÈIŠÆENJE;        0.00;        0.00
PAGOMAT SOL ZA PERILICE 1,1kg           ;534220    ;SOLANA PAG;        1.10;kg ;        1.29;        1.17;'3859888155862';SREDSTVA ZA ÈIŠÆENJE;        0.00;        0.00
LUDWIK 100/1 TABLETE ZA PERILICU        ;539951    ;LUDWIK         ;      100.00;KOM;       10.99;        0.11;'5900498019636';SREDSTVA ZA ÈIŠÆENJE;        0.00;        0.00
FINISH 250mL MACHINE CLEANER            ;564050    ;FINISH         ;        0.25;L  ;        6.19;       24.76;'8594002680138';SREDSTVA ZA ÈIŠÆENJE;        0.00;        0.00
FINISH MACHINE CLEAN.TABS 3/1           ;575601    ;FINISH         ;        3.00;KOM;        6.10;        2.03;'5900627073003';SREDSTVA ZA ÈIŠÆENJE;        0.00;        0.00
FINISH 94 ALL IN ONE MAX                ;577528    ;FINISH         ;       94.00;KOM;       27.99;        0.30;'5997321736280';SREDSTVA ZA ÈIŠÆENJE;        0.00;        0.00
SOMAT MACHINE CLEANER 5/1               ;593052    ;SOMAT          ;        5.00;KOM;        4.49;        0.90;'9000101388633';SREDSTVA ZA ÈIŠÆENJE;        0.00;        0.00
FINISH QUANTUM ULTIMATE 60 REG          ;606560    ;FINISH         ;       60.00;KOM;       27.99;        0.47;'5908252001217';SREDSTVA ZA ÈIŠÆENJE;        0.00;        0.00
FINISH 80/1 QUANTUM ULTIMATE REG        ;613377    ;FINISH         ;        0.00;   ;       35.99;        0.00;'5999109580788';SREDSTVA ZA ÈIŠÆENJE;        0.00;        0.00
FINISH 60 QUANTUM AIO REG               ;617870    ;FINISH         ;       60.00;KOM;       24.99;        0.42;'5908252004881';SREDSTVA ZA ÈIŠÆENJE;        0.00;        0.00
FINISH ULTIMATE AIO REG 50KOM           ;617871    ;FINISH         ;       50.00;KOM;       24.99;        0.50;'5908252004829';SREDSTVA ZA ÈIŠÆENJE;        0.00;        0.00
FINISH QUANTUM AIO REG.100KOM           ;617872    ;FINISH         ;      100.00;KOM;       36.99;        0.37;'5999109581501';SREDSTVA ZA ÈIŠÆENJE;        0.00;        0.00
JAR PLATINUM 63 ANTI DULL LEMON         ;618989    ;JAR            ;       63.00;KOM;       29.99;        0.48;'8006540751350';SREDSTVA ZA ÈIŠÆENJE;        0.00;        0.00
JAR 100 ALL IN ONE LEMON*               ;618990    ;JAR            ;      100.00;KOM;       34.99;        0.35;'8006540750100';SREDSTVA ZA ÈIŠÆENJE;        0.00;        0.00
FINISH 72 QUANTUM MAX REG.              ;619549    ;FINISH         ;       72.00;KOM;       27.99;        0.39;'5908252004904';SREDSTVA ZA ÈIŠÆENJE;        0.00;        0.00
JAR 67/1 ALL IN ONE LEMON               ;619713    ;JAR            ;       67.00;KOM;       29.99;        0.45;'8006540749999';SREDSTVA ZA ÈIŠÆENJE;        0.00;        0.00
JAR 50/1 PLATINUM LEMON                 ;619714    ;JAR            ;       50.00;KOM;       29.99;        0.60;'8006540750193';SREDSTVA ZA ÈIŠÆENJE;        0.00;        0.00
JAR 42/1 PLATINUM+ANTI DULL             ;619715    ;JAR            ;       42.00;KOM;       29.99;        0.71;'8006540751237';SREDSTVA ZA ÈIŠÆENJE;        0.00;        0.00
JAR 42/1 PLATINUM+DEEP CLEAN            ;619716    ;JAR            ;       42.00;KOM;       29.99;        0.71;'8006540751503';SREDSTVA ZA ÈIŠÆENJE;        0.00;        0.00
JAR TABLETE PLATINUM 110 LEMON*         ;625063    ;JAR            ;      110.00;KOM;       47.99;        0.44;'8006540816684';SREDSTVA ZA ÈIŠÆENJE;        0.00;        0.00
JAR TABLETE PLAT.PLUS 90/1 LEMON*       ;625064    ;JAR            ;       90.00;KOM;       47.99;        0.53;'8006540816714';SREDSTVA ZA ÈIŠÆENJE;        0.00;        0.00
BRILLY OSVJ.ZA PERILICE LIMUN           ;625703    ;BRILLY         ;        0.00;   ;        1.33;        0.00;'5900785939005';SREDSTVA ZA ÈIŠÆENJE;        0.00;        0.00
BRILLY OSVJ.ZA PERILICE ZEL.JABUKA      ;625705    ;BRILLY         ;        0.00;   ;        1.33;        0.00;'5900785939029';SREDSTVA ZA ÈIŠÆENJE;        0.00;        0.00
FINISH SJAJILO LEMON 400mL              ;626104    ;FINISH         ;        0.40;L  ;        3.98;        9.95;'5999109581921';SREDSTVA ZA ÈIŠÆENJE;        0.00;        0.00
FINISH SJAJILO REGULAR 800mL            ;626259    ;FINISH         ;        0.80;L  ;        0.00;        5.61;'5999109581914';SREDSTVA ZA ÈIŠÆENJE;        5.97;        4.49
FINISH SJAJILO LEMON 800mL              ;626819    ;FINISH         ;        0.80;L  ;        0.00;        5.61;'8592326010419';SREDSTVA ZA ÈIŠÆENJE;        5.97;        4.49
SOMAT EXCELLENCE 34/1**                 ;627523    ;SOMAT          ;       34.00;KOM;        0.00;        0.21;'9000101576290';SREDSTVA ZA ÈIŠÆENJE;       10.79;        6.99
FINISH SJAJILO REGULAR 400mL            ;627689    ;FINISH         ;        0.40;L  ;        3.98;        9.95;'5999109581938';SREDSTVA ZA ÈIŠÆENJE;        0.00;        0.00
FINISH PROMO ULT.PLUS 72 REG*           ;628199    ;FINISH         ;       72.00;KOM;       36.99;        0.51;'5999109582447';SREDSTVA ZA ÈIŠÆENJE;        0.00;        0.00
FINISH ULTIMATE PLUS AIO 54 REG         ;628200    ;FINISH         ;       54.00;KOM;       27.99;        0.52;'5999109582454';SREDSTVA ZA ÈIŠÆENJE;        0.00;        0.00
FINISH 45 TABL ULTIMATE REGULAR AI0     ;628388    ;FINISH         ;       45.00;KOM;       24.99;        0.56;'5999109582478';SREDSTVA ZA ÈIŠÆENJE;        0.00;        0.00
DR.SHINE AIO 70KOM TABLETE ZA SUÐE      ;635097    ;DR.SHINE       ;       70.00;KOM;        8.99;        0.13;'4262358180216';SREDSTVA ZA ÈIŠÆENJE;        0.00;        0.00
FINISH ÈISTILO PERILICE DUOPACK         ;635146    ;FINISH         ;        0.50;L  ;        9.20;       18.40;'5999109582652';SREDSTVA ZA ÈIŠÆENJE;        0.00;        0.00
FINISH 120 QUANT LEMON*                 ;646879    ;FINISH         ;      120.00;KOM;        0.00;        0.18;'5999109583352';SREDSTVA ZA ÈIŠÆENJE;       39.99;       21.99
SOMAT SOL 1,5kg                         ;65756     ;SOMAT          ;        1.50;kg ;        2.29;        1.53;'9000100147293';SREDSTVA ZA ÈIŠÆENJE;        0.00;        0.00
FINISH POWER ESSENTIAL 100*             ;664244    ;FINISH         ;      100.00;KOM;       23.99;        0.24;'5999109583475';SREDSTVA ZA ÈIŠÆENJE;        0.00;        0.00
SOMAT ALL IN ONE EXTRA 100KOM*          ;666105    ;SOMAT          ;      100.00;KOM;        0.00;        0.16;'9000101809558';SREDSTVA ZA ÈIŠÆENJE;       13.99;       16.49
VIO 43KOM KAPSULE ZA SUÐE               ;666149    ;VIO            ;       43.00;KOM;        0.00;        0.20;'3870128036888';SREDSTVA ZA ÈIŠÆENJE;        6.99;        8.75
VIO 84KOM KAPSULE ZA SUÐE               ;666150    ;VIO            ;       84.00;KOM;       16.99;        0.20;'3870128036918';SREDSTVA ZA ÈIŠÆENJE;        0.00;        0.00
SOMAT EXCELLENCE DUO GEL 0,68L          ;666165    ;SOMAT          ;        0.68;L  ;        0.00;       10.28;'9000101818147';SREDSTVA ZA ÈIŠÆENJE;        8.99;        6.99
FINISH ULTIMATE LIMUN 120KOM            ;666246    ;FINISH         ;      120.00;KOM;       29.99;        0.25;'5908252010745';SREDSTVA ZA ÈIŠÆENJE;        0.00;        0.00
SOMAT EXCELLENCE 4U1 30KOM              ;666293    ;SOMAT          ;       30.00;KOM;        0.00;        0.23;'9000101808292';SREDSTVA ZA ÈIŠÆENJE;        8.99;        6.99
SOMAT ALL IN ONE EXTRA 44KOM**          ;666294    ;SOMAT          ;       44.00;KOM;        0.00;        0.16;'9000101809190';SREDSTVA ZA ÈIŠÆENJE;        8.19;        6.99
SOMAT 88KOM 3U1 LIMUN                   ;666344    ;SOMAT          ;       88.00;KOM;       16.49;        0.19;'9000101832617';SREDSTVA ZA ÈIŠÆENJE;        0.00;        0.00
SOMAT EXCELLENCE 4U1 75KOM              ;666462    ;SOMAT          ;       75.00;KOM;       16.49;        0.22;'9000101808742';SREDSTVA ZA ÈIŠÆENJE;        0.00;        0.00
SOMAT 5U1 65KOM                         ;666463    ;SOMAT          ;       65.00;KOM;       16.49;        0.25;'9000101807875';SREDSTVA ZA ÈIŠÆENJE;        0.00;        0.00
SOMAT EXCELLENCE DUO G&C 1,62L          ;666464    ;SOMAT          ;        1.62;L  ;       16.49;       10.18;'9000101819342';SREDSTVA ZA ÈIŠÆENJE;        0.00;        0.00
LIKVI 22KOM CAPS SUPREME ALL IN ONE     ;666728    ;LIKVI          ;       22.00;KOM;        7.99;        0.36;'3850105187079';SREDSTVA ZA ÈIŠÆENJE;        0.00;        0.00
LIKVI 53KOM CAPS SUPREME ALL IN ONE     ;666729    ;LIKVI          ;       53.00;KOM;       18.99;        0.36;'3850105187109';SREDSTVA ZA ÈIŠÆENJE;        0.00;        0.00
LIKVI 67KOM CAPS SUPREME ALL IN ONE     ;666730    ;LIKVI          ;       67.00;KOM;       23.99;        0.36;'3850105187130';SREDSTVA ZA ÈIŠÆENJE;        0.00;        0.00
SOMAT EXCELLENCE 4U1 60KOM              ;666775    ;SOMAT          ;       60.00;KOM;        0.00;        0.24;'9000101808087';SREDSTVA ZA ÈIŠÆENJE;       27.99;       14.49
SOMAT DUO GEL GREASE CUTTING 1,37L      ;666776    ;SOMAT          ;        1.37;L  ;        0.00;       10.58;'9000101819502';SREDSTVA ZA ÈIŠÆENJE;       27.99;       14.49
SOMAT ALL IN ONE EXTRA 85KOM            ;666777    ;SOMAT          ;       60.00;KOM;        0.00;        0.24;'9000101809961';SREDSTVA ZA ÈIŠÆENJE;       27.99;       14.49
SOMAT GOLD 70KOM*                       ;666778    ;SOMAT          ;        0.00;   ;        0.00;        0.00;'9000101808834';SREDSTVA ZA ÈIŠÆENJE;       13.99;       14.49
SOMAT 5U1 54KOM                         ;666779    ;SOMAT          ;       54.00;KOM;        0.00;        0.27;'9000101807936';SREDSTVA ZA ÈIŠÆENJE;       27.99;       14.49
SOMAT 88KOM 4U1*                        ;666787    ;SOMAT          ;       88.00;KOM;        0.00;        0.20;'9000101831559';SREDSTVA ZA ÈIŠÆENJE;       19.99;       17.99
SOMAT 80KOM 5U1*                        ;666788    ;SOMAT          ;       88.00;KOM;        0.00;        0.20;'9000101831658';SREDSTVA ZA ÈIŠÆENJE;       19.99;       17.99
FINISH ULTIMATE PLUS ALL IN 1 LIMUN 90  ;666879    ;FINISH         ;       90.00;KOM;        0.00;        0.24;'5908252011025';SREDSTVA ZA ÈIŠÆENJE;       44.99;       21.99
SOMAT EXCELL DUO GEL GREASE LIMUN 1,08L ;666943    ;SOMAT          ;        1.08;L  ;       12.99;       12.03;'9000101819472';SREDSTVA ZA ÈIŠÆENJE;        0.00;        0.00
SOMAT ALL IN ONE EXTRA 75KOM            ;666944    ;SOMAT          ;       75.00;KOM;       12.99;        0.17;'9000101809343';SREDSTVA ZA ÈIŠÆENJE;        0.00;        0.00
SOMAT GOLD 60KOM**                      ;666945    ;SOMAT          ;       60.00;KOM;        0.00;        0.17;'9000101808933';SREDSTVA ZA ÈIŠÆENJE;       11.99;        9.99
SOMAT 5U1 42KOM                         ;666946    ;SOMAT          ;       42.00;KOM;       12.99;        0.31;'9000101809053';SREDSTVA ZA ÈIŠÆENJE;        0.00;        0.00
SOMAT GOLD 120KOM*                      ;666947    ;SOMAT          ;      120.00;KOM;        0.00;        0.15;'9000101808803';SREDSTVA ZA ÈIŠÆENJE;       39.99;       17.99
SOMAT EXCELLENCE DUO GEL 2,05L          ;666948    ;SOMAT          ;        2.05;L  ;        0.00;        8.78;'9000101819250';SREDSTVA ZA ÈIŠÆENJE;       39.99;       17.99
SOMAT 2X540mL DUO GEL GREASE 60PRANJA   ;666954    ;SOMAT          ;        1.08;L  ;       12.99;       12.03;'9000101818116';SREDSTVA ZA ÈIŠÆENJE;        0.00;        0.00
SOMAT 60KOM 3U1 MEGA                    ;666955    ;SOMAT          ;       60.00;KOM;       12.99;        0.22;'9000101832013';SREDSTVA ZA ÈIŠÆENJE;        0.00;        0.00
FINISH ULTIMATE LIMUN 100KOM            ;668870    ;FINISH         ;      100.00;KOM;        0.00;        0.22;'5999109583406';SREDSTVA ZA ÈIŠÆENJE;       39.99;       21.99
WC AS PISOAR TBL.FLOWER 750mL           ;180013    ;WC AS          ;        0.75;L  ;        7.05;        9.40;'3859888110861';SREDSTVA ZA ÈIŠÆENJE;        0.00;        0.00
WC AS PISOAR TBL.SREBRNA JELA 750g      ;181072    ;WC AS          ;        0.75;kg ;        7.05;        9.40;'3859890222620';SREDSTVA ZA ÈIŠÆENJE;        0.00;        0.00
WC OSVJEŽIVAÈ BOR 40g REFIL BRAIT       ;311789    ;BRAIT          ;        0.04;kg ;        0.59;       14.75;'5901815014297';SREDSTVA ZA ÈIŠÆENJE;        0.00;        0.00
WC OSVJEŽIVAÈ LIMUN REFIL 40g BRAIT     ;311791    ;BRAIT          ;        0.04;kg ;        0.59;       14.75;'5901815014303';SREDSTVA ZA ÈIŠÆENJE;        0.00;        0.00
WC OSVJEŽIVAÈ BOR 40g BRAIT             ;312106    ;BRAIT          ;        0.04;kg ;        0.90;       22.50;'5901815005806';SREDSTVA ZA ÈIŠÆENJE;        0.00;        0.00
WC OSVJEŽIVAÈ LEMON 40g BRAIT           ;312118    ;BRAIT          ;        0.04;kg ;        0.90;       22.50;'5901815005783';SREDSTVA ZA ÈIŠÆENJE;        0.00;        0.00
WC OSVJEŽIVAÈ OCEAN 40g BRAIT           ;312119    ;BRAIT          ;        0.04;kg ;        0.90;       22.50;'5901815005790';SREDSTVA ZA ÈIŠÆENJE;        0.00;        0.00
BREF 50g POWER AKTIV PINE               ;321052    ;BREF           ;        0.05;kg ;        0.00;       29.80;'9000100625074';SREDSTVA ZA ÈIŠÆENJE;        2.99;        1.49
BREF 50g POWER AKTIV LEMON              ;321054    ;BREF           ;        0.05;kg ;        0.00;       29.80;'9000100625104';SREDSTVA ZA ÈIŠÆENJE;        2.99;        1.49
WC AS PISOAR TABLETE SREBRNA JELA 200g  ;37129     ;WC AS          ;        0.20;kg ;        3.15;       15.75;'3859888110878';SREDSTVA ZA ÈIŠÆENJE;        0.00;        0.00
BREF POWER AKTIV PINE 2X50g             ;403174    ;BREF           ;        0.10;kg ;        5.49;       54.90;'9000100656801';SREDSTVA ZA ÈIŠÆENJE;        0.00;        0.00
BREF POWER AKTIV LEMON 2X50g            ;403175    ;BREF           ;        0.10;kg ;        5.49;       54.90;'9000100656832';SREDSTVA ZA ÈIŠÆENJE;        0.00;        0.00
BREF POWER BLUE AKTIV EUC.50g NEW       ;418923    ;BREF           ;        0.05;kg ;        0.00;       35.00;'9000100889315';SREDSTVA ZA ÈIŠÆENJE;        3.49;        1.75
BREF POWER AKTIV LAVANDER 50g           ;442874    ;BREF           ;        0.05;kg ;        0.00;       29.80;'9000100956017';SREDSTVA ZA ÈIŠÆENJE;        2.99;        1.49
WC OSVJ.WC FRESH OCEAN 40g              ;443763    ;FRESH          ;        0.04;kg ;        0.75;       18.75;'5902506003347';SREDSTVA ZA ÈIŠÆENJE;        0.00;        0.00
WC OSVJ.WC FRESH FOREST 40g             ;443796    ;FRESH          ;        0.04;kg ;        0.75;       18.75;'5902506003323';SREDSTVA ZA ÈIŠÆENJE;        0.00;        0.00
WC OSVJ.KOLORADO BOR REFILL 40g         ;443839    ;KOLORADO       ;        0.04;kg ;        0.50;       12.50;'5902506003033';SREDSTVA ZA ÈIŠÆENJE;        0.00;        0.00
WC OSVJ.KOLORADO OCEAN REFILL 40g       ;443841    ;KOLORADO       ;        0.04;kg ;        0.50;       12.50;'5902506003040';SREDSTVA ZA ÈIŠÆENJE;        0.00;        0.00
WC NET ENERGY LIME ULOZAK 38g           ;513947    ;WC NET         ;        0.04;kg ;        3.39;       89.21;'8003650005045';SREDSTVA ZA ÈIŠÆENJE;        0.00;        0.00
BREF POWER BLUE AKTIV FLOWER 50g        ;514056    ;BREF           ;        0.05;kg ;        0.00;       35.00;'9000101023985';SREDSTVA ZA ÈIŠÆENJE;        3.49;        1.75
BREF POWER BLUE FRESH FLOWER 2X50g PROM ;515236    ;BREF           ;        0.10;kg ;        6.49;       64.90;'9000101028614';SREDSTVA ZA ÈIŠÆENJE;        0.00;        0.00
WC OSVJ.ZA KOTLIÆ OCEAN 2X45g           ;517292    ;KOLORADO       ;        0.09;kg ;        1.50;       16.67;'5902506004399';SREDSTVA ZA ÈIŠÆENJE;        0.00;        0.00
WC OSVJ.ZA KOTLIÆ FOREST 2X45g*         ;517293    ;KOLORADO       ;        0.09;kg ;        1.50;       16.67;'5902506004405';SREDSTVA ZA ÈIŠÆENJE;        0.00;        0.00
WC OSVJ.BRAIT DECOR FLORAL 40g          ;519584    ;BRAIT          ;        0.04;kg ;        1.35;       33.75;'5908241713268';SREDSTVA ZA ÈIŠÆENJE;        0.00;        0.00
WC OSVJ.BRAIT DECOR FRESH 40g           ;519585    ;BRAIT          ;        0.04;kg ;        1.35;       33.75;'5908241713275';SREDSTVA ZA ÈIŠÆENJE;        0.00;        0.00
WC OSVJ.BRAIT DECOR FRIUTS 40g          ;519586    ;POHIT d.o.o.;        0.04;kg ;        1.35;       33.75;'5908241713282';SREDSTVA ZA ÈIŠÆENJE;        0.00;        0.00
WC NET KRUTI ULOŠCI MOUNT.FR.4*34g +    ;52158     ;WC NET         ;        4.00;KOM;        4.45;        1.11;'8004050201563';SREDSTVA ZA ÈIŠÆENJE;        0.00;        0.00
SANITAR WC OSVJ.DUOBLOCK FOREST 62mL    ;537552    ;SANITAR        ;        0.06;L  ;        2.25;       36.29;'3850111981760';SREDSTVA ZA ÈIŠÆENJE;        0.00;        0.00
SANITAR WC OSVJ.DUOBLOCK FLORAL 62mL    ;537554    ;SANITAR        ;        0.06;L  ;        2.25;       36.29;'3850111981746';SREDSTVA ZA ÈIŠÆENJE;        0.00;        0.00
BREF POWER BLUE AKTIV FLOWER 3X50g      ;538750    ;BREF           ;        0.15;kg ;        0.00;       26.60;'9000101024067';SREDSTVA ZA ÈIŠÆENJE;        7.59;        3.99
WC OSVJ.DR.DEVIL SUNSET BLOCK 75mL      ;539417    ;DEVIL          ;        0.08;L  ;        3.55;       44.38;'8595025817747';SREDSTVA ZA ÈIŠÆENJE;        0.00;        0.00
WC OSVJ.DR DEVIL NATUR 3X55mL           ;539788    ;PORTEROS D.O.O.;        0.17;L  ;        2.79;       16.91;'8595025819642';SREDSTVA ZA ÈIŠÆENJE;        0.00;        0.00
WC OSVJ.DR.DEVIL LEMON 3X55mL           ;539789    ;PORTEROS D.O.O.;        0.17;L  ;        2.79;       16.91;'8595025819659';SREDSTVA ZA ÈIŠÆENJE;        0.00;        0.00
BREF POWER QUATRO LEMON 4X50g           ;551946    ;BREF           ;        0.20;kg ;        0.00;       23.95;'9000101308907';SREDSTVA ZA ÈIŠÆENJE;        8.49;        4.79
WC NET ULOŽAK STYLE PINK                ;568884    ;WC NET         ;        0.04;kg ;        3.39;       94.17;'8003650014733';SREDSTVA ZA ÈIŠÆENJE;        0.00;        0.00
WC NET ULOŽAK STYLE BLU                 ;568885    ;WC NET         ;        0.04;kg ;        3.39;       94.17;'8003650014757';SREDSTVA ZA ÈIŠÆENJE;        0.00;        0.00
BREF DELUXE MAGNOLIA 3*50g              ;576556    ;BREF           ;        0.15;kg ;        0.00;       26.60;'9000101375145';SREDSTVA ZA ÈIŠÆENJE;        7.59;        3.99
WC NET ULOŽAK STYLE GREEN 36g           ;577639    ;WC NET         ;        0.04;kg ;        3.39;       94.17;'8003650014771';SREDSTVA ZA ÈIŠÆENJE;        0.00;        0.00
BREF DELUXE MAGNOLIA 2*50g              ;580949    ;BREF           ;        0.10;kg ;        6.49;       64.90;'9000101375084';SREDSTVA ZA ÈIŠÆENJE;        0.00;        0.00
WC OSVJ.DR.DEVIL LIME BLOCK 75mL        ;591223    ;DEVIL          ;        0.08;L  ;        3.55;       44.38;'8595025831132';SREDSTVA ZA ÈIŠÆENJE;        0.00;        0.00
ARF WC OSVJ.LEMON POWER 55g             ;595810    ;ARF            ;        0.06;kg ;        1.99;       36.18;'3850105174864';SREDSTVA ZA ÈIŠÆENJE;        0.00;        0.00
ARF WC OSVJ.BLUE DEZICLEAN 2X33g        ;595811    ;ARF            ;        0.07;kg ;        3.98;       60.30;'3850105174956';SREDSTVA ZA ÈIŠÆENJE;        0.00;        0.00
ARF WC OSVJ.PINE POWER 2X55g            ;595812    ;ARF            ;        0.11;kg ;        3.98;       36.18;'3850105174987';SREDSTVA ZA ÈIŠÆENJE;        0.00;        0.00
WC OSVJ.WC FRESH TROPICAL 40g           ;604019    ;FRESH          ;        0.05;kg ;        0.75;       15.00;'5902506006058';SREDSTVA ZA ÈIŠÆENJE;        0.00;        0.00
BREF GEL BRILIANT SPRING RAIN 3X42g     ;608427    ;BREF           ;        0.00;   ;        0.00;        0.00;'9000101508918';SREDSTVA ZA ÈIŠÆENJE;        7.59;        3.99
BREF GEL ARTIC OCEAN 3X42g              ;608428    ;BREF           ;        0.13;kg ;        0.00;       31.67;'9000101508123';SREDSTVA ZA ÈIŠÆENJE;        7.59;        3.99
BREF BRILLIANT GEL SPRING RAIN 2X42g    ;608493    ;BREF           ;        0.08;kg ;        6.49;       77.26;'9000101509427';SREDSTVA ZA ÈIŠÆENJE;        0.00;        0.00
BREF BRILLIANT GEL OCEAN 2X42g          ;610790    ;BREF           ;        0.08;kg ;        6.49;       77.26;'9000101508727';SREDSTVA ZA ÈIŠÆENJE;        0.00;        0.00
WE CARE PRE POO NEUTRALIZATOR 50mL      ;612027    ;VIOLETA        ;        0.05;L  ;        2.29;       45.80;'3870128026612';SREDSTVA ZA ÈIŠÆENJE;        0.00;        0.00
DUCK FRESH DISC BAZA+TEKUÆINA*          ;614282    ;DUCK           ;        0.00;   ;        5.19;        0.00;'3858889578861';SREDSTVA ZA ÈIŠÆENJE;        0.00;        0.00
SANITAR WC HYGIENE RINGS CITRUS 2X40g   ;616607    ;SANITAR        ;        0.08;kg ;        3.99;       49.88;'3850111901157';SREDSTVA ZA ÈIŠÆENJE;        0.00;        0.00
SANITAR WC HYGIENE RINGS FLOWER 2X40g   ;616608    ;SANITAR        ;        0.08;kg ;        3.99;       49.88;'3850111901164';SREDSTVA ZA ÈIŠÆENJE;        0.00;        0.00
SANITAR HYG.RINGS FLOWER 40g            ;617578    ;SANITAR        ;        0.04;kg ;        2.65;       66.25;'3850111901133';SREDSTVA ZA ÈIŠÆENJE;        0.00;        0.00
DOMESTOS WC.OSVJ.PARIS 3X55g*           ;619786    ;DOMESTOS       ;        0.17;kg ;        5.79;       35.09;'8720182403322';SREDSTVA ZA ÈIŠÆENJE;        0.00;        0.00
BREF POWER WELLNESS 3X50g               ;634433    ;BREF           ;        0.15;kg ;        0.00;       26.60;'9000101588392';SREDSTVA ZA ÈIŠÆENJE;        7.59;        3.99
AROLA OSVJ.PROSTORA FLOWER SPREJ REFILL ;635215    ;AROLA          ;        0.02;L  ;        2.45;      163.33;'5900785990419';SREDSTVA ZA ÈIŠÆENJE;        0.00;        0.00
DUCK AQUA BLUE MYST.LAGOON 2X36g        ;636228    ;DUCK           ;        0.07;kg ;        3.69;       51.25;'5000204323894';SREDSTVA ZA ÈIŠÆENJE;        0.00;        0.00
BREF WELLNESS HARMONY 2X50g             ;636467    ;BREF           ;        0.10;kg ;        6.49;       64.90;'9000101587722';SREDSTVA ZA ÈIŠÆENJE;        0.00;        0.00
BREF PA LEMON 6X50g                     ;637073    ;BREF           ;        0.30;kg ;        0.00;       19.97;'9000101591965';SREDSTVA ZA ÈIŠÆENJE;       10.99;        5.99
BREF PA PINE 6X50g                      ;637074    ;BREF           ;        0.30;kg ;        0.00;       19.97;'9000101592085';SREDSTVA ZA ÈIŠÆENJE;       10.99;        5.99
BREF CA EUCALYPTUS 5X50g                ;637075    ;BREF           ;        0.25;kg ;        0.00;       23.96;'9000101592368';SREDSTVA ZA ÈIŠÆENJE;       10.99;        5.99
DUCK AQUA BLUE MYSTICAL 36g             ;637238    ;DUCK           ;        0.04;kg ;        2.15;       59.72;'5000204323863';SREDSTVA ZA ÈIŠÆENJE;        0.00;        0.00
DUCK FRESH DISCS REFILL LIME 72mL       ;666071    ;DUCK           ;        0.07;L  ;        4.95;       68.75;'5000204341621';SREDSTVA ZA ÈIŠÆENJE;        0.00;        0.00
OSVJEŽIVAÈ ZA KOTLIÆ FORCE WC BLOO 40g  ;666089    ;FORCE          ;        0.04;kg ;        1.39;       34.75;'5900785410009';SREDSTVA ZA ÈIŠÆENJE;        0.00;        0.00
DUCK DISCS LIME 36mL                    ;666214    ;DUCK           ;        0.04;L  ;        4.79;      133.06;'5000204341508';SREDSTVA ZA ÈIŠÆENJE;        0.00;        0.00
DUCK DISCS VIOLET 36mL                  ;666217    ;DUCK           ;        0.04;L  ;        4.79;      133.06;'5000204344844';SREDSTVA ZA ÈIŠÆENJE;        0.00;        0.00
DUCK REFILL MARINE 72mL                 ;666218    ;DUCK           ;        0.07;L  ;        4.95;       68.75;'3830063512519';SREDSTVA ZA ÈIŠÆENJE;        0.00;        0.00
WC OSVJ.DR.DEVIL 2X20g POLAR AQUA       ;666231    ;DR DEVIL       ;        0.04;kg ;        3.99;       99.75;'8595025835673';SREDSTVA ZA ÈIŠÆENJE;        0.00;        0.00
WC OSVJ.DR.DEVIL 2X20g SUNSET BLOSSOM   ;666234    ;DR DEVIL       ;        0.04;kg ;        3.99;       99.75;'8595025835680';SREDSTVA ZA ÈIŠÆENJE;        0.00;        0.00
MREŽICA ZA PISOAR OCEAN BLUE            ;666242    ;INSAKO DOO;        0.00;   ;        3.32;        0.00;'8699237395342';SREDSTVA ZA ÈIŠÆENJE;        0.00;        0.00
MREŽICA ZA PISOAR LIMUN ŽUTA            ;666244    ;INSAKO DOO;        0.00;   ;        3.32;        0.00;'3858894230808';SREDSTVA ZA ÈIŠÆENJE;        0.00;        0.00
DUCK 2X36g AQUA PINK MANGO VERSE        ;666247    ;DUCK           ;        0.07;kg ;        3.49;       48.47;'5000204377200';SREDSTVA ZA ÈIŠÆENJE;        0.00;        0.00
DUCK 2X36g AQUA TURQUOISE VIOLET        ;666248    ;DUCK           ;        0.07;kg ;        3.49;       48.47;'5000204377231';SREDSTVA ZA ÈIŠÆENJE;        0.00;        0.00
DUCK 36mL BAZA MANGO VERSE              ;666249    ;DUCK           ;        0.04;L  ;        4.79;      133.06;'3858895411060';SREDSTVA ZA ÈIŠÆENJE;        0.00;        0.00
DUCK 72mL REFIL MANGO VERSE             ;666250    ;DUCK           ;        0.07;L  ;        4.79;       66.53;'3858895411084';SREDSTVA ZA ÈIŠÆENJE;        0.00;        0.00
DUCK FRESH DISCS REFF LAVANDA 72mL      ;666447    ;DUCK           ;        0.07;L  ;        4.95;       68.75;'5000204341683';SREDSTVA ZA ÈIŠÆENJE;        0.00;        0.00
DUCK DISCS BLUE 36mL                    ;666498    ;DUCK           ;        0.04;L  ;        4.79;      133.06;'5000204331486';SREDSTVA ZA ÈIŠÆENJE;        0.00;        0.00
DUCK FRESH DISC BLUE REFILL 72mL        ;666499    ;DUCK           ;        0.07;L  ;        4.99;       69.31;'5000204331516';SREDSTVA ZA ÈIŠÆENJE;        0.00;        0.00
DOMESTOS WC OSVJ.LIMUN 2X50g            ;666556    ;DOMESTOS       ;        0.10;kg ;        4.99;       49.90;'8720182903174';SREDSTVA ZA ÈIŠÆENJE;        0.00;        0.00
DOMESTOS WC OSVJ.UNICORN 2X50g          ;666558    ;DOMESTOS       ;        0.10;kg ;        4.99;       49.90;'8720182911513';SREDSTVA ZA ÈIŠÆENJE;        0.00;        0.00
DOMESTOS WC OSVJ.MAGNOLIA 3X50g         ;666560    ;DOMESTOS       ;        0.15;kg ;        6.99;       46.60;'8720182903877';SREDSTVA ZA ÈIŠÆENJE;        0.00;        0.00
SANITAR HYGIENE RINGS OCEAN 40g         ;666578    ;SANITAR        ;        0.04;kg ;        2.65;       66.25;'3850111901119';SREDSTVA ZA ÈIŠÆENJE;        0.00;        0.00
SANITAR HYGIENE RINGS CITRUS 40g        ;666579    ;SANITAR        ;        0.04;kg ;        2.65;       66.25;'3850111901126';SREDSTVA ZA ÈIŠÆENJE;        0.00;        0.00
SANITAR HYGIENE RING OCEAN 3X40g        ;666580    ;SANITAR        ;        0.00;   ;        5.99;        0.00;'3850111901171';SREDSTVA ZA ÈIŠÆENJE;        0.00;        0.00
SANITAR HYGIENE RINGS CITRUS 3X40       ;666581    ;SANITAR        ;        0.04;kg ;        5.99;      149.75;'3850111901188';SREDSTVA ZA ÈIŠÆENJE;        0.00;        0.00
SANITAR HYGIENE RINGS FLOWER 3X40g      ;666583    ;SANITAR        ;        0.04;kg ;        5.99;      149.75;'3850111901195';SREDSTVA ZA ÈIŠÆENJE;        0.00;        0.00
DUCK TEKUÆINA 750mL+ACTIV CLEAN 38,6g*  ;666599    ;DUCK           ;        0.00;   ;        0.00;        0.00;'3858893903086';SREDSTVA ZA ÈIŠÆENJE;        3.99;        3.49
SANITAR HYGIENE RINGS OCEAN 2X40g       ;666608    ;SANITAR        ;        0.08;kg ;        3.99;       49.88;'3850111901140';SREDSTVA ZA ÈIŠÆENJE;        0.00;        0.00
SPLASH WC OSVJ.AQUA BOOM 2X45g          ;666716    ;CALCAR D.O.;        0.90;kg ;        2.99;        3.32;'4262358180094';SREDSTVA ZA ÈIŠÆENJE;        0.00;        0.00
BREF 3X50g GEN Z*                       ;666882    ;BREF           ;        0.15;kg ;        5.79;       38.60;'9000101831245';SREDSTVA ZA ÈIŠÆENJE;        0.00;        0.00
DUCK DISCS LAVANDA 36mL                 ;666971    ;DUCK           ;        0.36;L  ;        4.79;       13.31;'5000204341560';SREDSTVA ZA ÈIŠÆENJE;        0.00;        0.00
CAREFREE ALOA 20 S                      ;171220    ;CAREFREE       ;       20.00;KOM;        2.15;        0.11;'3574660224849';TOALETNE POTREPŠTINE;        0.00;        0.00
LIBRESSE EXTRA LONG 24/1                ;176827    ;LIBRESSE       ;       24.00;KOM;        2.29;        0.10;'7322540062656';TOALETNE POTREPŠTINE;        0.00;        0.00
NATURELLA NORMAL DEO 20                 ;259215    ;NATURELLA      ;       20.00;KOM;        1.59;        0.08;'4015400240310';TOALETNE POTREPŠTINE;        0.00;        0.00
LIBRESE CLASSIC DEO DN.ULOŽAK 50        ;267529    ;LIBRESSE       ;       50.00;KOM;        2.29;        0.05;'7322540261455';TOALETNE POTREPŠTINE;        0.00;        0.00
LIBRESSE CLASSIC DNEVNI ULOŠCI 50/1     ;37915     ;LIBRESSE       ;       50.00;KOM;        2.29;        0.05;'7310794282005';TOALETNE POTREPŠTINE;        0.00;        0.00
LIBRESSE EXTRA NORMAL DN.ULOŠCI 58      ;413182    ;LIBRESSE       ;       58.00;KOM;        3.25;        0.06;'7322540276855';TOALETNE POTREPŠTINE;        0.00;        0.00
ALWAYS DNEVNI NORM.FRESH DEO 30         ;518798    ;ALWAYS         ;       30.00;KOM;        2.49;        0.08;'4015400743545';TOALETNE POTREPŠTINE;        0.00;        0.00
ALWAYS DNEVNI NORMAL FRESH 60           ;520412    ;ALWAYS         ;       60.00;KOM;        3.45;        0.06;'4015400563747';TOALETNE POTREPŠTINE;        0.00;        0.00
ALWAYS DNEVNI NORMAL FRESH 58           ;520415    ;ALWAYS         ;       58.00;KOM;        3.45;        0.06;'4015400565574';TOALETNE POTREPŠTINE;        0.00;        0.00
ALWAYS DNEVNI EXTRA LONG 44             ;520417    ;ALWAYS         ;       44.00;KOM;        3.45;        0.08;'4015400563846';TOALETNE POTREPŠTINE;        0.00;        0.00
ALWAYS NORMAL FRESH 20 DNEVNI           ;543489    ;ALWAYS         ;       20.00;KOM;        1.99;        0.10;'8001090361998';TOALETNE POTREPŠTINE;        0.00;        0.00
NATURELLA NORMAL 52 DNEVNI              ;543493    ;NATURELLA      ;       52.00;KOM;        2.79;        0.05;'8001090604040';TOALETNE POTREPŠTINE;        0.00;        0.00
ALWAYS DNEVNI LONG 26                   ;543985    ;ALWAYS         ;       26.00;KOM;        2.59;        0.10;'8001090718464';TOALETNE POTREPŠTINE;        0.00;        0.00
CAREFREE COTTON ALOE 56 S               ;574932    ;CAREFREE       ;       56.00;KOM;        0.00;        0.05;'3574661552804';TOALETNE POTREPŠTINE;        3.59;        2.79
CAREFREE FLEXI WHITE 56 S               ;574937    ;CAREFREE       ;       56.00;KOM;        0.00;        0.05;'3574661552576';TOALETNE POTREPŠTINE;        3.59;        2.79
CAREFREE COTTON FRESH 56                ;575617    ;CAREFREE       ;        0.00;   ;        0.00;        0.00;'3574661554877';TOALETNE POTREPŠTINE;        3.59;        2.79
CAREFREE LARGE PLUS FRESH 20            ;576332    ;CAREFREE       ;       20.00;KOM;        2.25;        0.11;'3574661486741';TOALETNE POTREPŠTINE;        0.00;        0.00
NATURELLA DNEVNI CHAMOMILE 20           ;576718    ;NATURELLA      ;       20.00;KOM;        1.59;        0.08;'8001841280561';TOALETNE POTREPŠTINE;        0.00;        0.00
CAREFREE LARGE 48KOM                    ;578625    ;CAREFREE       ;       48.00;KOM;        0.00;        0.06;'3574661487618';TOALETNE POTREPŠTINE;        3.55;        2.75
LIBRESSE EXTRA NORMAL DNEVNI 32KOM      ;586374    ;LIBRESSE       ;       32.00;KOM;        2.29;        0.07;'7322541195315';TOALETNE POTREPŠTINE;        0.00;        0.00
VIOLETA DNEVNI ULOŠCI KANTARION 50/1    ;605883    ;VIOLETA        ;       50.00;KOM;        2.65;        0.05;'3870128007031';TOALETNE POTREPŠTINE;        0.00;        0.00
LIBRESSE DUO LONG MULTI 50              ;609135    ;LIBRESSE       ;       50.00;KOM;        3.25;        0.07;'7322541350530';TOALETNE POTREPŠTINE;        0.00;        0.00
CAREFREE COTTON FRESH 76                ;613001    ;CAREFREE       ;       76.00;KOM;        0.00;        0.05;'3574660464429';TOALETNE POTREPŠTINE;        4.59;        3.45
VIOL.DNEVNI UL.AIR FIT NORMAL 50/1      ;613121    ;VIOLETA        ;        0.00;   ;        2.65;        0.00;'3870128023680';TOALETNE POTREPŠTINE;        0.00;        0.00
ALWAYS DNEVNI LONG AURA 52CT            ;632133    ;ALWAYS         ;       52.00;KOM;        3.45;        0.07;'8006540791394';TOALETNE POTREPŠTINE;        0.00;        0.00
ALWAYS DNEVNI NORMAL FRESH 80           ;652198    ;ALWAYS         ;       80.00;KOM;        3.99;        0.05;'8001090131294';TOALETNE POTREPŠTINE;        0.00;        0.00
ALWAYS ULTRA NOÆNI DUO 14               ;656732    ;ALWAYS         ;       14.00;KOM;        0.00;        0.16;'8700216861052';TOALETNE POTREPŠTINE;        3.49;        2.29
ALWAYS ULTRA NORMAL PLUS 10**           ;02317     ;ALWAYS         ;       10.00;KOM;        2.49;        0.25;'5997253515991';TOALETNE POTREPŠTINE;        0.00;        0.00
ALWAYS ULTRA SUPER 8**                  ;03191     ;ALWAYS         ;        8.00;KOM;        1.99;        0.25;'4015400403845';TOALETNE POTREPŠTINE;        0.00;        0.00
LIBRESSE MAXI NORMAL CLIP 10            ;06795     ;LIBRESSE       ;       10.00;KOM;        2.45;        0.25;'7310790088137';TOALETNE POTREPŠTINE;        0.00;        0.00
VIR 80 10/1                             ;11725     ;VIR            ;       10.00;KOM;        2.49;        0.25;'3838985022390';TOALETNE POTREPŠTINE;        0.00;        0.00
ALWAYS ULTRA NOÆNI DUO 14**             ;130392    ;ALWAYS         ;       14.00;KOM;        0.00;        0.21;'4015400032328';TOALETNE POTREPŠTINE;        3.49;        2.99
ALWAYS ULTRA SENSITIVE NORMAL PLUS10**  ;164215    ;ALWAYS         ;       10.00;KOM;        0.00;        0.13;'4015400213857';TOALETNE POTREPŠTINE;        1.69;        1.29
ALWAYS ULTRA SENSITIVE NORMAL PLUS 20   ;164216    ;ALWAYS         ;       20.00;KOM;        0.00;        0.11;'4015400213932';TOALETNE POTREPŠTINE;        3.98;        2.29
LIBRESSE CLAS.NORMAL 20/1               ;172749    ;LIBRESSE       ;       20.00;KOM;        1.55;        0.08;'7322540063547';TOALETNE POTREPŠTINE;        0.00;        0.00
MICCI NORMAL HIG.ULOŠCI 10/1            ;186226    ;MICCI          ;       10.00;KOM;        1.06;        0.11;'8594004300133';TOALETNE POTREPŠTINE;        0.00;        0.00
NATURELLA ULTRA NORMAL 10               ;222977    ;NATURELLA      ;       10.00;KOM;        1.99;        0.20;'4015400125037';TOALETNE POTREPŠTINE;        0.00;        0.00
NATURELLA ULTRA MAXI 8                  ;222979    ;NATURELLA      ;        8.00;KOM;        1.99;        0.25;'4015400125099';TOALETNE POTREPŠTINE;        0.00;        0.00
ALWAYS CLASSIC MAXI 9 IPAD              ;257045    ;ALWAYS         ;        9.00;KOM;        1.92;        0.21;'4015400259459';TOALETNE POTREPŠTINE;        0.00;        0.00
NATURELLA CLASSIC NIGHT 14              ;348396    ;NATURELLA      ;       14.00;KOM;        2.52;        0.18;'4015400437932';TOALETNE POTREPŠTINE;        0.00;        0.00
NATURELLA CLASSIC MAXI 8                ;348397    ;NATURELLA      ;        8.00;KOM;        1.72;        0.22;'4015400317999';TOALETNE POTREPŠTINE;        0.00;        0.00
NATURELLA CLASSIC NIGHT 7               ;348398    ;NATURELLA      ;        7.00;KOM;        0.00;        0.20;'4015400437543';TOALETNE POTREPŠTINE;        1.72;        1.39
NATURELLA CLASSIC NORMAL 10             ;349528    ;NATURELLA      ;       10.00;KOM;        1.72;        0.17;'4015400317876';TOALETNE POTREPŠTINE;        0.00;        0.00
NATURELLA CLASSIC MAXI 16               ;349530    ;NATURELLA      ;       16.00;KOM;        2.52;        0.16;'4015400318026';TOALETNE POTREPŠTINE;        0.00;        0.00
LIBRESSE MAXI GOODNIGHT CLIP DUO NEW20  ;375235    ;LIBRESSE       ;       20.00;KOM;        3.99;        0.20;'7322540576450';TOALETNE POTREPŠTINE;        0.00;        0.00
LIBRESSE MAXI SUPER CLIP 9              ;389277    ;LIBRESSE       ;        9.00;KOM;        2.25;        0.25;'7322540591927';TOALETNE POTREPŠTINE;        0.00;        0.00
ALWAYS ULTRA DUO SENSITIVE NIGHT 14**   ;389753    ;ALWAYS         ;       14.00;KOM;        0.00;        0.19;'4015400552154';TOALETNE POTREPŠTINE;        2.29;        2.69
ALWAYS ULTRA NIGHT PROTECTION 12*       ;423066    ;ALWAYS         ;       12.00;KOM;        0.00;        0.19;'4015400612469';TOALETNE POTREPŠTINE;        2.99;        2.29
VIOLETA HIG.UL.COTTON NORMAL 10/1**     ;435430    ;VIOLETA        ;       10.00;KOM;        1.59;        0.16;'3870128007925';TOALETNE POTREPŠTINE;        0.00;        0.00
VIOLETA HIG.UL.COTTON SUPER PL.10/1**   ;435432    ;VIOLETA        ;       10.00;KOM;        1.59;        0.16;'3870128008045';TOALETNE POTREPŠTINE;        0.00;        0.00
ALWAYS ULOŠCI CLASSIC MAXI SUPER + 8KOM ;449154    ;ALWAYS         ;        8.00;KOM;        1.92;        0.24;'4015400260837';TOALETNE POTREPŠTINE;        0.00;        0.00
ALWAYS ULTRA NOÆNI ULOŠCI 7**           ;47772     ;ALWAYS         ;        7.00;KOM;        1.75;        0.25;'4015400012306';TOALETNE POTREPŠTINE;        0.00;        0.00
ALWAYS ULTRA SUP.QUATTRO 32**           ;517736    ;ALWAYS         ;       32.00;KOM;        4.95;        0.15;'4015400095132';TOALETNE POTREPŠTINE;        0.00;        0.00
ALWAYS ULTRA NIGHT QUATTRO 28**         ;517737    ;ALWAYS         ;       28.00;KOM;        4.95;        0.18;'4015400489764';TOALETNE POTREPŠTINE;        0.00;        0.00
ALWAYS PLATINUM NORMAL 16               ;539403    ;ALWAYS         ;       16.00;KOM;        0.00;        0.19;'8001090444912';TOALETNE POTREPŠTINE;        3.29;        2.99
ALWAYS PLATINUM SUPER 14                ;539405    ;ALWAYS         ;       14.00;KOM;        0.00;        0.16;'8001090444998';TOALETNE POTREPŠTINE;        2.99;        2.29
ALWAYS PLATINUM NIGHT 12                ;539406    ;ALWAYS         ;       12.00;KOM;        0.00;        0.19;'8001090445070';TOALETNE POTREPŠTINE;        2.99;        2.29
NATURELLA ULTRA NORMAL 20               ;543490    ;NATURELLA      ;       20.00;KOM;        3.05;        0.15;'8001090585592';TOALETNE POTREPŠTINE;        0.00;        0.00
NATURELLA ULTRA SUPER 16                ;543491    ;NATURELLA      ;       16.00;KOM;        3.05;        0.19;'8001090586032';TOALETNE POTREPŠTINE;        0.00;        0.00
NATURELLA ULTRA NIGHT 14                ;543492    ;NATURELLA      ;       14.00;KOM;        3.05;        0.22;'8001090585394';TOALETNE POTREPŠTINE;        0.00;        0.00
NATURELLA CLASIC NORMAL 18              ;551569    ;NATURELLA      ;       18.00;KOM;        2.52;        0.14;'8001090850638';TOALETNE POTREPŠTINE;        0.00;        0.00
LIBRESSE MAXI GOODNIGHT CLIP 10KOM      ;583875    ;LIBRESSE       ;       10.00;KOM;        2.45;        0.25;'7322541192543';TOALETNE POTREPŠTINE;        0.00;        0.00
LIBRESSE ULTRA SUPER 16/1               ;584237    ;LIBRESSE       ;       16.00;KOM;        3.35;        0.21;'7322541195056';TOALETNE POTREPŠTINE;        0.00;        0.00
LIBRESSE ULTRA NORMAL DUO 20KOM         ;584376    ;LIBRESSE       ;       20.00;KOM;        3.35;        0.17;'7322541194998';TOALETNE POTREPŠTINE;        0.00;        0.00
LIBRESSE ULTRA CLIP NORMAL 10/1         ;584529    ;LIBRESSE       ;       10.00;KOM;        2.39;        0.24;'7322541195018';TOALETNE POTREPŠTINE;        0.00;        0.00
LIBRESSE NATURAL CLIP NORMAL DUO 20     ;591550    ;LIBRESSE       ;       20.00;KOM;        3.35;        0.17;'7322541237275';TOALETNE POTREPŠTINE;        0.00;        0.00
VIOLETA HU WE CARE AIR FIT NORMAL 10/1**;592231    ;VIOLETA        ;       10.00;KOM;        1.59;        0.16;'3870128023482';TOALETNE POTREPŠTINE;        0.00;        0.00
VIOLETA HU WE CARE AIR FIT SUPER+ 10/1**;592233    ;VIOLETA        ;       10.00;KOM;        1.59;        0.16;'3870128023420';TOALETNE POTREPŠTINE;        0.00;        0.00
VIR 90 CLASSIC COMFORT 10/1             ;594194    ;VIR            ;       10.00;KOM;        1.55;        0.16;'3838985893723';TOALETNE POTREPŠTINE;        0.00;        0.00
LIBRESSE ULTRA GOOD NIGHT DUO 16/1      ;602459    ;LIBRESSE       ;       16.00;KOM;        3.35;        0.21;'7322540960273';TOALETNE POTREPŠTINE;        0.00;        0.00
ALWAYS ULOŠCI ULTRA SUPER NIGHT 10KOM   ;604623    ;ALWAYS         ;       10.00;KOM;        0.00;        0.23;'8006540093849';TOALETNE POTREPŠTINE;        2.49;        2.29
NATURELLA ULTRA NORMAL PLUS 9           ;605537    ;NATURELLA      ;        9.00;KOM;        0.00;        0.17;'8006540098219';TOALETNE POTREPŠTINE;        1.99;        1.49
NATURELLA ULTRA NORMAL PLUS 18          ;605538    ;NATURELLA      ;       18.00;KOM;        3.05;        0.17;'8006540098257';TOALETNE POTREPŠTINE;        0.00;        0.00
ALWAYS ULOŠCI 40 ULTRA NORMAL LIGHT**   ;613005    ;ALWAYS         ;       40.00;KOM;        4.95;        0.12;'8006540211380';TOALETNE POTREPŠTINE;        0.00;        0.00
ALWAYS ULOŠCI ULTRA QUATRO SEC.NIGHT 24 ;614797    ;ALWAYS         ;       24.00;KOM;        4.95;        0.21;'8006540093764';TOALETNE POTREPŠTINE;        0.00;        0.00
LIBRESSE ULTRA ALOE VERA&CAMOMILE 20KOM ;631571    ;LIBRESSE       ;       20.00;KOM;        3.35;        0.17;'7322540344011';TOALETNE POTREPŠTINE;        0.00;        0.00
ALWAYS DUO ULTRA NORMAL LIGHT 20CT**    ;632106    ;ALWAYS         ;       20.00;KOM;        0.00;        0.12;'8006540995839';TOALETNE POTREPŠTINE;        3.98;        2.49
ALWAYS MEGAPACK 36 ULTRA S.NIGHT        ;647694    ;ALWAYS         ;       36.00;KOM;        6.99;        0.19;'8700216450379';TOALETNE POTREPŠTINE;        0.00;        0.00
ALWAYS MEGAPACK 40 ULTRA NIGHT          ;647695    ;ALWAYS         ;       40.00;KOM;        6.99;        0.17;'8700216450287';TOALETNE POTREPŠTINE;        0.00;        0.00
ALWAYS MEGAPACK 48 ULTRA SUPER          ;647696    ;ALWAYS         ;       48.00;KOM;        6.99;        0.15;'8700216450294';TOALETNE POTREPŠTINE;        0.00;        0.00
ALWAYS MEGAPACK 56KOM ULTRA NORMAL      ;647697    ;ALWAYS         ;       56.00;KOM;        6.99;        0.12;'8700216450348';TOALETNE POTREPŠTINE;        0.00;        0.00
ALWAYS ULOŠCI PLATINUM 10KOM NIGHT      ;652545    ;ALWAYS         ;       10.00;KOM;        0.00;        0.23;'8001841449906';TOALETNE POTREPŠTINE;        2.49;        2.29
ALWAYS ULOŠCI ULTRA NORMAL 40 LIGHT     ;655638    ;ALWAYS         ;       40.00;KOM;        4.95;        0.12;'8700216171342';TOALETNE POTREPŠTINE;        0.00;        0.00
ALWAYS ULOŠCI 16 ULTRA SUPER            ;655639    ;ALWAYS         ;       16.00;KOM;        0.00;        0.14;'8700216861069';TOALETNE POTREPŠTINE;        3.98;        2.29
ALWAYS DUO ULTRA NORMAL LIGHT 20CT      ;655990    ;ORBICO d.o.o.;       20.00;KOM;        0.00;        0.11;'8700216171311';TOALETNE POTREPŠTINE;        3.98;        2.29
ALWAYS ULTRA SUPER PLUS 32 QUATTRO      ;656085    ;ALWAYS         ;       32.00;KOM;        4.95;        0.15;'8700216861199';TOALETNE POTREPŠTINE;        0.00;        0.00
VIOLETA HIG.ULOŠCI AIR FIT NIGHT 10/1** ;656473    ;VIOLETA D.O.O.;       10.00;KOM;        1.85;        0.19;'3870128023628';TOALETNE POTREPŠTINE;        0.00;        0.00
ALWAYS ULTRA NORMAL 10                  ;657417    ;ORBICO d.o.o.;       10.00;KOM;        2.49;        0.25;'8700216861120';TOALETNE POTREPŠTINE;        0.00;        0.00
ALWAYS ULTRA SUPER 8                    ;657418    ;ORBICO d.o.o.;        8.00;KOM;        1.99;        0.25;'4015400759119';TOALETNE POTREPŠTINE;        0.00;        0.00
ALWAYS ULTRA NIGHT 7                    ;657419    ;ORBICO d.o.o.;        7.00;KOM;        1.75;        0.25;'8700216916059';TOALETNE POTREPŠTINE;        0.00;        0.00
ALWAYS ULTRA NIGHT QUATRRO 28           ;657458    ;ALWAYS         ;       28.00;KOM;        4.95;        0.18;'8700216861182';TOALETNE POTREPŠTINE;        0.00;        0.00
VIOLETA HIG.ULOŠCI NIGHT 10/1 AIR FIT   ;657699    ;VIOLETA        ;       10.00;KOM;        1.85;        0.19;'3870128041011';TOALETNE POTREPŠTINE;        0.00;        0.00
VIOLETA HIG.ULOŠCI NIGHT 20/1 AIR FIT   ;657700    ;VIOLETA        ;       20.00;KOM;        2.69;        0.13;'3870128041042';TOALETNE POTREPŠTINE;        0.00;        0.00
VIOLETA HIG.ULOŠCI AIR FIT SUPER+20/1   ;658540    ;VIOLETA        ;       20.00;KOM;        2.65;        0.13;'3870128040984';TOALETNE POTREPŠTINE;        0.00;        0.00
VIOLETA HIG.ULOŠCI COTTON SUPER+20/1    ;658769    ;VIOLETA D.O.O.;       20.00;KOM;        2.65;        0.13;'3870128040830';TOALETNE POTREPŠTINE;        0.00;        0.00
VIOLETA HIG.UL.COTTON SUPER PL.10/1     ;662183    ;VIOLETA        ;       10.00;KOM;        1.59;        0.16;'3870128040809';TOALETNE POTREPŠTINE;        0.00;        0.00
VIOLETA HU WE CARE AIR FIT NORMAL 20/1  ;662185    ;VIOLETA        ;       20.00;KOM;        2.65;        0.13;'3870128040922';TOALETNE POTREPŠTINE;        0.00;        0.00
VIOLETA HIG.UL. AIR FIT SUPER+ 10/1     ;662492    ;VIOLETA        ;       10.00;KOM;        1.59;        0.16;'3870128040953';TOALETNE POTREPŠTINE;        0.00;        0.00
VIOLETA HIG.UL.COTTON NORMAL 20/1       ;662800    ;VIOLETA        ;       20.00;KOM;        2.65;        0.13;'3870128040779';TOALETNE POTREPŠTINE;        0.00;        0.00
VIOLETA HIG.ULOŠCI COTTON NORMAL 10/1   ;663348    ;VIOLETA        ;       10.00;KOM;        1.59;        0.16;'3870128040748';TOALETNE POTREPŠTINE;        0.00;        0.00
VIOLETA HUG.ULOŠCI AIR FIT 10/1 NORMAL  ;663537    ;VIOLETA        ;       10.00;KOM;        1.59;        0.16;'3870128040892';TOALETNE POTREPŠTINE;        0.00;        0.00
LOLA SENSIT.VATA 50g                    ;02216     ;LOLA           ;        0.05;kg ;        1.59;       31.80;'3858881100015';TOALETNE POTREPŠTINE;        0.00;        0.00
HIGIJENSKA VATA 100g LOLA RIBAR         ;02217     ;LOLA           ;        0.10;kg ;        2.35;       23.50;'3858881100022';TOALETNE POTREPŠTINE;        0.00;        0.00
CIK-CAK VATA 100g TOSAMA                ;11682     ;TOSAMA         ;        0.10;KOM;        1.99;       19.90;'3838985292038';TOALETNE POTREPŠTINE;        0.00;        0.00
CIK-CAK VATA 50g TOSAMA                 ;11684     ;TOSAMA         ;        0.05;kg ;        0.00;       19.80;'3838985292021';TOALETNE POTREPŠTINE;        1.25;        0.99
CIK CAK VATA 100g LOLA RIBAR            ;18426     ;LOLA           ;        0.10;kg ;        2.35;       23.50;'3858881100619';TOALETNE POTREPŠTINE;        0.00;        0.00
CIK CAK VATA 200g LOLA RIBAR            ;18427     ;LOLA           ;        0.20;kg ;        3.59;       17.95;'3858881100602';TOALETNE POTREPŠTINE;        0.00;        0.00
JASMIN BLAZINICE SOFT 90/1**            ;210473    ;TOSAMA         ;       70.00;KOM;        0.00;        0.02;'3838985442105';TOALETNE POTREPŠTINE;        1.69;        1.39
BLAZINICE PAMUÈNE LORI ZA DJECU 50+10   ;237079    ;LOLA BABY      ;       60.00;KOM;        3.45;        0.06;'3858881100411';TOALETNE POTREPŠTINE;        0.00;        0.00
LOLETE BLAZINICE SENS.MAXI  50/1**      ;244804    ;LOLA           ;       50.00;KOM;        2.05;        0.04;'3858881100800';TOALETNE POTREPŠTINE;        0.00;        0.00
LOLETE BLAZINICE A85                    ;25273     ;LOLA           ;       85.00;KOM;        1.65;        0.02;'3858881100244';TOALETNE POTREPŠTINE;        0.00;        0.00
IPEK BLAZINICE 80/1                     ;443722    ;IPEK           ;       80.00;KOM;        0.86;        0.01;'8691275000516';TOALETNE POTREPŠTINE;        0.00;        0.00
BLAZINICE VATE 9,5X10 60KOM TO TO       ;534599    ;TOSAMA         ;       60.00;KOM;        3.15;        0.05;'3838985882109';TOALETNE POTREPŠTINE;        0.00;        0.00
LOLETE BLAZINICE SENS.120/1 ZA OSJ.KOŽU ;549992    ;LOLA           ;      120.00;KOM;        2.39;        0.02;'3858881101036';TOALETNE POTREPŠTINE;        0.00;        0.00
BLAZINICE VATE JASMIN SOFT NATURE 80/1  ;551066    ;TOSAMA         ;       80.00;KOM;        1.75;        0.02;'3838985882086';TOALETNE POTREPŠTINE;        0.00;        0.00
BLAZINICE JASMIN SENSITIVE 100KOM       ;565677    ;TOSAMA         ;      100.00;KOM;        2.05;        0.02;'3838985884721';TOALETNE POTREPŠTINE;        0.00;        0.00
KOZMETIÈKI ŠTAPIÆI BIORAZGRADIVI 100/1  ;662718    ;TOSAMA         ;      100.00;KOM;        0.00;        0.01;'3838985889061';TOALETNE POTREPŠTINE;        1.35;        1.15
TAMPONI OB 16 NORMAL                    ;20691     ;OB             ;       16.00;KOM;        4.15;        0.26;'3574660089318';TOALETNE POTREPŠTINE;        0.00;        0.00
TAMPONI OB 16 SUPER                     ;28623     ;OB             ;       16.00;KOM;        4.15;        0.26;'3574660089332';TOALETNE POTREPŠTINE;        0.00;        0.00
TAMPONI OB SUPER 16 COMFORT             ;567232    ;OB             ;       16.00;KOM;        4.59;        0.29;'3574660234541';TOALETNE POTREPŠTINE;        0.00;        0.00
TAMPONI O.B. PRO COMFORT NORMAL 16/1    ;570890    ;OB             ;       16.00;KOM;        4.59;        0.29;'3574660234428';TOALETNE POTREPŠTINE;        0.00;        0.00
TAMPONI OB PRO COMFORT SUPER 8          ;574157    ;OB             ;        8.00;KOM;        3.35;        0.42;'3574661476902';TOALETNE POTREPŠTINE;        0.00;        0.00
TAMPONI O.B. PRO COMFORT NORMAL 32      ;617070    ;OB             ;       32.00;KOM;        7.15;        0.22;'3574661485218';TOALETNE POTREPŠTINE;        0.00;        0.00
TAMPONI O.B. PROCOMFORT 16 SUPER PLUS   ;630859    ;OB             ;       16.00;KOM;        4.59;        0.29;'3574661476391';TOALETNE POTREPŠTINE;        0.00;        0.00
TAMPONI JASMIN NATURE NORMAL 16KOM      ;634686    ;TOSAMA         ;       16.00;KOM;        2.69;        0.17;'3838985899978';TOALETNE POTREPŠTINE;        0.00;        0.00
TAMPONI JASMIN NATURE SUPER 16          ;634687    ;TOSAMA         ;       16.00;KOM;        2.69;        0.17;'3838985899992';TOALETNE POTREPŠTINE;        0.00;        0.00
ŠTAPIÆI ZA UŠI DJEÈJI BIORAZG.60KOM     ;574155    ;TOSAMA         ;       60.00;KOM;        1.35;        0.02;'3838985889085';TOALETNE POTREPŠTINE;        0.00;        0.00
ŠTAPIÆI ZA UŠI 300/1 BIORAZG.PURE       ;574778    ;TOSAMA         ;      300.00;KOM;        2.05;        0.01;'3838985888972';TOALETNE POTREPŠTINE;        0.00;        0.00
ŠTAPIÆI ZA UŠI 200/1 JASMIN NATURE BIO. ;574779    ;TOSAMA         ;      200.00;KOM;        1.79;        0.01;'3838985888934';TOALETNE POTREPŠTINE;        0.00;        0.00
ŠTAPIÆI ZA UŠI 200/1 BIORAZG.PURE       ;576259    ;TOSAMA         ;        0.00;   ;        0.00;        0.00;'3838985888996';TOALETNE POTREPŠTINE;        1.75;        1.35
COTONEVE ŠTAPIÆI ZA UŠI BIO 200/1       ;576965    ;COTONEVE       ;      200.00;KOM;        1.99;        0.01;'8003350524969';TOALETNE POTREPŠTINE;        0.00;        0.00
COTONEVE ŠTAPIÆI ZA UŠI 200/1 BIORAZ.   ;577513    ;COTONEVE       ;      200.00;KOM;        1.99;        0.01;'8003350524990';TOALETNE POTREPŠTINE;        0.00;        0.00
LOLI HIG.ŠTAPIÆI PAPIRNATI REFIL 160KOM ;603758    ;LOLI           ;      160.00;KOM;        1.69;        0.01;'3858890795288';TOALETNE POTREPŠTINE;        0.00;        0.00
LOLA BABY PAP.ŠTAPIÆI SA ŠTITNIKOM 60   ;609692    ;LOLA BABY      ;       60.00;KOM;        1.69;        0.03;'3858890795240';TOALETNE POTREPŠTINE;        0.00;        0.00
ŠTAPIÆI ZA UŠI IPEK 100/1               ;613043    ;IPEK           ;      100.00;KOM;        0.79;        0.01;'8691275001070';TOALETNE POTREPŠTINE;        0.00;        0.00
VLAŽNE MARAMICE AQUAWORLD 15/1          ;287157    ;FRESH          ;       15.00;KOM;        0.40;        0.03;'8606100820740';TOALETNE POTREPŠTINE;        0.00;        0.00
VLAŽNE MARAMICE JUNIOR 15/1             ;287158    ;FRESH          ;       15.00;KOM;        0.40;        0.03;'8606100820665';TOALETNE POTREPŠTINE;        0.00;        0.00
VLAŽNE MARAMICE FRESH 15KOM DEO         ;317818    ;FRESH          ;       15.00;KOM;        0.40;        0.03;'8606100820658';TOALETNE POTREPŠTINE;        0.00;        0.00
VIOLETA FRESH CITRUS 18/1               ;369622    ;VIOLETA        ;       18.00;KOM;        0.00;        0.03;'3870128003972';TOALETNE POTREPŠTINE;        0.80;        0.55
ASEPSOLETA FRESH 20/1                   ;602300    ;ASEPSOLETA     ;       20.00;KOM;        0.00;        0.06;'3856007908439';TOALETNE POTREPŠTINE;        1.99;        1.19
ASEPSOLETA SENSITIVE 20/1               ;619248    ;ASEPSOLETA     ;       20.00;KOM;        0.00;        0.06;'3856007908446';TOALETNE POTREPŠTINE;        1.99;        1.19
ASEPTOL FRESH 20/1 VLAŽNE MARAMICE      ;655815    ;REVISO d.o.o.ZAGREB;       20.00;KOM;        0.69;        0.03;'3859894188267';TOALETNE POTREPŠTINE;        0.00;        0.00
DESTILIRANA VODA 5L METEOR              ;24822     ;AWTINTERNATIONAL D.O.O. ZAGREB;        5.00;L  ;        1.99;        0.40;'3859888110298';SREDSTVA ZA ÈIŠÆENJE;        0.00;        0.00
DEMINERALIZIRANA VODA 1L                ;666611    ;H2O PLAST D.O.O.;        1.00;L  ;        0.00;        0.49;'3859893858048';SREDSTVA ZA ÈIŠÆENJE;        0.69;        0.49
DEMINERALIZIRANA VODA 3L                ;666612    ;H2O PLAST D.O.O.;        3.00;L  ;        0.00;        0.33;'3859893858055';SREDSTVA ZA ÈIŠÆENJE;        1.09;        0.99
DEMINERALIZIRANA VODA 5L                ;666613    ;H2O PLAST D.O.O.;        5.00;L  ;        0.00;        0.25;'3859893858062';SREDSTVA ZA ÈIŠÆENJE;        1.29;        1.25
ŠTIRKA 1/2 METEOR                       ;16807     ;AWTINTERNATIONAL D.O.O. ZAGREB;        0.50;L  ;        2.99;        5.98;'3859888110083';SREDSTVA ZA ÈIŠÆENJE;        0.00;        0.00
MERITO ŠTIRKA 525mL SPREJ               ;532371    ;MERITO         ;        0.25;L  ;        5.29;       21.16;'8003650009135';SREDSTVA ZA ÈIŠÆENJE;        0.00;        0.00
SOLNA KISELINA 1/1 METEOR 19%           ;16496     ;AWTINTERNATIONAL D.O.O. ZAGREB;        1.00;L  ;        2.19;        2.19;'3859888110199';SREDSTVA ZA ÈIŠÆENJE;        0.00;        0.00
SOLNA KISELINA 1L 9%                    ;567338    ;AWTINTERNATIONAL D.O.O. ZAGREB;        1.00;L  ;        1.69;        1.69;'3859890222675';SREDSTVA ZA ÈIŠÆENJE;        0.00;        0.00
KOCKE ZA POTPALU PLAMENKO 48/1          ;166752    ;RADION D.O.O.;       48.00;KOM;        0.89;        0.02;'3858884123059';PROIZVODI ZA KUÆANSTVO;        0.00;        0.00
POTPALJIVAÈ VATRE PRIROD.32/1 THREE STAR;332790    ;EUROALP d.o.o.;       32.00;KOM;        1.19;        0.04;'3800022501625';PROIZVODI ZA KUÆANSTVO;        0.00;        0.00
STARTER VATRE 10/1                      ;332791    ;EUROALP d.o.o.;       10.00;KOM;        1.72;        0.17;'3800022500642';PROIZVODI ZA KUÆANSTVO;        0.00;        0.00
KOCKE ZA POTP.ROYAL 48/1 PROMO          ;504382    ;TRGOMIX d.o.o.SPLIT;       48.00;KOM;        0.89;        0.02;'3858888963125';PROIZVODI ZA KUÆANSTVO;        0.00;        0.00
HIT KOCKE ZA POTPALU 32KOM              ;541876    ;SAVIA d.o.o.ZAGREB;       32.00;KOM;        1.33;        0.04;'4009737975205';PROIZVODI ZA KUÆANSTVO;        0.00;        0.00
KOCKE ZA POTPALU ECO 32/1               ;625732    ;TRGOMIX d.o.o.SPLIT;       32.00;KOM;        1.09;        0.03;'4012425153021';PROIZVODI ZA KUÆANSTVO;        0.00;        0.00
KOCKE ZA POTPALU PRENS 48/1             ;663499    ;PRENS          ;       48.00;KOM;        0.69;        0.01;'3858894230983';PROIZVODI ZA KUÆANSTVO;        0.00;        0.00
OSVJ.PROSTORA VANILIJA 300mL 2210       ;150847    ;ROX d.o.o. ZAGREB;        0.30;L  ;        1.39;        4.63;'3858885022108';SREDSTVA ZA ÈIŠÆENJE;        0.00;        0.00
OSVJ.PROSTORA RUŽA 300mL 022139         ;150849    ;ROX d.o.o. ZAGREB;        0.30;L  ;        1.39;        4.63;'3858885022139';SREDSTVA ZA ÈIŠÆENJE;        0.00;        0.00
OSVJ.PROSTORA OCEAN 300mL 22115         ;150850    ;ROX d.o.o. ZAGREB;        0.30;L  ;        1.39;        4.63;'3858885022115';SREDSTVA ZA ÈIŠÆENJE;        0.00;        0.00
OSVJ.PROSTORA LIMUN 300mL 022122        ;167873    ;ROX d.o.o. ZAGREB;        0.30;L  ;        1.39;        4.63;'3858885022122';SREDSTVA ZA ÈIŠÆENJE;        0.00;        0.00
OSVJ.PROSTORA 300mL ŠUM.VOÆE            ;182903    ;ROX d.o.o. ZAGREB;        0.30;L  ;        1.39;        4.63;'3858885022160';SREDSTVA ZA ÈIŠÆENJE;        0.00;        0.00
GLADE 2X10mL MICROSPRAY REFILL          ;338405    ;GLADE          ;        0.02;L  ;        8.89;      444.50;'3858889570032';SREDSTVA ZA ÈIŠÆENJE;        0.00;        0.00
AIRWICK FM REFILL SUMM 250mL            ;373898    ;AIRWICK        ;        0.25;L  ;        0.00;       15.96;'8592326013755';SREDSTVA ZA ÈIŠÆENJE;        8.19;        3.99
AIRWICK ŠTAPIÆI SUMMER 30mL             ;389519    ;AIRWICK        ;        0.03;L  ;        7.99;      266.33;'5011417554630';SREDSTVA ZA ÈIŠÆENJE;        0.00;        0.00
OSVJ.PROSTORA LAVANDA 300mL             ;417379    ;ROX d.o.o. ZAGREB;        0.30;L  ;        1.39;        4.63;'3858890570946';SREDSTVA ZA ÈIŠÆENJE;        0.00;        0.00
OSVJ.PROSTORA FRESH ÐURÐICA 300mL       ;417380    ;ROX d.o.o. ZAGREB;        0.30;L  ;        1.39;        4.63;'3858890570953';SREDSTVA ZA ÈIŠÆENJE;        0.00;        0.00
AMBI PUR CAR FLOW&SPRING 2mL            ;421994    ;AMBI PUR       ;        0.00;L  ;        5.99;    2,995.00;'4015600900014';SREDSTVA ZA ÈIŠÆENJE;        0.00;        0.00
BIS CALMING 400mL NEW                   ;425530    ;BIS            ;        0.40;L  ;        4.25;       10.63;'3850105150141';SREDSTVA ZA ÈIŠÆENJE;        0.00;        0.00
BIS BY ORNEL GOLDEN DREAM 400mL         ;436842    ;BIS            ;        0.40;L  ;        4.25;       10.63;'3850105151926';SREDSTVA ZA ÈIŠÆENJE;        0.00;        0.00
OSVJEŽIVAÈ KOLORADO GEL JORG.150g       ;512320    ;KOLORADO       ;        0.15;kg ;        1.49;        9.93;'5902506003248';SREDSTVA ZA ÈIŠÆENJE;        0.00;        0.00
OSVJEŽIVAÈ KOLORADO GEL ÐURÐICA 150g    ;512321    ;KOLORADO       ;        0.15;kg ;        1.49;        9.93;'5902506006287';SREDSTVA ZA ÈIŠÆENJE;        0.00;        0.00
AIRWICK FM REFILL PURE CHERRY           ;529269    ;AIRWICK        ;        0.25;L  ;        0.00;       15.96;'5997321757964';SREDSTVA ZA ÈIŠÆENJE;        8.19;        3.99
BRAIT OSVJ.PROSTORA MOON 300mL          ;539855    ;BRAIT          ;        0.30;L  ;        2.79;        9.30;'5908241716702';SREDSTVA ZA ÈIŠÆENJE;        0.00;        0.00
BRAIT OSVJ.PROSTORA RELAXING 300mL      ;539856    ;BRAIT          ;        0.30;L  ;        2.89;        9.63;'5908241716689';SREDSTVA ZA ÈIŠÆENJE;        0.00;        0.00
AIRWICK GEL MAGNOLIA 150g               ;561458    ;AIRWICK        ;        0.15;kg ;        1.99;       13.27;'5997321758954';SREDSTVA ZA ÈIŠÆENJE;        0.00;        0.00
GLADE 269mL AUTOMATIC BAZA BOZUR TREŠNJA;567031    ;GLADE          ;        0.27;L  ;       11.49;       42.71;'5000204073645';SREDSTVA ZA ÈIŠÆENJE;        0.00;        0.00
GLADE 10mL MICROSPRAY BAZA              ;568842    ;GLADE          ;        0.01;L  ;        6.39;      639.00;'5000204076141';SREDSTVA ZA ÈIŠÆENJE;        0.00;        0.00
AMBI PUR EL.AP 3VOL.SPRING 20mL         ;576087    ;AMBI PUR       ;        0.02;L  ;        9.99;      499.50;'8001841125985';SREDSTVA ZA ÈIŠÆENJE;        0.00;        0.00
AMBI PUR CAR OLD SPICE 2mL              ;584672    ;AMBI PUR       ;        0.00;   ;        5.99;        0.00;'8001841748726';SREDSTVA ZA ÈIŠÆENJE;        0.00;        0.00
GLADE 10mL MICROSPRAY REFILL RELAX      ;586420    ;GLADE          ;        0.01;L  ;        5.69;      569.00;'5000204818345';SREDSTVA ZA ÈIŠÆENJE;        0.00;        0.00
AMBI PUR CAR NEW CAR 2mL**              ;591201    ;AMBI PUR       ;        0.00;   ;        0.00;        0.00;'8001841480336';SREDSTVA ZA ÈIŠÆENJE;        5.99;        4.19
AMBI PUR CAR DUO 2X2mL OLD SPICE        ;597905    ;AMBI PUR       ;        2.00;KOM;        8.19;        4.10;'8001841748757';SREDSTVA ZA ÈIŠÆENJE;        0.00;        0.00
AIRWICK OSVJ.300mL AQUAMARINE           ;603971    ;AIRWICK        ;        0.30;L  ;        2.59;        8.63;'5999109541734';SREDSTVA ZA ÈIŠÆENJE;        0.00;        0.00
AIRWICK OSVJ.300mL LAVANDER             ;604754    ;AIRWICK        ;        0.30;L  ;        2.59;        8.63;'5999109541727';SREDSTVA ZA ÈIŠÆENJE;        0.00;        0.00
AIRWICK OSVJ.300mL MAGNOLIA             ;604755    ;AIRWICK        ;        0.30;L  ;        2.59;        8.63;'5999109541741';SREDSTVA ZA ÈIŠÆENJE;        0.00;        0.00
AIRWICK FM MONO KOM FREESIA             ;614205    ;AIRWICK        ;        0.25;L  ;       10.99;       43.96;'5999109542083';SREDSTVA ZA ÈIŠÆENJE;        0.00;        0.00
GLADE GEL DUOPACK 2X150g*               ;614432    ;GLADE          ;        0.30;kg ;        6.49;       21.63;'3858889572272';SREDSTVA ZA ÈIŠÆENJE;        0.00;        0.00
AIRWICK EL.KOMPL.LINEN 19mL             ;615882    ;AIRWICK        ;        0.02;L  ;        7.79;      410.00;'5999109542403';SREDSTVA ZA ÈIŠÆENJE;        0.00;        0.00
AIRWICK FM REFILL WHITE 250mL           ;616256    ;AIRWICK        ;        0.25;L  ;        0.00;       15.96;'5999109542038';SREDSTVA ZA ÈIŠÆENJE;        8.19;        3.99
AIRWICK FM REFILL PURE SPRING           ;616339    ;AIRWICK        ;        0.25;L  ;        0.00;       15.96;'5999109542052';SREDSTVA ZA ÈIŠÆENJE;        8.19;        3.99
AIRWICK EL.REFILL ANTI.TAB 19mL         ;616671    ;AIRWICK        ;        0.02;L  ;        5.49;      288.95;'5999109542427';SREDSTVA ZA ÈIŠÆENJE;        0.00;        0.00
AIRWICK FM MONO PURE SPRING DELIGHT.    ;617115    ;AIRWICK        ;        0.25;L  ;       10.99;       43.96;'5999109542090';SREDSTVA ZA ÈIŠÆENJE;        0.00;        0.00
AIRWICK EL.REFILL SMOOTH SATIN&MOON 19mL;617121    ;AIRWICK        ;        0.02;L  ;        2.99;      157.37;'5999109542298';SREDSTVA ZA ÈIŠÆENJE;        0.00;        0.00
AIRWICK FM REFILL LAVANDA 250mL         ;617131    ;AIRWICK        ;        0.25;L  ;        0.00;       15.96;'5999109542069';SREDSTVA ZA ÈIŠÆENJE;        8.19;        3.99
GLADE 269mL AUTOMATIC REFIL BUBBLY BERRY;617509    ;GLADE          ;        0.27;L  ;        7.99;       29.70;'5000204256291';SREDSTVA ZA ÈIŠÆENJE;        0.00;        0.00
GLADE 269mL AUTOMATIC REFIL RELAX ZEN   ;626527    ;GLADE          ;        0.27;L  ;        7.99;       29.70;'5000204301694';SREDSTVA ZA ÈIŠÆENJE;        0.00;        0.00
GLADE 269mL AUTOMATIC REFIL LAVANDA     ;626712    ;GLADE          ;        0.27;L  ;        7.99;       29.70;'5000204300949';SREDSTVA ZA ÈIŠÆENJE;        0.00;        0.00
GLADE 269mL AUTOMATIC REFIL BOZUR TREŠNJ;626715    ;GLADE          ;        0.27;L  ;        7.99;       29.70;'5000204000948';SREDSTVA ZA ÈIŠÆENJE;        0.00;        0.00
GLADE 150g GEL LAVANDA                  ;632243    ;GLADE          ;        0.15;kg ;        3.19;       21.27;'5000204306910';SREDSTVA ZA ÈIŠÆENJE;        0.00;        0.00
AREON STIKS SPA 00157 50mL              ;632264    ;AREON          ;        0.05;L  ;        4.59;       91.80;'3800034977784';SREDSTVA ZA ÈIŠÆENJE;        0.00;        0.00
AREON STIKS MANGO 00168 50mL            ;632265    ;AREON          ;        0.05;L  ;        4.59;       91.80;'3800034978521';SREDSTVA ZA ÈIŠÆENJE;        0.00;        0.00
AREON STIKS VANILLA BL.00170 50mL       ;632266    ;AREON          ;        0.05;L  ;        4.59;       91.80;'3800034976381';SREDSTVA ZA ÈIŠÆENJE;        0.00;        0.00
AREON STIKS ROSE VALLEY 00205 50mL      ;632267    ;AREON          ;        0.05;L  ;        4.59;       91.80;'3800034978668';SREDSTVA ZA ÈIŠÆENJE;        0.00;        0.00
AREON STIKS FRENCH GARD.00153 50mL      ;632268    ;AREON          ;        0.05;L  ;        4.59;       91.80;'3800034977760';SREDSTVA ZA ÈIŠÆENJE;        0.00;        0.00
AREON STIKS JASMINE 00154 50mL          ;632269    ;AREON          ;        0.05;L  ;        4.59;       91.80;'3800034978422';SREDSTVA ZA ÈIŠÆENJE;        0.00;        0.00
AREON STIKS VIOLET 00167 50mL           ;632270    ;AREON          ;        0.05;L  ;        4.59;       91.80;'3800034977791';SREDSTVA ZA ÈIŠÆENJE;        0.00;        0.00
AREON STIKS PATCH/LAV/VAN 00169 50mL    ;632271    ;AREON          ;        0.05;L  ;        4.59;       91.80;'3800034976404';SREDSTVA ZA ÈIŠÆENJE;        0.00;        0.00
AREON STIKS NEROLI 00172 50mL           ;632272    ;AREON          ;        0.05;L  ;        4.59;       91.80;'3800034978552';SREDSTVA ZA ÈIŠÆENJE;        0.00;        0.00
AREON STIKS APPLE&CINNA.00171 50mL      ;632273    ;AREON          ;        0.05;L  ;        4.59;       91.80;'3800034976411';SREDSTVA ZA ÈIŠÆENJE;        0.00;        0.00
AREON STIKS SHAFRON 00156 50mL          ;632274    ;AREON          ;        0.05;L  ;        4.59;       91.80;'3800034978439';SREDSTVA ZA ÈIŠÆENJE;        0.00;        0.00
AREON STIKS OSMANTHUS 00155 50mL        ;632275    ;AREON          ;        0.05;L  ;        4.59;       91.80;'3800034977777';SREDSTVA ZA ÈIŠÆENJE;        0.00;        0.00
AREON ROOM SPRAY VANILLA 300mL          ;632276    ;AREON          ;        0.30;L  ;        3.99;       13.30;'3800034979863';SREDSTVA ZA ÈIŠÆENJE;        0.00;        0.00
AREON ROOM SPRAY BUBBLE GUM 300mL       ;632277    ;AREON          ;        0.30;L  ;        3.99;       13.30;'3800034979870';SREDSTVA ZA ÈIŠÆENJE;        0.00;        0.00
AREON ROOM SPRAY PATCH/LAV/VANIL 300mL  ;632278    ;AREON          ;        0.30;L  ;        3.99;       13.30;'3800034980333';SREDSTVA ZA ÈIŠÆENJE;        0.00;        0.00
AREON ROOM SPRAY SUMMER DR.300mL        ;632279    ;AREON          ;        0.30;L  ;        3.99;       13.30;'3800034980371';SREDSTVA ZA ÈIŠÆENJE;        0.00;        0.00
AMBI PUR OSVJ.KUP.FLOW.7,5mL            ;633788    ;AMBI PUR       ;        0.01;L  ;        5.69;      812.86;'8700216014878';SREDSTVA ZA ÈIŠÆENJE;        0.00;        0.00
AMBI PUR OSVJ.KUP.COTTON 7,5mL          ;633789    ;AMBI PUR       ;        0.01;L  ;        5.69;      812.86;'8700216014717';SREDSTVA ZA ÈIŠÆENJE;        0.00;        0.00
AMBI PUR OSVJ.KUP.SPRING 7,5mL          ;634338    ;AMBI PUR       ;        0.01;L  ;        5.69;      812.86;'8700216014755';SREDSTVA ZA ÈIŠÆENJE;        0.00;        0.00
AMBI PUR OSVJ.KUP.SPRING 2X7,5mL        ;634339    ;AMBI PUR       ;        0.00;   ;        7.99;        0.00;'8700216014724';SREDSTVA ZA ÈIŠÆENJE;        0.00;        0.00
GLADE 150g GEL ÐURÐICA                  ;636438    ;GLADE          ;        0.15;kg ;        3.39;       22.60;'5000204306972';SREDSTVA ZA ÈIŠÆENJE;        0.00;        0.00
GLADE 150g GEL RELAXING ZEN             ;636466    ;GLADE          ;        0.15;kg ;        3.39;       22.60;'5000204306941';SREDSTVA ZA ÈIŠÆENJE;        0.00;        0.00
AIRWICK ACT.FRESH MONO JASMINE BOUQUE   ;637226    ;AIRWICK        ;        0.00;   ;       14.45;        0.00;'5999109543325';SREDSTVA ZA ÈIŠÆENJE;        0.00;        0.00
AIRWICK ACT.FRESH REFIL JASMINE 228mL   ;637300    ;AIRWICK        ;        0.23;L  ;       10.25;       44.96;'5999109543301';SREDSTVA ZA ÈIŠÆENJE;        0.00;        0.00
AIRWICK ACT.FRESH REFIL FR.COTTON 228mL ;637741    ;AIRWICK        ;        0.23;L  ;       10.25;       44.96;'5999109543295';SREDSTVA ZA ÈIŠÆENJE;        0.00;        0.00
AIRWICK ACT.FRESH REFIL VANILA 228mL    ;637764    ;AIRWICK        ;        0.23;L  ;       10.25;       44.96;'5999109543349';SREDSTVA ZA ÈIŠÆENJE;        0.00;        0.00
GLADE 20mL ELECTRIC BAZA SANDAL JASMIN  ;640302    ;GLADE          ;        0.02;L  ;        8.29;      414.50;'5000204333947';SREDSTVA ZA ÈIŠÆENJE;        0.00;        0.00
GLADE 20mL ELECTRIC BAZA RELAX ZEN      ;659085    ;GLADE          ;        0.02;L  ;        8.19;      409.50;'5000204333558';SREDSTVA ZA ÈIŠÆENJE;        0.00;        0.00
PUNJENJE ZA AUT.OSVJ MARINE 260mL       ;659166    ;ROX d.o.o. ZAGREB;        0.26;L  ;        2.59;        9.96;'3858893727583';SREDSTVA ZA ÈIŠÆENJE;        0.00;        0.00
PUNJENJE ZA AUT.OSVJ OCEAN 260mL        ;659167    ;ROX d.o.o. ZAGREB;        0.26;L  ;        2.59;        9.96;'3858893727576';SREDSTVA ZA ÈIŠÆENJE;        0.00;        0.00
PUNJENJE ZA AUT.OSVJ SWEET FLOWERS 260mL;659168    ;ROX d.o.o. ZAGREB;        0.26;L  ;        2.59;        9.96;'3858893727590';SREDSTVA ZA ÈIŠÆENJE;        0.00;        0.00
PUNJENJE ZA AUT.OSVJ SPRING 260mL       ;659169    ;ROX d.o.o. ZAGREB;        0.26;L  ;        2.59;        9.96;'3858893727606';SREDSTVA ZA ÈIŠÆENJE;        0.00;        0.00
GLADE 269mL AUTOMATIC BAZA RELAXING ZEN ;666072    ;GLADE          ;        0.27;L  ;       11.49;       42.71;'5000204347166';SREDSTVA ZA ÈIŠÆENJE;        0.00;        0.00
GLADE 300mL SPREJ ÐURÐICA               ;666076    ;GLADE          ;        0.30;L  ;        3.79;       12.63;'5000204625998';SREDSTVA ZA ÈIŠÆENJE;        0.00;        0.00
AIRWICK EL.REF.JAS.I FRES.19mL          ;666115    ;AIRWICK        ;        0.00;   ;        5.49;        0.00;'5999109544100';SREDSTVA ZA ÈIŠÆENJE;        0.00;        0.00
AIRWICK FRESH MATIC REFILL 250mL        ;666121    ;AIRWICK        ;        0.25;L  ;        0.00;       15.96;'5999109544124';SREDSTVA ZA ÈIŠÆENJE;        7.99;        3.99
PUNJENJE ZA AUT.OSVJ VANILLA 260mL      ;666125    ;ROX d.o.o. ZAGREB;        0.26;L  ;        2.59;        9.96;'3858893727613';SREDSTVA ZA ÈIŠÆENJE;        0.00;        0.00
GLADE 20mL ELECTRIC REFIL RELAX ZEN     ;666128    ;GLADE          ;        0.02;L  ;        6.09;      304.50;'5000204332537';SREDSTVA ZA ÈIŠÆENJE;        0.00;        0.00
AMBI PUR SPREJ AIR SPRING 185mL         ;666144    ;AMBI PUR       ;        0.19;L  ;        5.99;       32.38;'8700216261395';SREDSTVA ZA ÈIŠÆENJE;        0.00;        0.00
AMBI PUR SPREJ AIR OCEANMIST 185mL      ;666145    ;AMBI PUR       ;        0.19;L  ;        5.99;       32.38;'8700216261586';SREDSTVA ZA ÈIŠÆENJE;        0.00;        0.00
AMBI PUR SIR FLOWER & SPRING 185mL      ;666146    ;AMBI PUR       ;        0.00;   ;        5.99;        0.00;'8700216261500';SREDSTVA ZA ÈIŠÆENJE;        0.00;        0.00
AMBI PUR SPREJ GOLD ORCHID 185mL        ;666147    ;AMBI PUR       ;        0.00;   ;        5.99;        0.00;'8700216261623';SREDSTVA ZA ÈIŠÆENJE;        0.00;        0.00
AIRWICK ŠTAPIÆI LINEN IN THE AIR 30mL   ;666172    ;AIRWICK        ;        0.03;L  ;        7.99;      266.33;'5011417547885';SREDSTVA ZA ÈIŠÆENJE;        0.00;        0.00
AIRWICK EL.KOMP.WINTER PUNCH 19mL       ;666186    ;AIRWICK        ;        0.02;L  ;        5.49;      288.95;'5999109546265';SREDSTVA ZA ÈIŠÆENJE;        0.00;        0.00
AIRWICK EL.REFIL SPARK.ROSE&RASPB.19mL  ;666188    ;AIRWICK        ;        0.02;L  ;        5.49;      288.95;'5999109544926';SREDSTVA ZA ÈIŠÆENJE;        0.00;        0.00
AIRWICK FRESH MATIC REF.WINTER 250mL    ;666189    ;AIRWICK        ;        0.25;L  ;        8.19;       32.76;'5999109544858';SREDSTVA ZA ÈIŠÆENJE;        0.00;        0.00
AIRWICK FRESH MATIC REF.SPARKLING 250mL ;666190    ;AIRWICK        ;        0.25;L  ;        8.19;       32.76;'5999109544872';SREDSTVA ZA ÈIŠÆENJE;        0.00;        0.00
GLADE SPREJ 300mL LAVANDA               ;666220    ;GLADE          ;        0.30;L  ;        3.79;       12.63;'3858895412272';SREDSTVA ZA ÈIŠÆENJE;        0.00;        0.00
AIRWICK 228mL ACTIVE FRESH REFIL EUC/FR ;666225    ;AIRWICK        ;        0.23;L  ;        0.00;       26.27;'5999109544223';SREDSTVA ZA ÈIŠÆENJE;        9.99;        5.99
AIRWICK 228mL ACTIVE FRESH REFIL SPRING ;666226    ;AIRWICK        ;        0.23;L  ;        0.00;       26.27;'5999109545633';SREDSTVA ZA ÈIŠÆENJE;        9.99;        5.99
GLADE 269mL AUT.BAZA SANDAL JASMIN      ;666274    ;GLADE          ;        0.27;L  ;       11.69;       43.46;'5000204347197';SREDSTVA ZA ÈIŠÆENJE;        0.00;        0.00
AREON MIRIS ZA ORMAR                    ;666275    ;AREON          ;        1.00;KOM;        1.49;        1.49;'3800034981019';SREDSTVA ZA ÈIŠÆENJE;        0.00;        0.00
SET MIRIS 150mL+SVIJEÆA DOLCE           ;666278    ;BALEV D.O.O;        0.15;L  ;        9.99;       66.60;'3800034986380';SREDSTVA ZA ÈIŠÆENJE;        0.00;        0.00
SET MIRIS 150mL+SVIJEÆA LILY            ;666279    ;BALEV D.O.O;        0.15;L  ;        9.99;       66.60;'3800034986403';SREDSTVA ZA ÈIŠÆENJE;        0.00;        0.00
ŠTAPIÆI MIRISNI 80mL WHITE TEA          ;666322    ;KAMPER D.O.O. ZAGREB;        0.08;L  ;        0.00;       43.63;'5903686500893';SREDSTVA ZA ÈIŠÆENJE;        5.99;        3.49
ŠTAPIÆI MIRISNI 80mL CEDAR              ;666323    ;KAMPER D.O.O. ZAGREB;        0.08;L  ;        0.00;       43.63;'5903686500541';SREDSTVA ZA ÈIŠÆENJE;        5.99;        3.49
ŠTAPIÆI MIRISNI 80mL GREEN TEA          ;666331    ;KAMPER D.O.O. ZAGREB;        0.08;L  ;        0.00;       43.63;'5903686500558';SREDSTVA ZA ÈIŠÆENJE;        5.99;        3.49
AIRWICK EL.KOMP WHITE FLOWERS 19mL      ;666368    ;AIRWICK        ;        0.02;L  ;        7.79;      410.00;'5999109545831';SREDSTVA ZA ÈIŠÆENJE;        0.00;        0.00
AIRWICK 228mL ACTIVE FRESH WINTER PUNCH ;666369    ;AIRWICK        ;        0.23;L  ;       10.29;       45.13;'5999109546326';SREDSTVA ZA ÈIŠÆENJE;        0.00;        0.00
AMBI PUR 2X20mL REFIL FLOWER            ;666382    ;AMBI PUR       ;        0.04;L  ;       10.39;      259.75;'8700216834292';SREDSTVA ZA ÈIŠÆENJE;        0.00;        0.00
AMBI PUR 2X8mL OSVJEŽIVAÈ ZA KUPAONU*   ;666383    ;AMBI PUR       ;        0.02;L  ;        8.99;      561.88;'8700216015035';SREDSTVA ZA ÈIŠÆENJE;        0.00;        0.00
AIRWICK 228mL ACTIVE FRESH KOMPL WINTER ;666385    ;AIRWICK        ;        0.23;L  ;       14.49;       63.55;'5999109546302';SREDSTVA ZA ÈIŠÆENJE;        0.00;        0.00
GLADE 20mL EL BAZA JABUKA CIMET         ;666392    ;GLADE          ;        0.02;L  ;        7.99;      399.50;'5000204415957';SREDSTVA ZA ÈIŠÆENJE;        0.00;        0.00
GLADE 112g SVIJEÆA VANILIJA             ;666393    ;GLADE          ;        0.11;kg ;        7.99;       71.34;'5000204414905';SREDSTVA ZA ÈIŠÆENJE;        0.00;        0.00
GLADE 112g SVIJEÆA JABUKA CIMET         ;666394    ;GLADE          ;        0.11;kg ;        7.99;       71.34;'5000204414998';SREDSTVA ZA ÈIŠÆENJE;        0.00;        0.00
GLADE 112g MIRISNA SVIJEÆA KUPINA       ;666395    ;GLAD           ;        0.11;kg ;        7.99;       71.34;'5000204415025';SREDSTVA ZA ÈIŠÆENJE;        0.00;        0.00
GLADE 204g SVIJEÆA JABUKA CIMET         ;666396    ;GLADE          ;        0.20;kg ;        9.49;       46.52;'5000204415292';SREDSTVA ZA ÈIŠÆENJE;        0.00;        0.00
GLADE 204g SVIJEÆA KUPINA               ;666398    ;GLADE          ;        0.20;kg ;        9.49;       46.52;'5000204415322';SREDSTVA ZA ÈIŠÆENJE;        0.00;        0.00
GLADE 300mL SPREJ JABUKA CIMET          ;666399    ;GLADE          ;        0.30;L  ;        3.79;       12.63;'5000204416527';SREDSTVA ZA ÈIŠÆENJE;        0.00;        0.00
GLADE 300mL SPREJ KUPINA                ;666400    ;GLADE          ;        0.30;L  ;        3.79;       12.63;'5000204416497';SREDSTVA ZA ÈIŠÆENJE;        0.00;        0.00
GLADE 269mL AUTO BAZA JABUKA CIMET      ;666401    ;GLADE          ;        0.27;L  ;       11.99;       44.57;'5000204413823';SREDSTVA ZA ÈIŠÆENJE;        0.00;        0.00
GLADE 269mL AUTOM.REFIL SANDAL/JASMIN   ;666446    ;GLADE          ;        0.27;L  ;        7.99;       29.70;'5000204301038';SREDSTVA ZA ÈIŠÆENJE;        0.00;        0.00
AMBI PUR CAR 2mL MORNING DEW            ;666529    ;AMBI PUR       ;        0.00;   ;        5.99;        0.00;'8700216758277';SREDSTVA ZA ÈIŠÆENJE;        0.00;        0.00
PUNJENJE ZA AUT.OSVJ BOHEMIAN 260mL     ;666531    ;ROX d.o.o. ZAGREB;        0.26;L  ;        2.59;        9.96;'3858893727569';SREDSTVA ZA ÈIŠÆENJE;        0.00;        0.00
AIRWICK 150g GEL MORNING RAIN           ;666546    ;AIRWICK        ;        0.15;kg ;        1.99;       13.27;'5999109544544';SREDSTVA ZA ÈIŠÆENJE;        0.00;        0.00
AIRWICK 228mL ACTIVE FRESH KOMPLET      ;666547    ;AIRWICK        ;        0.23;L  ;        0.00;       39.43;'5999109545459';SREDSTVA ZA ÈIŠÆENJE;       13.99;        8.99
AIRWICK 19mL ELEKT.REFIL WHITE FLOWERS  ;666704    ;AIRWICK        ;        0.02;L  ;        5.49;      288.95;'5999109545886';SREDSTVA ZA ÈIŠÆENJE;        0.00;        0.00
AIRWICK 19mL ELEKT.REF LAVANDA MEADOW   ;666705    ;AIRWICK        ;        0.02;L  ;        5.49;      288.95;'5999109545930';SREDSTVA ZA ÈIŠÆENJE;        0.00;        0.00
GLADE 300mL SPREJ RELAXING ZEN          ;666874    ;GLADE          ;        0.30;L  ;        3.79;       12.63;'3858895411046';SREDSTVA ZA ÈIŠÆENJE;        0.00;        0.00
GLADE 300mL SPREJ VANILIJA              ;666880    ;GLADE          ;        0.30;L  ;        3.79;       12.63;'3858895411053';SREDSTVA ZA ÈIŠÆENJE;        0.00;        0.00
GLADE 20mL ELECTRIC REFIL BERRY POP     ;669499    ;GLADE          ;        0.02;L  ;        6.09;      304.50;'5000204332353';SREDSTVA ZA ÈIŠÆENJE;        0.00;        0.00
NIVEA KREMA MEN 75mL                    ;438501    ;NIVEA          ;        0.08;L  ;        0.00;       46.53;'9005800239989';KOZMETIKA;        4.99;        3.49
NIVEA KREMA MEN 150mL                   ;438502    ;NIVEA          ;        0.15;L  ;        0.00;       29.93;'9005800239958';KOZMETIKA;        6.39;        4.49
NIVEA KREMA MEN 30mL LIMENKA            ;506696    ;NIVEA          ;        0.03;L  ;        0.00;       56.33;'42277330';KOZMETIKA;        2.49;        1.69
NIVEA FOR MEN INTENZIVNA KREMA 50mL     ;55908     ;NIVEA          ;        0.05;L  ;       14.99;      299.80;'4005808789382';KOZMETIKA;        0.00;        0.00
ANNYER KREMA MAN 100mL                  ;645956    ;ANNYER         ;        0.10;L  ;        3.99;       39.90;'3850177003840';KOZMETIKA;        0.00;        0.00
DENIM DEO SPRAY ORIGINAL 150mL          ;08463     ;DENIM          ;        0.15;L  ;        3.55;       23.67;'8008970004402';KOZMETIKA;        0.00;        0.00
DENIM DEO SPRAY BLACK 150mL             ;09577     ;DENIM          ;        0.15;L  ;        3.55;       23.67;'8008970004242';KOZMETIKA;        0.00;        0.00
AXE DEO 150mL AFRICA                    ;13905     ;AXE            ;        0.15;L  ;        5.89;       39.27;'8717644013045';KOZMETIKA;        0.00;        0.00
CUBA SET A/S GOLD+EDT 100mL+PRIV.MAN    ;163840    ;CUBA           ;        0.00;KOM;       17.99;        0.00;'5425017732457';KOZMETIKA;        0.00;        0.00
AXE DEO 150mL DARK TEMPTATION           ;239190    ;AXE            ;        0.15;L  ;        5.89;       39.27;'8717644277379';KOZMETIKA;        0.00;        0.00
CUBA FOR MEN DEO GOLD 200mL             ;259852    ;CUBA           ;        0.20;L  ;        4.64;       23.20;'5425017732747';KOZMETIKA;        0.00;        0.00
GARNIER DEO M EXTREME SPREJ 150mL       ;313407    ;GARNIER        ;        0.15;L  ;        5.19;       34.60;'3600540889584';KOZMETIKA;        0.00;        0.00
AXE DEO 150mL EXCITE                    ;340999    ;AXE            ;        0.15;L  ;        5.89;       39.27;'8718114650708';KOZMETIKA;        0.00;        0.00
FA DEO M 150mL EX.SPORT ENERGY          ;360027    ;FA             ;        0.15;L  ;        0.00;       17.93;'9000100736763';KOZMETIKA;        3.99;        2.69
FA DEO M 150mL SPORT                    ;367224    ;FA             ;        0.15;L  ;        0.00;       17.93;'3838824085272';KOZMETIKA;        3.99;        2.69
FA DEO M 150mL COOL                     ;370303    ;FA             ;        0.15;L  ;        0.00;       17.93;'9000100540186';KOZMETIKA;        3.99;        2.69
NIVEA DEO SPRAY COOL KICK 150mL         ;381784    ;NIVEA          ;        0.15;L  ;        0.00;       25.27;'4005808730377';KOZMETIKA;        5.39;        3.79
NIVEA DEO B&W POW M INV.150mL           ;382085    ;NIVEA          ;        0.15;L  ;        0.00;       25.27;'4005808729951';KOZMETIKA;        5.39;        3.79
OS SPREJ WOLFTHORN 150mL                ;390153    ;OLD SPICE      ;        0.15;L  ;        5.69;       37.93;'4015600306595';KOZMETIKA;        0.00;        0.00
NIVEA DEO SPRAY SENSITIVE FOR MAN 150mL ;391384    ;NIVEA          ;        0.15;L  ;        0.00;       25.27;'4005808734320';KOZMETIKA;        5.39;        3.79
GARNIER DEO M SPORT 96H SPREJ 150mL     ;393363    ;GARNIER        ;        0.15;L  ;        5.19;       34.60;'3600541306912';KOZMETIKA;        0.00;        0.00
LA RIVE DEO 150mL CASH                  ;418427    ;LA RIVE        ;        0.15;L  ;        2.55;       17.00;'5906735235418';KOZMETIKA;        0.00;        0.00
LA RIVE DEO 150mL CABANA                ;418428    ;LA RIVE        ;        0.15;L  ;        2.55;       17.00;'5906735235050';KOZMETIKA;        0.00;        0.00
OS SPREJ BEARGLOVE 150mL                ;422127    ;OLD SPICE      ;        0.13;L  ;        5.69;       45.52;'4015600860332';KOZMETIKA;        0.00;        0.00
AXE DEO 150mL BLACK                     ;435378    ;AXE            ;        0.15;L  ;        5.89;       39.27;'8712561614122';KOZMETIKA;        0.00;        0.00
DENIM DEO SPREJ GOLD 150mL              ;435866    ;DENIM          ;        0.15;L  ;        3.55;       23.67;'8008970037776';KOZMETIKA;        0.00;        0.00
NIVEA DEO FRESH OCEAN MEN 150mL         ;438503    ;NIVEA          ;        0.15;L  ;        0.00;       25.27;'9005800250304';KOZMETIKA;        5.39;        3.79
OS SPREJ WHITEWATER 150mL               ;441164    ;OLD SPICE      ;        0.15;L  ;        5.69;       37.93;'4084500479821';KOZMETIKA;        0.00;        0.00
REXONA DEO M INVISIBLE B&W 150mL        ;441328    ;REXONA         ;        0.15;L  ;        0.00;       21.27;'8712561534444';KOZMETIKA;        4.99;        3.19
DENIM DEO WILD 150mL                    ;508072    ;DENIM          ;        0.15;L  ;        3.55;       23.67;'8008970038940';KOZMETIKA;        0.00;        0.00
AXE DEO 150mL BLACK NIGHT               ;508812    ;AXE            ;        0.15;L  ;        5.89;       39.27;'8710908052040';KOZMETIKA;        0.00;        0.00
NIVEA DEO B&W FRESH SPREJ ZA M.150mL    ;532909    ;NIVEA          ;        0.15;L  ;        0.00;       25.27;'9005800280707';KOZMETIKA;        5.39;        3.79
LA RIVE DEO EXTREME STORY 150mL M       ;533522    ;LA RIVE        ;        0.15;L  ;        2.55;       17.00;'5901832063797';KOZMETIKA;        0.00;        0.00
MEN EXPERT DEO 150mL CARBON PROTECT     ;548528    ;MEN EXPERT     ;        0.15;L  ;        5.49;       36.60;'3600523595532';KOZMETIKA;        0.00;        0.00
MEN EXPERT DEO 150mL ESERO GREEN        ;548530    ;MEN EXPERT     ;        0.15;L  ;        0.00;       21.93;'3600523595556';KOZMETIKA;        3.99;        3.29
MEN EXPERT DEO THER.RES 150mL ESERO BLUE;548531    ;MEN EXPERT     ;        0.15;L  ;        5.49;       36.60;'3600523595563';KOZMETIKA;        0.00;        0.00
OS SPREJ ORIGINAL 150mL                 ;562684    ;OLD SPICE      ;        0.15;L  ;        5.69;       37.93;'4084500479784';KOZMETIKA;        0.00;        0.00
GARNIER DEO M MIN. ACT.CON.+S 150mL     ;566749    ;GARNIER        ;        0.15;L  ;        5.19;       34.60;'3600542217545';KOZMETIKA;        0.00;        0.00
OS SPREJ CAPTAIN 150mL                  ;573589    ;OLD SPICE      ;        0.15;L  ;        5.69;       37.93;'8001090962867';KOZMETIKA;        0.00;        0.00
REXONA DEO M MARINE 150mL               ;577307    ;REXONA         ;        0.15;L  ;        0.00;       21.27;'8710847864919';KOZMETIKA;        4.99;        3.19
AXE DEO 150mL ICE CHILL                 ;577378    ;AXE            ;        0.15;L  ;        5.89;       39.27;'8710447497357';KOZMETIKA;        0.00;        0.00
MEN EXPERT DEO INVICIBLE SPORT 150mL    ;582755    ;MEN EXPERT     ;        0.15;L  ;        5.49;       36.60;'3600523908639';KOZMETIKA;        0.00;        0.00
OS SPREJ DEEP SEA 150mL                 ;583389    ;OLD SPICE      ;        0.15;L  ;        5.69;       37.93;'8001841282473';KOZMETIKA;        0.00;        0.00
GARNIER DEO M MAGN ULTRA DRY 150mL      ;584369    ;GARNIER        ;        0.15;L  ;        5.19;       34.60;'3600542310383';KOZMETIKA;        0.00;        0.00
LA RIVE DEO BRAVE 150mL                 ;587070    ;LA RIVE        ;        0.15;L  ;        2.55;       17.00;'5901832061748';KOZMETIKA;        0.00;        0.00
NIVEA DEO B&W ULTIM.IMP M 150mL         ;587388    ;NIVEA          ;        0.15;L  ;        0.00;       25.27;'9005800329604';KOZMETIKA;        5.39;        3.79
NIVEA DEO SPREJ COOL KICK 150mL**       ;606216    ;NIVEA          ;        0.15;L  ;        0.00;       25.27;'9005800342634';KOZMETIKA;        5.39;        3.79
AXE DEO 250mL DARK TEMPTATION XXL       ;607076    ;AXE            ;        0.25;L  ;        7.09;       28.36;'8720181047749';KOZMETIKA;        0.00;        0.00
AXE DEO 250mL BLACK XXL                 ;607077    ;AXE            ;        0.25;L  ;        7.09;       28.36;'8720181047725';KOZMETIKA;        0.00;        0.00
FA DEO 150mL M RED CEDARWOOD            ;613773    ;FA             ;        0.15;L  ;        0.00;       17.93;'9000101641356';KOZMETIKA;        3.99;        2.69
OS SPREJ NIGHTS PANTHER 150mL           ;615341    ;OLD SPICE      ;        0.15;L  ;        5.69;       37.93;'8006540377321';KOZMETIKA;        0.00;        0.00
MEN EXPERT DEO SPREJ 150mL MAGNESIUM DEF;616408    ;MEN EXPERT     ;        0.15;L  ;        5.49;       36.60;'3600524043315';KOZMETIKA;        0.00;        0.00
OS SPREJ OASIS 150mL                    ;632754    ;OLD SPICE      ;        0.15;L  ;        5.69;       37.93;'8006540785874';KOZMETIKA;        0.00;        0.00
DOVE DEO 150mL M COOL FRESH             ;635337    ;DOVE           ;        0.15;L  ;        5.99;       39.93;'8720181284892';KOZMETIKA;        0.00;        0.00
DOVE DEO 150mL M INVISIBLE DRY          ;635341    ;DOVE           ;        0.15;L  ;        5.99;       39.93;'8720181284373';KOZMETIKA;        0.00;        0.00
DOVE DEO 150mL M EXTRA FRESH            ;635342    ;DOVE           ;        0.15;L  ;        5.99;       39.93;'8720181284397';KOZMETIKA;        0.00;        0.00
DOVE DEO 200mL M CLEAN COMFORT          ;637595    ;DOVE           ;        0.20;L  ;        6.55;       32.75;'8720181284946';KOZMETIKA;        0.00;        0.00
NIVEA DEO 150mL ACTIVE FRESH            ;643903    ;NIVEA          ;        0.15;L  ;        0.00;       25.27;'9005800373331';KOZMETIKA;        5.39;        3.79
OS SPREJ ROCKSTAR 150mL                 ;644190    ;OLD SPICE      ;        0.15;L  ;        5.69;       37.93;'8700216169820';KOZMETIKA;        0.00;        0.00
NIVEA DEO DP SPORT 150mL                ;644390    ;NIVEA          ;        0.15;L  ;        0.00;       27.93;'9005800379869';KOZMETIKA;        6.29;        4.19
BOROTALCO DEO MEN INV.MUSK 150mL        ;645199    ;BOROTALCO      ;        0.15;L  ;        5.39;       35.93;'8002410045154';KOZMETIKA;        0.00;        0.00
BOROTALCO DEO MEN AMBER 150mL           ;645200    ;BOROTALCO      ;        0.15;L  ;        5.39;       35.93;'8002410044539';KOZMETIKA;        0.00;        0.00
DOVE DEO 150mL M CLEAN COMFORT          ;645780    ;DOVE           ;        0.15;L  ;        5.99;       39.93;'8720181284335';KOZMETIKA;        0.00;        0.00
DOVE DEO 150mL M EUCALYPTUS MINT        ;645787    ;DOVE           ;        0.15;L  ;        5.99;       39.93;'8720181433573';KOZMETIKA;        0.00;        0.00
SOLO DEO M ALPEN 150mL                  ;645998    ;SOLO           ;        0.15;L  ;        1.99;       13.27;'5944568000858';KOZMETIKA;        0.00;        0.00
SOLO DEO M OCEAN 150mL                  ;646005    ;SOLO           ;        0.15;L  ;        1.99;       13.27;'5944568000865';KOZMETIKA;        0.00;        0.00
NIVEA DEO DEEP BEAT M 150mL             ;647465    ;NIVEA          ;        0.15;L  ;        0.00;       27.93;'9005800379517';KOZMETIKA;        6.29;        4.19
BRUT DEO ORIGINAL 200mL                 ;651811    ;BRUT           ;        0.20;L  ;        0.00;       13.95;'8886467035340';KOZMETIKA;        3.99;        2.79
AXE DEO 150mL KENOBI AQUA BERGAMOT      ;656793    ;AXE            ;        0.15;L  ;        6.49;       43.27;'8720181555596';KOZMETIKA;        0.00;        0.00
DOVE DEO 150mL M SANDALWOOD&VANILLA     ;656794    ;DOVE           ;        0.15;L  ;        5.99;       39.93;'8720181570070';KOZMETIKA;        0.00;        0.00
AXE DEO 150mL KONOBI BLACK VANILLA      ;656796    ;AXE            ;        0.15;L  ;        6.49;       43.27;'8720181418402';KOZMETIKA;        0.00;        0.00
AXE DEO 150mL KENOBI BLUE LAVANDER      ;656797    ;AXE            ;        0.15;L  ;        6.49;       43.27;'8720181555602';KOZMETIKA;        0.00;        0.00
OS DEO 250mL WHITEWATER                 ;657528    ;OLD SPICE      ;        0.25;L  ;        8.99;       35.96;'8700216875677';KOZMETIKA;        0.00;        0.00
OS DEO 250mL CAPTAIN                    ;657529    ;OLD SPICE      ;        0.00;   ;        8.99;        0.00;'8700216875714';KOZMETIKA;        0.00;        0.00
FA DEO PROMO 2X150mL SPORT              ;663431    ;FA             ;        0.30;L  ;        4.99;       16.63;'9000101782301';KOZMETIKA;        0.00;        0.00
CONCERTINO DEO Ž.LIGHT 75mL             ;156641    ;CONCERTINO     ;        0.08;L  ;        0.00;       10.53;'5901815000207';KOZMETIKA;        1.49;        0.79
REXONA DEO W SEXY 150mL                 ;271972    ;REXONA         ;        0.15;L  ;        0.00;       21.27;'8717644585337';KOZMETIKA;        4.99;        3.19
GARNIER DEO W ACTION CONTROL 150mL SPREJ;274188    ;GARNIER        ;        0.15;L  ;        5.19;       34.60;'3600540795113';KOZMETIKA;        0.00;        0.00
CONCERTINO DEO SPRING ŽENSKI 75mL       ;283654    ;CONCERTINO     ;        0.08;L  ;        1.99;       26.53;'5901815000221';KOZMETIKA;        0.00;        0.00
CONCERTINO DEO WHITE ŽENSKI 75mL        ;283655    ;CONCERTINO     ;        0.08;L  ;        1.99;       26.53;'5901815000351';KOZMETIKA;        0.00;        0.00
CONCERTINO DEO PINK ŽENSKI 75mL         ;283656    ;CONCERTINO     ;        0.08;L  ;        1.99;       26.53;'5901815000344';KOZMETIKA;        0.00;        0.00
BOROTALCO DEO ORGINAL 150mL             ;324283    ;BOROTALCO      ;        0.15;L  ;        5.39;       35.93;'8002410040388';KOZMETIKA;        0.00;        0.00
FA DEO 150mL MYSTIC MOMENTS             ;324353    ;FA             ;        0.15;L  ;        0.00;       17.93;'9000100634113';KOZMETIKA;        3.99;        2.69
REXONA DEO W SHOWER CLEAN 150mL         ;346773    ;REXONA         ;        0.15;L  ;        0.00;       21.27;'8711600350212';KOZMETIKA;        4.99;        3.19
TANGO DEO W 150mL SOFT TOUCH            ;352302    ;TANGO          ;        0.15;L  ;        2.25;       15.00;'8692641004756';KOZMETIKA;        0.00;        0.00
FA DEO 150mL PINK PASSION               ;366278    ;FA             ;        0.15;L  ;        0.00;       17.93;'3838824116204';KOZMETIKA;        3.99;        2.69
GARNIER DEO W INVIS.BWC 150mL SPREJ     ;374926    ;GARNIER        ;        0.15;L  ;        5.19;       34.60;'3600541253704';KOZMETIKA;        0.00;        0.00
JM DEO Ž.AMELIE 75mL                    ;380764    ;JEAN MARC      ;        0.08;L  ;        1.69;       22.53;'5908241702132';KOZMETIKA;        0.00;        0.00
JM DEO Ž.BOSSA NOVA 75mL                ;380766    ;JEAN MARC      ;        0.08;L  ;        1.69;       22.53;'5901815014891';KOZMETIKA;        0.00;        0.00
NIVEA DEO SPRAY PEARL&BEAUTY 150mL      ;382807    ;NIVEA          ;        0.15;L  ;        0.00;       25.27;'4005808734528';KOZMETIKA;        5.39;        3.79
NIVEA DEO FRESH NATURAL W 150mL         ;383646    ;NIVEA          ;        0.15;L  ;        0.00;       25.27;'4005808723256';KOZMETIKA;        5.39;        3.79
NIVEA DEO DUB.EFFEKT 150mL              ;386891    ;NIVEA          ;        0.15;L  ;        0.00;       25.27;'4005808735495';KOZMETIKA;        5.39;        3.79
JM DEO Ž.LA BELLE 75mL                  ;388896    ;JEAN MARC      ;        0.08;L  ;        1.69;       22.53;'5901815016352';KOZMETIKA;        0.00;        0.00
NIVEA DEO B&W INV.CLEAR 150mL           ;390788    ;NIVEA          ;        0.15;L  ;        0.00;       25.27;'4005808729746';KOZMETIKA;        5.39;        3.79
BOROTALCO DEO INVISIBLE 150mL           ;392978    ;BOROTALCO      ;        0.15;L  ;        5.39;       35.93;'8002410041866';KOZMETIKA;        0.00;        0.00
LA RIVE DEO WOMAN 150mL                 ;393490    ;LA RIVE        ;        0.15;L  ;        2.55;       17.00;'5906735233063';KOZMETIKA;        0.00;        0.00
TANGO DEO W MOON LIGHT 150mL            ;404998    ;TANGO          ;        0.15;L  ;        2.25;       15.00;'8692641006149';KOZMETIKA;        0.00;        0.00
TANGO DEO W FLOWERS 150mL               ;405030    ;TANGO          ;        0.15;L  ;        2.25;       15.00;'8692641004787';KOZMETIKA;        0.00;        0.00
TANGO DEO W BUTTERFLY 150mL             ;405031    ;TANGO          ;        0.15;L  ;        2.25;       15.00;'8692641004770';KOZMETIKA;        0.00;        0.00
GARNIER DEO W INVIS.BWC NFS 150mL       ;412642    ;GARNIER        ;        0.15;L  ;        5.19;       34.60;'3600541402287';KOZMETIKA;        0.00;        0.00
REXONA DEO W CLEAR PURE 150mL           ;420851    ;REXONA         ;        0.15;L  ;        0.00;       21.27;'8712561319171';KOZMETIKA;        4.99;        3.19
LA RIVE DEO CUTE 150mL                  ;431922    ;LA RIVE        ;        0.15;L  ;        2.55;       17.00;'5901832060178';KOZMETIKA;        0.00;        0.00
REXONA DEO W 150mL INV.B&W              ;433231    ;REXONA         ;        0.15;L  ;        0.00;       21.27;'8712561319409';KOZMETIKA;        4.99;        3.19
NIVEA DEO FRESH COMFORT W 150mL         ;438504    ;NIVEA          ;        0.15;L  ;        0.00;       25.27;'9005800250328';KOZMETIKA;        5.39;        3.79
NIVEA DEO FRESH FLOWER W 150mL          ;438505    ;NIVEA          ;        0.15;L  ;        0.00;       25.27;'9005800250342';KOZMETIKA;        5.39;        3.79
FA DEO 150mL FRESH&DRY GREEN TEA        ;440210    ;FA             ;        0.15;L  ;        0.00;       17.93;'9000100936125';KOZMETIKA;        3.99;        2.69
GARNIER DEO W THERMIC  150mL            ;446772    ;GARNIER        ;        0.15;L  ;        5.19;       34.60;'3600541739994';KOZMETIKA;        0.00;        0.00
NIVEA DEO W PROTECT&CARE 150mL          ;506468    ;NIVEA          ;        0.15;L  ;        0.00;       25.27;'9005800262048';KOZMETIKA;        5.39;        3.79
REXONA DEO W ACTIVE SHIELD FRESH 150mL  ;528217    ;REXONA         ;        0.15;L  ;        0.00;       21.27;'8710908760716';KOZMETIKA;        4.99;        3.19
JM DEO Ž.INTRIGUE 75mL                  ;528837    ;JEAN MARC      ;        0.08;L  ;        1.69;       22.53;'5908241713831';KOZMETIKA;        0.00;        0.00
FA DEO 150mL INVISIBLE SENSITIV         ;532439    ;FA             ;        0.15;L  ;        0.00;       17.93;'9000101045765';KOZMETIKA;        3.99;        2.69
NIVEA DEO B&W FRESH SPREJ ZA Ž.150mL    ;532907    ;NIVEA          ;        0.15;L  ;        0.00;       25.27;'9005800280400';KOZMETIKA;        5.39;        3.79
LA RIVE DEO QUEEN OF LIFE 150mL         ;533520    ;LA RIVE        ;        0.15;L  ;        2.55;       17.00;'5901832063827';KOZMETIKA;        0.00;        0.00
LA RIVE DEO TOUCH OF WOMAN 150mL        ;533521    ;LA RIVE        ;        0.15;L  ;        2.55;       17.00;'5901832063780';KOZMETIKA;        0.00;        0.00
FA DEO 150mL DIVINE MOMENTS             ;537283    ;FA             ;        0.15;L  ;        0.00;       17.93;'9000101053111';KOZMETIKA;        3.99;        2.69
GARNIER DEO W FLORAL 6 150mL            ;547418    ;GARNIER        ;        0.15;L  ;        5.19;       34.60;'3600542119825';KOZMETIKA;        0.00;        0.00
FA DEO 150mL FUJI DREAM                 ;548438    ;FA             ;        0.15;L  ;        0.00;       17.93;'9000101092226';KOZMETIKA;        3.99;        2.69
GARNIER DEO W MIN.ACT.CONT.+S 150mL     ;566748    ;GARNIER        ;        0.15;L  ;        5.19;       34.60;'3600542217507';KOZMETIKA;        0.00;        0.00
GARNIER DEO M MAGN ULTRA DRY 150mL      ;584371    ;GARNIER        ;        0.15;L  ;        5.19;       34.60;'3600542310437';KOZMETIKA;        0.00;        0.00
FA DEO 150mL FRESCH&GRY PINK SORBET     ;585192    ;FA             ;        0.15;L  ;        0.00;       17.93;'9000101251166';KOZMETIKA;        3.99;        2.69
MELEM DEO SPREJ 150mL DRAGOCJ.ULJA      ;587745    ;MELEM          ;        0.15;L  ;        4.19;       27.93;'3856007907609';KOZMETIKA;        0.00;        0.00
NIVEA DEO B&W SILKY SMOOTH SPREJ 150mL  ;599123    ;NIVEA          ;        0.15;L  ;        0.00;       25.27;'9005800302072';KOZMETIKA;        5.39;        3.79
NIVEA DEO 150mL FRESH ROSE TOUCH W      ;600746    ;NIVEA          ;        0.15;L  ;        0.00;       25.27;'9005800341262';KOZMETIKA;        5.39;        3.79
LA RIVE DEO DONNA 150mL                 ;615597    ;LA RIVE        ;        0.15;L  ;        2.55;       17.00;'5906735233025';KOZMETIKA;        0.00;        0.00
NIVEA DEO PEARL&BEAUTY BLACK 150mL      ;617064    ;NIVEA          ;        0.15;L  ;        0.00;       25.27;'9005800356112';KOZMETIKA;        5.39;        3.79
CHARME DEO CLASSIC 100mL                ;618252    ;CHARME         ;        0.10;L  ;        2.59;       25.90;'5997001714201';KOZMETIKA;        0.00;        0.00
NIVEA DEO ORGINAL CARE 150mL            ;620017    ;NIVEA          ;        0.15;L  ;        0.00;       25.27;'9005800347653';KOZMETIKA;        5.39;        3.79
BOROTALCO DEO ACTIVE CITRUS 150mL       ;626923    ;BOROTALCO      ;        0.15;L  ;        5.39;       35.93;'8002410043587';KOZMETIKA;        0.00;        0.00
LA RIVE DEO HER CHOICE 150mL            ;627903    ;LA RIVE        ;        0.15;L  ;        2.55;       17.00;'5903719642606';KOZMETIKA;        0.00;        0.00
JM DEO Ž.PRETTY LADY 75mL               ;629224    ;JEAN MARC      ;        0.08;L  ;        1.69;       22.53;'5908241704785';KOZMETIKA;        0.00;        0.00
FA DEO 150mL AEROSOL ORIENTAL MOMENTS   ;632520    ;FA             ;        0.15;L  ;        0.00;       17.93;'9000101710021';KOZMETIKA;        3.99;        2.69
FA DEO 150mL AEROSOL GLAMOROUS MOMENTS  ;632521    ;FA             ;        0.15;L  ;        0.00;       17.93;'9000101709827';KOZMETIKA;        3.99;        2.69
DOVE DEO 150mL W ORIGINAL 150mL         ;635327    ;DOVE           ;        0.15;L  ;        5.99;       39.93;'8720181291715';KOZMETIKA;        0.00;        0.00
DOVE DEO 150mL W INVISIBLE DRY          ;635340    ;DOVE           ;        0.15;L  ;        5.99;       39.93;'8720181291623';KOZMETIKA;        0.00;        0.00
DOVE DEO 200mL W INVISIBLE DRY          ;635344    ;DOVE           ;        0.20;L  ;        6.55;       32.75;'8720181291951';KOZMETIKA;        0.00;        0.00
DOVE DEO 200mL W ORIGINAL               ;635345    ;DOVE           ;        0.20;L  ;        6.55;       32.75;'8720181291999';KOZMETIKA;        0.00;        0.00
PROVA DEO W 150mL BIG CRYSTAL           ;639073    ;PROVA          ;        0.15;L  ;        0.00;       11.27;'8696601071642';KOZMETIKA;        1.99;        1.69
DOVE DEO 150mL W INVISIBLE CARE         ;640433    ;DOVE           ;        0.15;L  ;        5.99;       39.93;'8720181291562';KOZMETIKA;        0.00;        0.00
DOVE DEO 150mL W SOFT FEEL              ;641221    ;DOVE           ;        0.15;L  ;        5.99;       39.93;'8720181291852';KOZMETIKA;        0.00;        0.00
FA DEO 150mL PASSION FRUIT              ;641766    ;FA             ;        0.15;L  ;        0.00;       17.93;'9000101726732';KOZMETIKA;        3.99;        2.69
NEUTRO ROBERTS DEO FRESCO MONOI 150mL   ;644118    ;NEUTRO ROBERTS ;        0.15;L  ;        4.75;       31.67;'8002410011883';KOZMETIKA;        0.00;        0.00
DOVE DEO 150mL W TALCO                  ;645786    ;DOVE           ;        0.15;L  ;        5.99;       39.93;'8720181291876';KOZMETIKA;        0.00;        0.00
REXONA DEO W SEXY BOUQUET 200mL         ;645795    ;REXONA         ;        0.20;L  ;        0.00;       19.95;'8720181334719';KOZMETIKA;        6.49;        3.99
DESIRE DEO LA BELLE 75mL                ;645996    ;DESIRE         ;        0.08;L  ;        1.69;       22.53;'5944568000940';KOZMETIKA;        0.00;        0.00
AMOUR DEO W DESIRE 75mL                 ;645997    ;AMOUR          ;        0.08;L  ;        1.69;       22.53;'5944568001367';KOZMETIKA;        0.00;        0.00
CL DEO 50mL INT.DRY MINI                ;646682    ;CL             ;        0.05;L  ;        1.55;       31.00;'4033419405001';KOZMETIKA;        0.00;        0.00
AMOUR DEO ROMANTIQE 75mL                ;648620    ;AMOUR          ;        0.08;L  ;        1.69;       22.53;'5944568001374';KOZMETIKA;        0.00;        0.00
DESIRE DEO W LE CHARNEL 75mL            ;648621    ;DESIRE         ;        0.08;L  ;        1.69;       22.53;'5944568001695';KOZMETIKA;        0.00;        0.00
DESIRE DEO W L ANGE 75mL                ;648622    ;DESIRE         ;        0.08;L  ;        1.69;       22.53;'5944568001671';KOZMETIKA;        0.00;        0.00
REXONA DEO W BLUE POPPY&APPLE 150mL     ;656783    ;REXONA         ;        0.15;L  ;        0.00;       21.27;'8717163680537';KOZMETIKA;        4.99;        3.19
REXONA DEO W STICK INVISIBLE B&W 50mL   ;656785    ;REXONA         ;        0.05;L  ;        0.00;       63.80;'59002734';KOZMETIKA;        4.99;        3.19
DOVE DEO 150mL W COCONUT&JASMINE        ;656792    ;DOVE           ;        0.15;L  ;        5.99;       39.93;'8720181291487';KOZMETIKA;        0.00;        0.00
CL DEO ESSENCE FRESH 200mL              ;657333    ;CL             ;        0.20;L  ;        3.99;       19.95;'4033419000008';KOZMETIKA;        0.00;        0.00
CL DEO BLOSSOM CARE 200mL               ;657334    ;CL             ;        0.20;L  ;        3.99;       19.95;'4033419000039';KOZMETIKA;        0.00;        0.00
NIVEA DEO W SENS DERMA RESTORE 150mL    ;658250    ;NIVEA          ;        0.15;L  ;        0.00;       25.27;'9005800389981';KOZMETIKA;        5.39;        3.79
NIVEA DEO W EX.COMFORT DER.DEFEND 150mL ;658253    ;NIVEA          ;        0.15;L  ;        0.00;       25.27;'9005800389974';KOZMETIKA;        5.39;        3.79
BOROTALCO DEO INV.PINK 150mL            ;662484    ;BOROTALCO      ;        0.15;L  ;        5.39;       35.93;'8002410046298';KOZMETIKA;        0.00;        0.00
FA DEO PROMO 2X150mL PINK PASSION       ;663430    ;FA             ;        0.30;L  ;        4.99;       16.63;'9000101782288';KOZMETIKA;        0.00;        0.00
FA DEO PROMO 2X150mL MYSTIC MOMENTS     ;663432    ;FA             ;        0.30;L  ;        4.99;       16.63;'9000101782325';KOZMETIKA;        0.00;        0.00
CHARME CLASSIC EDT 30mL                 ;690184    ;CHARME         ;        0.03;L  ;        4.25;      141.67;'5997001716298';KOZMETIKA;        0.00;        0.00
NEUTRO ROBERTS POWDER FRESH 150mL       ;87669     ;NEUTRO ROBERTS ;        0.15;L  ;        4.75;       31.67;'8002410002232';KOZMETIKA;        0.00;        0.00
AS SUN KIDS SPF50 270mL                 ;628648    ;AMBRE SOLAIRE  ;        0.27;L  ;       21.99;       81.44;'3600542522915';KOZMETIKA;        0.00;        0.00
AS SUN SENS SPF50+ SPREJ 150mL          ;644295    ;AMBRE SOLAIRE  ;        0.15;L  ;       17.99;      119.93;'3600542520423';KOZMETIKA;        0.00;        0.00
AS SUN HID.MLIJEKO SPF30ML 175mL        ;654774    ;AMBRE SOLAIRE  ;        0.18;L  ;       16.99;       97.09;'3600542624916';KOZMETIKA;        0.00;        0.00
ÈUPKO DEPIL.TRAKE BEZ VOSKA BK77        ;127765    ;ÈUPKO          ;        0.00;KOM;        2.79;        0.00;'3859888495128';KOZMETIKA;        0.00;        0.00
ÈUPKO DEPIL.TRAKE ZA OSJ.KOŽU 16/1      ;198384    ;ÈUPKO          ;       16.00;KOM;        6.99;        0.44;'3859888495500';KOZMETIKA;        0.00;        0.00
EVELINE KREMA ZA DEPILACIJU 3U1 125mL   ;199437    ;EVELINE        ;        0.13;L  ;        2.99;       23.92;'5901964016555';KOZMETIKA;        0.00;        0.00
GILLETTE ŽENSKI GEL ZA BRIJ.SUHA 200mL  ;314946    ;GILLETTE       ;        0.20;L  ;        6.69;       33.45;'7702018012466';KOZMETIKA;        0.00;        0.00
AFRODITA DEPIL.GEL NAKON DEPIL.100mL    ;367332    ;AFRODITA       ;        0.10;L  ;        6.49;       64.90;'3830001296402';KOZMETIKA;        0.00;        0.00
AFRODITA DEPIL.KREMA SENS 100mL         ;36935     ;AFRODITA       ;        0.10;L  ;        6.99;       69.90;'3830001296969';KOZMETIKA;        0.00;        0.00
AFRODITA DEPIL.BIKINI/LICE KREMA 50mL   ;513119    ;AFRODITA       ;        0.05;L  ;        5.39;      107.80;'3830001290530';KOZMETIKA;        0.00;        0.00
AFRODITA DEPIL.KREMA SUPREME 100mL      ;513120    ;AFRODITA       ;        0.10;L  ;        6.99;       69.90;'3831070651765';KOZMETIKA;        0.00;        0.00
AFRODITA DEPILATION KREMA ACTIVE 50mL   ;554768    ;AFRODITA       ;        0.05;L  ;        5.39;      107.80;'3831070653783';KOZMETIKA;        0.00;        0.00
ÈUPKO KREMA ZA DEPIL.OSJET.KOŽA 125mL   ;581471    ;ÈUPKO          ;        0.13;L  ;        3.99;       31.92;'3859888495302';KOZMETIKA;        0.00;        0.00
VEET KREMA SENSITIVE 100mL              ;586489    ;VEET           ;        0.10;L  ;        6.39;       63.90;'5997321773438';KOZMETIKA;        0.00;        0.00
VEET KREMA DEPIL.NORM.KOŽA 100mL        ;587405    ;VEET           ;        0.10;L  ;        6.39;       63.90;'5997321773445';KOZMETIKA;        0.00;        0.00
VEET LISTIÆI ZA EPIL.NOGU SENS 20/1     ;607177    ;VEET           ;       20.00;KOM;        9.19;        0.46;'5997321774732';KOZMETIKA;        0.00;        0.00
VEET TRAKE PURE ZA LICE 20KOM/PAK       ;611596    ;VEET           ;       20.00;KOM;        6.39;        0.32;'5997321774497';KOZMETIKA;        0.00;        0.00
VEET KREMA EXPERT 100mL                 ;656099    ;VEET           ;        0.10;L  ;        6.99;       69.90;'5997321776569';KOZMETIKA;        0.00;        0.00
ÈUPKO TOPLI VOSAK 100g +                ;99127     ;ÈUPKO          ;        0.10;kg ;        6.49;       64.90;'3859888495005';KOZMETIKA;        0.00;        0.00
ÈUPKO VOSAK ZA HLADNU DEPIL.270mL**     ;99128     ;ÈUPKO          ;        0.27;L  ;        0.00;        8.85;'3859888495081';KOZMETIKA;        3.84;        2.39
ÈUPKO TRAKE ZA DEPIL.TIJELA 16/1 CLAS. +;99129     ;ÈUPKO          ;       16.00;KOM;        5.99;        0.37;'3859888495029';KOZMETIKA;        0.00;        0.00
TETA VIOLETA PRO-TECT BLACK 45WL 2,7L*  ;562432    ;VIOLETA D.O.O.;        2.70;L  ;        7.99;        2.96;'3870128016996';SREDSTVA ZA ÈIŠÆENJE;        0.00;        0.00
TETA VIOLETA PRO-TECT COLOR 45WL 2,7L*  ;562433    ;VIOLETA D.O.O.;        2.70;L  ;        7.99;        2.96;'3870128017085';SREDSTVA ZA ÈIŠÆENJE;        0.00;        0.00
WOOLITE DET.COLOR 2,7L                  ;577468    ;WOOLITE        ;        2.70;L  ;        0.00;        2.59;'5900627090475';SREDSTVA ZA ÈIŠÆENJE;       16.49;        6.99
WOOLITE DET.DARK 2,7L                   ;577469    ;WOOLITE        ;        2.70;L  ;        0.00;        2.59;'5900627090482';SREDSTVA ZA ÈIŠÆENJE;       16.49;        6.99
WOOLITE DET.PRO CARE 2,7L               ;577470    ;WOOLITE        ;        0.00;   ;        0.00;        0.00;'5900627090505';SREDSTVA ZA ÈIŠÆENJE;       16.49;        6.99
TETA VIOLETA PRO-TECT BLACK 3,96L       ;578777    ;VIOLETA D.O.O.;        3.96;L  ;        0.00;        1.51;'3870128017023';SREDSTVA ZA ÈIŠÆENJE;       10.62;        5.99
WOOLITE DET.COLOR 3,6L                  ;580061    ;WOOLITE        ;        3.60;L  ;        0.00;        2.22;'5900627090512';SREDSTVA ZA ÈIŠÆENJE;       19.59;        7.99
WOOLITE DET.DARK 3,6L                   ;580062    ;WOOLITE        ;        3.60;L  ;        0.00;        2.22;'5900627090529';SREDSTVA ZA ÈIŠÆENJE;       19.59;        7.99
WOOLITE DET.PRO CARE 3,6L               ;580063    ;WOOLITE        ;        3.60;L  ;        0.00;        2.22;'5900627090543';SREDSTVA ZA ÈIŠÆENJE;       19.59;        7.99
NILA 2,7L BEAUTY DELICATE               ;586150    ;NILA           ;        2.70;L  ;        9.29;        3.44;'3850105169693';SREDSTVA ZA ÈIŠÆENJE;        0.00;        0.00
NILA 2,7L HAPPY COLORS                  ;586151    ;NILA           ;        2.70;L  ;        9.29;        3.44;'3850105169662';SREDSTVA ZA ÈIŠÆENJE;        0.00;        0.00
NILA 2,7L SENSUAL BLACK                 ;586152    ;NILA           ;        2.70;L  ;        9.29;        3.44;'3850105169631';SREDSTVA ZA ÈIŠÆENJE;        0.00;        0.00
NILA 2,7L CUTE BABY                     ;586153    ;NILA           ;        2.70;L  ;        9.29;        3.44;'3850105169600';SREDSTVA ZA ÈIŠÆENJE;        0.00;        0.00
NILA 900mL MY HAPPY COLORS              ;587823    ;NILA           ;        0.90;L  ;        4.29;        4.77;'3850105169518';SREDSTVA ZA ÈIŠÆENJE;        0.00;        0.00
NILA 900mL MY SENSUAL BLACK             ;587824    ;NILA           ;        0.90;L  ;        4.29;        4.77;'3850105169488';SREDSTVA ZA ÈIŠÆENJE;        0.00;        0.00
MERI MERINO BLACK 2,7L                  ;595789    ;MERI MERINO    ;        2.70;L  ;        8.49;        3.14;'3850111105784';SREDSTVA ZA ÈIŠÆENJE;        0.00;        0.00
MERI MERINO COLOR 2,7L                  ;595792    ;MERI MERINO    ;        2.70;L  ;        8.49;        3.14;'3850111105791';SREDSTVA ZA ÈIŠÆENJE;        0.00;        0.00
MERI MERINO SENSITIVE 2,7L              ;595793    ;MERI MERINO    ;        2.70;L  ;        8.49;        3.14;'3850111105807';SREDSTVA ZA ÈIŠÆENJE;        0.00;        0.00
MERI MERINO WHITE 2,7L                  ;595794    ;MERI MERINO    ;        2.70;L  ;        8.49;        3.14;'3850111105814';SREDSTVA ZA ÈIŠÆENJE;        0.00;        0.00
NILA 900mL BABY HYPOALLERGENIC          ;602754    ;NILA           ;        0.90;L  ;        4.29;        4.77;'3850105175540';SREDSTVA ZA ÈIŠÆENJE;        0.00;        0.00
MERI MERINO COLOR 4,5L*                 ;610405    ;MERI MERINO    ;        4.50;L  ;        7.30;        1.62;'3850111105722';SREDSTVA ZA ÈIŠÆENJE;        0.00;        0.00
MERI MERINO BLACK 4,5L*                 ;610406    ;MERI MERINO    ;        4.50;L  ;        7.30;        1.62;'3850111105739';SREDSTVA ZA ÈIŠÆENJE;        0.00;        0.00
NILA 3,7L MY HAPPY COLORS 68 PRANJA*    ;613726    ;NILA           ;        3.70;L  ;       11.99;        3.24;'3850105180704';SREDSTVA ZA ÈIŠÆENJE;        0.00;        0.00
MERI MERINO 900mL COLOR                 ;613887    ;MERI MERINO    ;        0.90;L  ;        3.75;        4.17;'3850111105760';SREDSTVA ZA ÈIŠÆENJE;        0.00;        0.00
MERI MERINO COLOR XXL 4L                ;628661    ;MERI MERINO    ;        4.00;L  ;       10.99;        2.75;'3850111105869';SREDSTVA ZA ÈIŠÆENJE;        0.00;        0.00
NILA 2,7L MY PINK                       ;666157    ;NILA           ;        2.70;L  ;        9.29;        3.44;'3850105186874';SREDSTVA ZA ÈIŠÆENJE;        0.00;        0.00
TETA VIOLETA DET.BLUSHING BLOOM 2,7L    ;666433    ;VIOLETA D.O.O.;        2.70;L  ;        7.99;        2.96;'3870128038981';SREDSTVA ZA ÈIŠÆENJE;        0.00;        0.00
VIOLETA 1,8L INTENSE BLASK              ;666434    ;VIOLETA        ;        1.80;L  ;        5.99;        3.33;'3870128035393';SREDSTVA ZA ÈIŠÆENJE;        0.00;        0.00
VIOLETA 1,8L INTENSE COLOR              ;666439    ;VIOLETA        ;        1.80;L  ;        5.99;        3.33;'3870128035362';SREDSTVA ZA ÈIŠÆENJE;        0.00;        0.00
VIOLETA 1,8L BLUSHING BLOOM             ;666440    ;VIOLETA        ;        1.80;L  ;        5.99;        3.33;'3870128038950';SREDSTVA ZA ÈIŠÆENJE;        0.00;        0.00
NIVEA KREMA 75mL                        ;01163     ;NIVEA          ;        0.08;L  ;        3.69;       49.20;'42163176';KOZMETIKA;        0.00;        0.00
AFRODITA SKIDAÈ LAKA KAMILICA 125mL     ;08873     ;AFRODITA       ;        0.13;L  ;        4.29;       34.32;'3830001296716';KOZMETIKA;        0.00;        0.00
AFRODITA UNIVER.KREMA NEVEN HYDRA 150mL ;138330    ;AFRODITA       ;        0.15;L  ;        4.99;       33.27;'3830001291582';KOZMETIKA;        0.00;        0.00
OLIVAL VAZELIN 50mL                     ;160561    ;OLIVAL         ;        0.05;L  ;        3.29;       65.80;'3859888345348';KOZMETIKA;        0.00;        0.00
DOVE KREMA UNIVERZ.150mL                ;174423    ;DOVE           ;        0.15;L  ;        0.00;       22.60;'8717163476789';KOZMETIKA;        4.49;        3.39
KRAUTERHOF NEVENOVA KREMA 100mL         ;177496    ;KRAUTERHOF     ;        0.10;L  ;        1.79;       17.90;'4075700038581';KOZMETIKA;        0.00;        0.00
ACETON SOLVENTE 125mL                   ;18782     ;SOLVENTE       ;        0.13;L  ;        0.89;        7.12;'8008423201013';KOZMETIKA;        0.00;        0.00
ACETON ULJNI SOLVENTE 125mL             ;18783     ;ACETON         ;        0.13;L  ;        0.89;        7.12;'8008423201112';KOZMETIKA;        0.00;        0.00
ROSAL ODSTR.LAKA ZA NOKTE 85mL          ;191030    ;ROSAL          ;        0.09;L  ;        0.00;       16.35;'3856007901300';KOZMETIKA;        2.55;        1.39
ROSAL ODSTR.LAKA ULJNI 85mL             ;192870    ;ROSAL          ;        0.09;L  ;        2.55;       30.00;'3856007901294';KOZMETIKA;        0.00;        0.00
NIVEA KREMA 150mL                       ;226731    ;NIVEA          ;        0.15;L  ;        4.99;       33.27;'4005808157983';KOZMETIKA;        0.00;        0.00
NIVEA KREMA 30mL                        ;226732    ;NIVEA          ;        0.03;L  ;        1.99;       66.33;'42158486';KOZMETIKA;        0.00;        0.00
NIVEA KREMA 250mL                       ;226733    ;NIVEA          ;        0.25;L  ;        8.59;       34.36;'4005808158041';KOZMETIKA;        0.00;        0.00
NEUTROGENA KREMA ZA RUKE 75mL BRZOUPIJ  ;236764    ;NEUTROGENA     ;        0.08;L  ;        0.00;       59.87;'3574660239829';KOZMETIKA;        5.35;        4.49
OLIVAL KREMA ZA RUKE HIDRAT.75mL        ;241013    ;OLIVAL         ;        0.08;L  ;        3.29;       43.87;'3859888345591';KOZMETIKA;        0.00;        0.00
ROSAL FAMILY KREMA 150mL                ;331870    ;ROSAL          ;        0.15;L  ;        3.69;       24.60;'3856007903366';KOZMETIKA;        0.00;        0.00
ROSAL FAMILY HYDROSOFT KREMA 250mL      ;340167    ;ROSAL          ;        0.25;L  ;        4.65;       18.60;'3856007903359';KOZMETIKA;        0.00;        0.00
ROSAL FAMILY KREMA 75mL                 ;340257    ;ROSAL          ;        0.08;L  ;        2.15;       28.67;'3856007903373';KOZMETIKA;        0.00;        0.00
48 ZAŠTITNA KREMA ZA RUKE 100mL         ;343202    ;48             ;        0.10;L  ;        2.99;       29.90;'3838498411346';KOZMETIKA;        0.00;        0.00
ACETON SOLVENTE S KALCIJEM 125mL        ;36367     ;ACETON         ;        0.13;L  ;        0.89;        7.12;'8008423400539';KOZMETIKA;        0.00;        0.00
NEUTROGENA KR.ZA RUKE S MIRIS.75mL      ;374511    ;NEUTROGENA     ;        0.08;L  ;        0.00;       59.87;'3574660258264';KOZMETIKA;        5.35;        4.49
EVELINE KREMA EXTRA SOFT 100mL KONC.    ;378343    ;EVELINE        ;        0.10;L  ;        2.19;       21.90;'5907609333957';KOZMETIKA;        0.00;        0.00
NIVEA SOFT KREMA 100mL                  ;393527    ;NIVEA          ;        0.10;L  ;        6.49;       64.90;'4005808760435';KOZMETIKA;        0.00;        0.00
NIVEA SOFT KREMA 300mL                  ;394038    ;NIVEA          ;        0.30;L  ;       10.49;       34.97;'4005808760466';KOZMETIKA;        0.00;        0.00
NIVEA SOFT KREMA 200mL                  ;395155    ;NIVEA          ;        0.20;L  ;        8.99;       44.95;'4005808758968';KOZMETIKA;        0.00;        0.00
AFRODITA SKIDAÈ LAKA LAVANDA 100mL      ;423865    ;AFRODITA       ;        0.10;L  ;        2.79;       27.90;'3830001297881';KOZMETIKA;        0.00;        0.00
AFRODITA SKIDAÈ LAKA ULJNI NEVEN 100mL  ;425323    ;AFRODITA       ;        0.10;L  ;        2.79;       27.90;'3830001298819';KOZMETIKA;        0.00;        0.00
HOLY KREMA ZA RUKE 75mL                 ;441665    ;JGL            ;        0.08;L  ;        2.89;       38.53;'3858891010137';KOZMETIKA;        0.00;        0.00
AMSTER KREMA GYCERIN 200mL SA ULJEM     ;505547    ;AMSTER         ;        0.20;L  ;        2.19;       10.95;'3859888102309';KOZMETIKA;        0.00;        0.00
NIVEA KREMA CARE HRANJIVA 100mL         ;505591    ;NIVEA          ;        0.10;L  ;        6.99;       69.90;'42269809';KOZMETIKA;        0.00;        0.00
NIVEA KREMA CARE HRANJIVA 200mL         ;505592    ;NIVEA          ;        0.20;L  ;        8.99;       44.95;'42269830';KOZMETIKA;        0.00;        0.00
48 KREMA ZAŠTITNA 50mL                  ;506460    ;48             ;        0.05;L  ;        1.99;       39.80;'3838980810343';KOZMETIKA;        0.00;        0.00
SOLEA KREMA PLASTIC CUP 150mL           ;514369    ;SOLEA          ;        0.15;L  ;        0.00;       19.27;'7613107420034';KOZMETIKA;        3.99;        2.89
SOFT&CLEAN SKIDAÈ LAKA 200mL            ;519649    ;SOFT&CLEAN     ;        0.20;L  ;        2.65;       13.25;'3859888386150';KOZMETIKA;        0.00;        0.00
SOLEA KREMA 60mL UNI                    ;523198    ;SOLEA          ;        0.06;L  ;        0.00;       31.50;'7613107420058';KOZMETIKA;        2.69;        1.89
AFRODITA UNIVERZ.KREMA NEVEN NUTRI 150m ;539691    ;AFRODITA       ;        0.15;L  ;        4.99;       33.27;'3830001291919';KOZMETIKA;        0.00;        0.00
NIVEA KREMA ZA RUKE PÈELINJI VOSAK 75mL ;540196    ;NIVEA          ;        0.08;L  ;        0.00;       33.20;'9005800291888';KOZMETIKA;        3.49;        2.49
NIVEA KREMA ZA RUKE ALOE 75mL           ;540197    ;NIVEA          ;        0.08;L  ;        0.00;       31.87;'9005800291871';KOZMETIKA;        3.49;        2.39
MIXA BODY INTEN.KREMA ZA RUKE 100mL     ;546609    ;MIXA           ;        0.10;L  ;        4.29;       42.90;'3600550932690';KOZMETIKA;        0.00;        0.00
DERMA KREMA ZA RUKE 200mL               ;559145    ;DERMA          ;        0.20;L  ;        1.49;        7.45;'3831001902096';KOZMETIKA;        0.00;        0.00
AMSTER HRANJIVA KREMA 200mL             ;562643    ;AMSTER         ;        0.20;L  ;        2.19;       10.95;'3859888102699';KOZMETIKA;        0.00;        0.00
EVELINE KREMA ZA RUKE MASLINA 100mL     ;565540    ;EVELINE        ;        0.10;L  ;        1.79;       17.90;'5907609338457';KOZMETIKA;        0.00;        0.00
EVELINE KREMA ZA RUKE KOZJE ML.100mL    ;565541    ;EVELINE        ;        0.10;L  ;        1.79;       17.90;'5907609338464';KOZMETIKA;        0.00;        0.00
AFRODITA KREMA ZA RUKE ARGAN 100mL      ;581312    ;AFRODITA       ;        0.10;L  ;        3.99;       39.90;'3831070655718';KOZMETIKA;        0.00;        0.00
SOLEA UNIVERZALNA KREMA 250mL           ;581606    ;SOLEA          ;        0.25;L  ;        0.00;       15.96;'7613107420614';KOZMETIKA;        5.55;        3.99
AFRODITA KREMA ZA RUKE BADEM 100mL      ;581844    ;AFRODITA       ;        0.10;L  ;        3.99;       39.90;'3831070655725';KOZMETIKA;        0.00;        0.00
VASELINE KREMA ZA RUKE H&N 75mL         ;594457    ;VASELINE       ;        0.08;L  ;        0.00;       37.20;'8712561485524';KOZMETIKA;        3.89;        2.79
GENERA KREMA ALOE VERA 100mL            ;597891    ;GENERA         ;        0.10;L  ;        0.00;       14.90;'8003693403884';KOZMETIKA;        1.99;        1.49
NIVEA KREMA CARE SOOTHING 200mL         ;599125    ;NIVEA          ;        0.20;L  ;        8.99;       44.95;'42360551';KOZMETIKA;        0.00;        0.00
NIVEA KREMA ZA RUKE CARA&PROTECT 100mL  ;606160    ;NIVEA          ;        0.10;L  ;        0.00;       42.90;'9005800345123';KOZMETIKA;        5.79;        4.29
OLIVAL KREMA MASLINA PUMP 150mL         ;613004    ;OLIVAL         ;        0.15;L  ;        3.79;       25.27;'3858892693971';KOZMETIKA;        0.00;        0.00
EVELINE KREMA ZA RUKE NOKTE GLIC.100mL  ;613770    ;EVELINE        ;        0.00;   ;        1.59;        0.00;'5907609338471';KOZMETIKA;        0.00;        0.00
NEUTROGENA KR.ZA RUKE BEZ MIRISA 75mL   ;627906    ;NEUTROGENA     ;        0.08;L  ;        0.00;       59.87;'3574660066227';KOZMETIKA;        5.35;        4.49
AFRODITA KREMA ZA RUKE SWEET CHERRY 50mL;628044    ;AFRODITA       ;        0.05;L  ;        3.19;       63.80;'3831070658795';KOZMETIKA;        0.00;        0.00
ATRIX KREMA 150mL                       ;637970    ;ATRIX          ;        0.15;L  ;        4.25;       28.33;'9005800375519';KOZMETIKA;        0.00;        0.00
ATRIX KREMA INTENZIVNA 100mL            ;638260    ;ATRIX          ;        0.10;L  ;        3.59;       35.90;'9005800374826';KOZMETIKA;        0.00;        0.00
ATRIX SOFT KREMA 100mL                  ;638434    ;ATRIX          ;        0.10;L  ;        3.59;       35.90;'9005800374840';KOZMETIKA;        0.00;        0.00
GARNIER KREMA REPAIR&DRY SKIN 75mL      ;639238    ;GARNIER        ;        0.08;L  ;        2.99;       39.87;'3600542561440';KOZMETIKA;        0.00;        0.00
DALAN D OLIVE KREMA 20mL                ;643332    ;DALAN          ;        0.02;L  ;        0.79;       39.50;'8690529009855';KOZMETIKA;        0.00;        0.00
NIVEA SOFT KREMA 75mL                   ;646606    ;NIVEA          ;        0.08;L  ;        5.79;       77.20;'4005808751457';KOZMETIKA;        0.00;        0.00
MELEM KREMA ZA RUKE VITAMIN 50mL        ;650489    ;MELEM          ;        0.05;L  ;        0.00;       55.80;'3856007910913';KOZMETIKA;        3.69;        2.79
ARKO KREMA UNIVERZALNA 250mL            ;663313    ;ARKO           ;        0.25;L  ;        0.00;        9.96;'8690506520045';KOZMETIKA;        3.99;        2.49
NIVEA KREMA ZA RUKE SMOOTH 100mL        ;699409    ;NIVEA          ;        0.10;L  ;        0.00;       34.90;'42417729';KOZMETIKA;        4.79;        3.49
HERBAMEDICUS BALZAM OD NEVENA 250mL     ;08276     ;HERBAMEDICUS   ;        0.25;L  ;        0.00;        9.16;'4009737306566';KOZMETIKA;        2.99;        2.29
KRAUTERHOF KREMA OD NEVENA 250mL        ;120119    ;KRAUTERHOF     ;        0.25;L  ;        3.59;       14.36;'4075700044438';KOZMETIKA;        0.00;        0.00
KRAUTERHOF LEDENI GEL 250mL             ;120540    ;KRAUTERHOF     ;        0.25;L  ;        3.65;       14.60;'4075700044414';KOZMETIKA;        0.00;        0.00
HERBAMEDICUS KREMA VRAŽJE PANDŽE 250mL  ;182916    ;HERBAMEDICUS   ;        0.25;L  ;        0.00;        9.16;'4009737306597';KOZMETIKA;        2.99;        2.29
KRAUTERHOF KONJSKI BALZAM 250mL         ;188442    ;KRAUTERHOF     ;        0.25;L  ;        3.65;       14.60;'4075700044506';KOZMETIKA;        0.00;        0.00
KRAUTERHOF KREMA VINOVA LOZA 250m       ;190492    ;KRAUTERHOF     ;        0.25;L  ;        3.55;       14.20;'4075700044520';KOZMETIKA;        0.00;        0.00
KRAUTERHOF KONJSKI BALZAM 500mL         ;201090    ;KRAUTERHOF     ;        0.50;L  ;        5.29;       10.58;'4075700054703';KOZMETIKA;        0.00;        0.00
KRAUTERHOF VRAŽJE PANDŽE 250mL          ;201518    ;KRAUTERHOF     ;        0.25;L  ;        3.65;       14.60;'4075700044544';KOZMETIKA;        0.00;        0.00
HERBAMEDIKUS KREMA MASLIN.ULJE 250mL    ;220411    ;HERBAMEDICUS   ;        0.25;L  ;        0.00;        8.76;'4009737306627';KOZMETIKA;        2.89;        2.19
KRAUTERHOF KONJSKI BALZAM 100mL         ;270034    ;KRAUTERHOF     ;        0.10;L  ;        1.99;       19.90;'40757612';KOZMETIKA;        0.00;        0.00
KRAUTERHOF NEVENOVA KREMA 100mL         ;270036    ;KRAUTERHOF     ;        0.10;L  ;        1.99;       19.90;'40757742';KOZMETIKA;        0.00;        0.00
NIVEA BODY MLIJEKO 400mL                ;276448    ;NIVEA          ;        0.40;L  ;       10.99;       27.48;'4005808237029';KOZMETIKA;        0.00;        0.00
HERBAMEDICUS KONJSKI HOT BALZAM 500mL   ;331346    ;HERBAMEDICUS   ;        0.50;L  ;        0.00;        6.78;'4009737306689';KOZMETIKA;        4.25;        3.39
DOVE BODY MLIJEKO 400mL ESS.NOURISH     ;346245    ;DOVE           ;        0.40;L  ;        9.45;       23.63;'8711600368804';KOZMETIKA;        0.00;        0.00
HERBAMEDICUS KONJSKI BALZAM HERBA       ;360998    ;HERBAMEDICUS   ;        0.50;L  ;        0.00;        6.78;'4009737306337';KOZMETIKA;        4.25;        3.39
KRAUTERHOF GEL S GAVEZOM 250mL          ;370142    ;KRAUTERHOF     ;        0.25;L  ;        3.99;       15.96;'4075700044551';KOZMETIKA;        0.00;        0.00
KRAUTERHOF KONJSKI BALZAM EX.JAKI 250mL ;392893    ;KRAUTERHOF     ;        0.25;L  ;        5.99;       23.96;'4075700044483';KOZMETIKA;        0.00;        0.00
AFRODITA BODY MLIJEKO JOJOBA 250        ;398395    ;AFRODITA       ;        0.25;L  ;        5.99;       23.96;'3831070650119';KOZMETIKA;        0.00;        0.00
OLIVAL VENOGEL 250mL                    ;398709    ;OLIVAL         ;        0.25;L  ;        3.59;       14.36;'3859892751074';KOZMETIKA;        0.00;        0.00
OLIVAL REUMOGEL 250mL                   ;398710    ;OLIVAL         ;        0.25;L  ;        5.39;       21.56;'3859892751067';KOZMETIKA;        0.00;        0.00
OLIVAL ICE GEL 250mL                    ;398711    ;OLIVAL         ;        0.25;L  ;        5.79;       23.16;'3859892751050';KOZMETIKA;        0.00;        0.00
ENCIAN KONJSKI BALZAM 250mL             ;398919    ;ENCIAN         ;        0.25;L  ;        3.99;       15.96;'3859891205714';KOZMETIKA;        0.00;        0.00
ENCIAN VRAŽJA KANDŽA 250mL              ;398920    ;ENCIAN         ;        0.25;L  ;        4.29;       17.16;'3859891205868';KOZMETIKA;        0.00;        0.00
ENCIAN VENFORTE GEL 250mL               ;398922    ;ENCIAN         ;        0.25;L  ;        4.29;       17.16;'3859891205899';KOZMETIKA;        0.00;        0.00
DOVE BODY MLIJEKO ESS.NOUR.250mL        ;399740    ;DOVE           ;        0.25;L  ;        6.49;       25.96;'8711600456877';KOZMETIKA;        0.00;        0.00
NEUTROGENA LOSION ZA SUHU KOŽU 400mL    ;412401    ;NEUTROGENA     ;        0.40;L  ;        0.00;       19.98;'3574661098937';KOZMETIKA;        9.79;        7.99
VAZELIN SKIN CARE 125mL                 ;416125    ;SENS.SKIN-CARE ;        0.13;L  ;        1.99;       15.92;'4009737065005';KOZMETIKA;        0.00;        0.00
OLIVAL KONJSKI BALZAM 250mL             ;430153    ;OLIVAL         ;        0.25;L  ;        3.59;       14.36;'3859892751043';KOZMETIKA;        0.00;        0.00
AFRODITA BODY MLIJEKO ARGAN 250mL**     ;502273    ;AFRODITA       ;        0.25;L  ;        5.99;       23.96;'3831070651031';KOZMETIKA;        0.00;        0.00
HERBAMEDICUS ALOE VERA GEL 250mL        ;505155    ;HERBAMEDICUS   ;        0.25;L  ;        0.00;        9.16;'4009737306429';KOZMETIKA;        2.99;        2.29
OLIVAL KONJSKI HOT BALZAM 250mL         ;505325    ;OLIVAL         ;        0.25;L  ;        3.99;       15.96;'3859892751678';KOZMETIKA;        0.00;        0.00
KRAUTERHOF NEVENOVA MAST 250mL          ;520942    ;KRAUTERHOF     ;        0.25;L  ;        3.99;       15.96;'4075700104576';KOZMETIKA;        0.00;        0.00
OLIVAL VINOVA LOZA 250mL                ;525950    ;OLIVAL         ;        0.25;L  ;        3.59;       14.36;'3859892751302';KOZMETIKA;        0.00;        0.00
DOVE BODY LOSION 400mL KOKOS ULJE&BADEM ;533682    ;DOVE           ;        0.40;L  ;        9.45;       23.63;'8710908778230';KOZMETIKA;        0.00;        0.00
VITAWOHL LEDENI GEL 100mL               ;533802    ;VITAWOHL       ;        0.25;L  ;        1.99;        7.96;'4009737066002';KOZMETIKA;        0.00;        0.00
OLIVAL KURKUMA GEL 250mL                ;535287    ;OLIVAL         ;        0.25;L  ;        3.59;       14.36;'3859893186080';KOZMETIKA;        0.00;        0.00
NIVEA BODY KREMASTO MLIJEKO 250mL       ;540231    ;NIVEA          ;        0.25;L  ;        8.29;       33.16;'4005808247349';KOZMETIKA;        0.00;        0.00
NIVEA BODY MLIJEKO 250mL                ;544186    ;NIVEA          ;        0.25;L  ;        8.29;       33.16;'4005808246205';KOZMETIKA;        0.00;        0.00
HERBAMEDICUS GLUKOSAMIN KREMA 250mL     ;551319    ;HERBAMEDICUS   ;        0.25;L  ;        0.00;        9.16;'4009737307709';KOZMETIKA;        2.99;        2.29
HERBAMEDICUS MEDVJEÐI BALZAM 250mL      ;551327    ;HERBAMEDICUS   ;        0.25;L  ;        0.00;        9.16;'4009737307068';KOZMETIKA;        2.99;        2.29
OLIVAL MAST KONOPLJA 30mL               ;554236    ;OLIVAL         ;        0.03;L  ;        5.35;      178.33;'3859893186158';KOZMETIKA;        0.00;        0.00
AFRODITA MEN UNIVERZALNA KREMA 125mL    ;557026    ;AFRODITA       ;        0.13;L  ;        5.49;       43.92;'3831070653912';KOZMETIKA;        0.00;        0.00
EVELINE KREMA ZA STOPALA 25%UREA 75mL   ;559285    ;EVELINE        ;        0.08;L  ;        2.99;       39.87;'5901761967944';KOZMETIKA;        0.00;        0.00
BLUE ICE GEL 230mL                      ;560038    ;BLUE ICE       ;        0.23;L  ;        2.79;       12.13;'3858885847084';KOZMETIKA;        0.00;        0.00
HERBAMEDICUS BALZAM CRV.VIN.L.KEST.250mL;562747    ;HERBAMEDICUS   ;        0.25;L  ;        0.00;        9.16;'4009737209188';KOZMETIKA;        2.99;        2.29
EVELINE KREMA EXTRA SOFT SENS 200mL     ;563888    ;EVELINE        ;        0.20;L  ;        3.49;       17.45;'5907609328748';KOZMETIKA;        0.00;        0.00
OLIVAL ARNIKA GEL 250mL                 ;567756    ;OLIVAL         ;        0.25;L  ;        3.59;       14.36;'3859892751289';KOZMETIKA;        0.00;        0.00
OLIVAL GLUKOZAMIN GEL 250mL             ;568232    ;OLIVAL         ;        0.25;L  ;        3.59;       14.36;'3858892691625';KOZMETIKA;        0.00;        0.00
ALOE VERA KREMA 200mL                   ;575063    ;SARONNO        ;        0.20;L  ;        2.65;       13.25;'8052080190463';KOZMETIKA;        0.00;        0.00
OLIVAL MAGNEZIJ GEL 250mL               ;575077    ;OLIVAL         ;        0.25;L  ;        4.39;       17.56;'3858892692295';KOZMETIKA;        0.00;        0.00
OLIVAL KREMA ZA NJEGU STOPALA INT.75mL  ;575495    ;OLIVAL         ;        0.08;L  ;        4.49;       59.87;'3859893186653';KOZMETIKA;        0.00;        0.00
VASELINE ORGINAL 100mL                  ;594461    ;VASELINE       ;        0.10;L  ;        0.00;       29.90;'42182634';KOZMETIKA;        4.25;        2.99
LACTOVIT BODY MLIJEKO UREA 400mL        ;595378    ;LACTOVIT       ;        0.40;L  ;        6.69;       16.73;'8410190585997';KOZMETIKA;        0.00;        0.00
GENERA BODY S ARGAN.ULJEM 500mL         ;601534    ;GENERA         ;        0.50;L  ;        2.79;        5.58;'8003693403082';KOZMETIKA;        0.00;        0.00
OLIVAL GAVEZ GEL 250mL                  ;611052    ;OLIVAL         ;        0.25;L  ;        3.59;       14.36;'3858892691595';KOZMETIKA;        0.00;        0.00
NIVEA BODY KREMASTO MLIJEKO 400mL       ;619393    ;NIVEA          ;        0.40;L  ;       10.99;       27.48;'9005800286778';KOZMETIKA;        0.00;        0.00
HERBAMEDICUS KREMA OD KONOPLJE 250mL    ;624817    ;HERBAMEDICUS   ;        0.25;L  ;        0.00;        9.16;'4009737307716';KOZMETIKA;        2.99;        2.29
OLIVAL MAST GAVEZ 30mL                  ;625584    ;OLIVAL         ;        0.03;L  ;        4.69;      156.33;'3858892693957';KOZMETIKA;        0.00;        0.00
LA RIVE MIRISNA VODICA HAPPY VIBES 200mL;627337    ;LA RIVE        ;        0.20;L  ;        4.99;       24.95;'5903719640213';KOZMETIKA;        0.00;        0.00
LA RIVE MIRISNA VODICA SPARK.ROSE 200mL ;627338    ;LA RIVE        ;        0.20;L  ;        5.49;       27.45;'5903719640749';KOZMETIKA;        0.00;        0.00
DALAN D OL.KREMA RUKE/TIJELO 250mL      ;628478    ;DALAN          ;        0.25;L  ;        2.65;       10.60;'8690529009732';KOZMETIKA;        0.00;        0.00
AFRODITA BODY RED GRAPES 250mL          ;644778    ;AFRODITA       ;        0.25;L  ;        5.99;       23.96;'3831070652519';KOZMETIKA;        0.00;        0.00
ANNYER SLIM&FIT KREMA ZA TIJELO 500mL   ;646633    ;ANNYER         ;        0.50;L  ;        5.49;       10.98;'3850177001730';KOZMETIKA;        0.00;        0.00
EVELINE ANTICELULIT SERUM 4D 250mL**    ;651118    ;EVELINE        ;        0.25;L  ;        0.00;       11.96;'5901964013752';KOZMETIKA;        3.49;        2.99
MIXA BABY ULJE ATOP ZA TIJELO 250mL     ;652105    ;MIXA           ;        0.25;L  ;        5.99;       23.96;'3600550929324';KOZMETIKA;        0.00;        0.00
MIXA BODY MLIJEKO HYALUROGEL 400mL      ;652114    ;MIXA           ;        0.00;   ;        7.99;        0.00;'3600550958430';KOZMETIKA;        0.00;        0.00
MIXA BODY CERAMIDE PROT.400mL           ;652115    ;MIXA           ;        0.40;L  ;        7.99;       19.98;'3600551136028';KOZMETIKA;        0.00;        0.00
MIXA BODY PANTENOL 400mL JAR            ;652120    ;MIXA           ;        0.40;L  ;        9.99;       24.98;'3600551135960';KOZMETIKA;        0.00;        0.00
AFRODITA BODY MLIJEKO COLLAGEN 250mL    ;655191    ;AFRODITA       ;        0.25;L  ;        6.99;       27.96;'3831070663676';KOZMETIKA;        0.00;        0.00
ANTIBAKT.GEL DR.MEYER 100mL             ;657415    ;DR.MEYER       ;        0.10;L  ;        1.33;       13.30;'3850177001983';KOZMETIKA;        0.00;        0.00
BIOBAZA BODY FEATHER SOFT 300mL         ;658175    ;BIOBAZA        ;        0.30;L  ;        0.00;        9.97;'3856020909352';KOZMETIKA;        5.49;        2.99
ARKO KREMA GLICERIN 250mL SUHA KOŽA     ;663315    ;ARKO           ;        0.25;L  ;        0.00;        9.96;'8690506520052';KOZMETIKA;        3.99;        2.49
NIVEA BODY ALOE VERA LOSION 400mL       ;690274    ;NIVEA          ;        0.40;L  ;       10.99;       27.48;'9005800286761';KOZMETIKA;        0.00;        0.00
FA SG 250mL ACTIVE SPORT MEN            ;126310    ;FA             ;        0.25;L  ;        2.79;       11.16;'9000100194419';KOZMETIKA;        0.00;        0.00
FA SG 250mL EXTREME COOL MEN            ;283875    ;FA             ;        0.25;L  ;        2.79;       11.16;'9000100544658';KOZMETIKA;        0.00;        0.00
FA SG 250mL POWER BOOST MEN             ;360009    ;FA             ;        0.25;L  ;        2.79;       11.16;'9000100729505';KOZMETIKA;        0.00;        0.00
AXE SG 400mL AFRICA                     ;396898    ;AXE            ;        0.40;L  ;        4.99;       12.48;'54024892';KOZMETIKA;        0.00;        0.00
AXE SG 400mL EXCITE                     ;396903    ;AXE            ;        0.40;L  ;        4.99;       12.48;'8711600359659';KOZMETIKA;        0.00;        0.00
OS 400mL SG ORGINAL                     ;515472    ;OLD SPICE      ;        0.40;L  ;        5.29;       13.23;'4084500978881';KOZMETIKA;        0.00;        0.00
OS 400mL SG WOLFTHORN                   ;515475    ;OLD SPICE      ;        0.40;L  ;        5.29;       13.23;'4084500978973';KOZMETIKA;        0.00;        0.00
NIVEA 500mL SG M ORGINAL                ;517708    ;NIVEA          ;        0.50;L  ;        6.89;       13.78;'9005800224473';KOZMETIKA;        0.00;        0.00
NIVEA 500mL SG M ACTIVE CLEAN           ;517710    ;NIVEA          ;        0.50;L  ;        6.89;       13.78;'9005800243306';KOZMETIKA;        0.00;        0.00
NIVEA 500mL SG MEN PURE IMPACT  M       ;532797    ;NIVEA          ;        0.50;L  ;        6.89;       13.78;'4005808628087';KOZMETIKA;        0.00;        0.00
NIVEA 500mL SG MEN SPORT M              ;532798    ;NIVEA          ;        0.50;L  ;        6.89;       13.78;'4005808782734';KOZMETIKA;        0.00;        0.00
AFRODITA SG MEN SPORT 3D 250mL          ;533136    ;AFRODITA       ;        0.25;L  ;        2.99;       11.96;'3831070650836';KOZMETIKA;        0.00;        0.00
AFRODITA SG MEN CITY 3D 250mL           ;533137    ;AFRODITA       ;        0.25;L  ;        2.99;       11.96;'3831070652793';KOZMETIKA;        0.00;        0.00
DOVE SG M 400mL COOL FRESH              ;533693    ;DOVE           ;        0.40;L  ;        5.99;       14.98;'8710908317828';KOZMETIKA;        0.00;        0.00
NIVEA 250mL SG SENSITIVE M              ;537237    ;NIVEA          ;        0.25;L  ;        2.99;       11.96;'4005808782581';KOZMETIKA;        0.00;        0.00
NIVEA 250mL SG MEN ENERGY               ;538761    ;NIVEA          ;        0.25;L  ;        2.99;       11.96;'4005808780723';KOZMETIKA;        0.00;        0.00
NIVEA 500mL SG M ENERGY                 ;538823    ;NIVEA          ;        0.50;L  ;        6.89;       13.78;'4005900047700';KOZMETIKA;        0.00;        0.00
NIVEA 250mL SG COOL M                   ;539161    ;NIVEA          ;        0.25;L  ;        2.99;       11.96;'4005808775163';KOZMETIKA;        0.00;        0.00
NIVEA 250mL SG POWER REFRESH M          ;539162    ;NIVEA          ;        0.25;L  ;        2.99;       11.96;'9005800286532';KOZMETIKA;        0.00;        0.00
NIVEA 250mL SG M PROTECT&CARE           ;545836    ;NIVEA          ;        0.25;L  ;        2.99;       11.96;'9005800224459';KOZMETIKA;        0.00;        0.00
OS 400mL SG BEARGLOVE                   ;553975    ;OLD SPICE      ;        0.40;L  ;        5.29;       13.23;'8001090533869';KOZMETIKA;        0.00;        0.00
NIVEA 500mL SG SENSITIVE M              ;573274    ;NIVEA          ;        0.50;L  ;        6.89;       13.78;'9005800286570';KOZMETIKA;        0.00;        0.00
FA SG 400mL SPORT ENERGY BOOST          ;575375    ;FA             ;        0.40;L  ;        0.00;        6.48;'9000100781374';KOZMETIKA;        3.99;        2.59
FRESH LINE SG 1L MEN                    ;576001    ;FRESH LINE     ;        1.00;L  ;        2.49;        2.49;'3859892023928';KOZMETIKA;        0.00;        0.00
AXE SG 400 BLACK                        ;576077    ;AXE            ;        0.40;L  ;        4.99;       12.48;'8710447284117';KOZMETIKA;        0.00;        0.00
ANNYER SG 400mL COOL                    ;581462    ;ANNYER         ;        0.40;L  ;        3.39;        8.48;'3850177000665';KOZMETIKA;        0.00;        0.00
ANNYER SG 400mL DYNAMIC                 ;581463    ;ANNYER         ;        0.40;L  ;        3.39;        8.48;'3850177000672';KOZMETIKA;        0.00;        0.00
OS 400mL SG DEEP SEA                    ;583334    ;OLD SPICE      ;        0.40;L  ;        5.29;       13.23;'8001841326153';KOZMETIKA;        0.00;        0.00
ANNYER SG 400mL MYSTIC                  ;592990    ;ANNYER         ;        0.40;L  ;        3.39;        8.48;'3850177000689';KOZMETIKA;        0.00;        0.00
NIVEA 250mL SG DEEP M                   ;599805    ;NIVEA          ;        0.25;L  ;        2.99;       11.96;'9005800298764';KOZMETIKA;        0.00;        0.00
NIVEA 250mL SG ROCK SALTS M             ;599806    ;NIVEA          ;        0.25;L  ;        2.99;       11.96;'9005800298719';KOZMETIKA;        0.00;        0.00
NIVEA 500mL SG DEEP M                   ;599807    ;NIVEA          ;        0.50;L  ;        6.89;       13.78;'5900017062266';KOZMETIKA;        0.00;        0.00
NIVEA 250mL SG ACTIVE ENERGY M          ;600473    ;NIVEA          ;        0.25;L  ;        2.99;       11.96;'9005800341637';KOZMETIKA;        0.00;        0.00
NIVEA 500mL SG ACTIVE ENERGY M          ;600474    ;NIVEA          ;        0.50;L  ;        6.89;       13.78;'9005800341644';KOZMETIKA;        0.00;        0.00
AXE SG 250mL EXCITE                     ;607341    ;AXE            ;        0.25;L  ;        2.99;       11.96;'8710447276587';KOZMETIKA;        0.00;        0.00
AXE SG 250mL DARK TEMPTATION            ;607564    ;AXE            ;        0.25;L  ;        2.99;       11.96;'8710447276570';KOZMETIKA;        0.00;        0.00
AXE SG 250mL BLACK                      ;607566    ;AXE            ;        0.25;L  ;        2.99;       11.96;'8710447276600';KOZMETIKA;        0.00;        0.00
AXE SG 250mL AFRICA                     ;607567    ;AXE            ;        0.25;L  ;        2.99;       11.96;'8710447279793';KOZMETIKA;        0.00;        0.00
AFRODITA SG MEN SENSITIVE 250mL         ;607573    ;AFRODITA       ;        0.25;L  ;        2.99;       11.96;'3831070657361';KOZMETIKA;        0.00;        0.00
FA SG 400mL RED CEDARWOOD               ;613774    ;FA             ;        0.40;L  ;        0.00;        6.48;'9000101641073';KOZMETIKA;        3.99;        2.59
AXE SG 400mL EPIC FRESH                 ;615449    ;AXE            ;        0.40;L  ;        4.99;       12.48;'8720181204111';KOZMETIKA;        0.00;        0.00
OS 675mL SG WW                          ;618643    ;OLD SPICE      ;        0.68;L  ;        7.49;       11.10;'8006540280195';KOZMETIKA;        0.00;        0.00
OS 675mL SG CAPTAITN                    ;618644    ;OLD SPICE      ;        0.68;L  ;        7.49;       11.10;'8006540280140';KOZMETIKA;        0.00;        0.00
FA PJENA 750mL MEN SPORT                ;626031    ;FA             ;        0.75;L  ;        5.99;        7.99;'5201143728942';KOZMETIKA;        0.00;        0.00
FA PJENA 750mL MEN ENERGY BOOST         ;626035    ;FA             ;        0.75;L  ;        5.99;        7.99;'9000101609394';KOZMETIKA;        0.00;        0.00
BIONSEN SG MEN MISAKI REVITALIZING 650mL;628091    ;BIONSEN        ;        0.65;L  ;        3.25;        5.00;'8017331080078';KOZMETIKA;        0.00;        0.00
PALMOLIVE SG MEN CHARGE UP 500mL**      ;628201    ;PALMOLIVE      ;        0.50;L  ;        5.19;       10.38;'8718951583320';KOZMETIKA;        0.00;        0.00
OS SG 1L WHITEWATER                     ;628481    ;OLD SPICE      ;        1.00;L  ;       12.49;       12.49;'8006540818862';KOZMETIKA;        0.00;        0.00
OS SG 1L CAPTAIN                        ;628482    ;OLD SPICE      ;        1.00;L  ;       12.49;       12.49;'8006540818824';KOZMETIKA;        0.00;        0.00
BRUT SG 500mL ORGINAL MEN               ;631450    ;BRUT           ;        0.50;L  ;        0.00;        5.98;'8886467049453';KOZMETIKA;        3.99;        2.99
OS 400mL SG OASIS                       ;632756    ;OLD SPICE      ;        0.40;L  ;        5.29;       13.23;'8006540838761';KOZMETIKA;        0.00;        0.00
DOVE SG M 400mL CLEAN COMFORT           ;635333    ;DOVE           ;        0.40;L  ;        5.99;       14.98;'8720181313448';KOZMETIKA;        0.00;        0.00
BIOBAZA SG MEN GENTLEMEN 220mL          ;636264    ;BIOBAZA        ;        0.22;L  ;        3.65;       16.59;'3856020911089';KOZMETIKA;        0.00;        0.00
JM SG X BLACK 300mL                     ;641312    ;JEAN MARC      ;        0.30;L  ;        1.99;        6.63;'5908241729498';KOZMETIKA;        0.00;        0.00
FA SG 400mL M SPICY BERGAMONT           ;641771    ;FA             ;        0.40;L  ;        0.00;        6.48;'9000101720679';KOZMETIKA;        3.99;        2.59
FA SG DUO 400mLX2 SPORT                 ;641838    ;FA             ;        0.80;L  ;        6.99;        8.74;'3838824432939';KOZMETIKA;        0.00;        0.00
OS 400mL SG ROCKSTAR                    ;644193    ;OLD SPICE      ;        0.40;L  ;        5.29;       13.23;'8700216232746';KOZMETIKA;        0.00;        0.00
PALMOLIVE SG MEN SPICE UP 500mL         ;644447    ;PALMOLIVE      ;        0.50;L  ;        5.19;       10.38;'8718951583191';KOZMETIKA;        0.00;        0.00
AXE SG 250mL EPIC FRESH                 ;645784    ;AXE            ;        0.25;L  ;        2.99;       11.96;'8720181204081';KOZMETIKA;        0.00;        0.00
DOVE SG M 250mL EUCALYPTUS MINT         ;646282    ;DOVE           ;        0.25;L  ;        2.99;       11.96;'8720181444630';KOZMETIKA;        0.00;        0.00
AXE PROMO SG AFRICA 400mL+JUNGLE 400mL  ;651697    ;AXE            ;        0.80;L  ;        9.99;       12.49;'3856027801864';KOZMETIKA;        0.00;        0.00
BRUT SG SPORT 500mL                     ;651812    ;BRUT           ;        0.50;L  ;        0.00;        5.98;'8886467049460';KOZMETIKA;        3.99;        2.99
OS 400mL SG WHITEWATER                  ;652239    ;OLD SPICE      ;        0.40;L  ;        5.29;       13.23;'8700216856812';KOZMETIKA;        0.00;        0.00
OS 400mL SG CAPTAIN                     ;652287    ;OLD SPICE      ;        0.40;L  ;        5.29;       13.23;'8700216859820';KOZMETIKA;        0.00;        0.00
OS 400mL SG NIGHT PANTHER               ;652397    ;OLD SPICE      ;        0.40;L  ;        5.29;       13.23;'8700216875615';KOZMETIKA;        0.00;        0.00
BIOBAZA SG M 220mL ICEBRAKER**          ;655440    ;BIOBAZA        ;        0.22;L  ;        1.99;        9.05;'3856020911072';KOZMETIKA;        0.00;        0.00
AXE SG 400mL SUNSET FRESH               ;656763    ;AXE            ;        0.40;L  ;        4.99;       12.48;'8720181598616';KOZMETIKA;        0.00;        0.00
DOVE SG M 250mL SANDALWOOD              ;656795    ;DOVE           ;        0.25;L  ;        2.99;       11.96;'8720181573552';KOZMETIKA;        0.00;        0.00
AXE SG 250mL SUNSET FRESH               ;656798    ;ATLANTIC TRADE d.o.o.;        0.25;L  ;        2.99;       11.96;'8720181598609';KOZMETIKA;        0.00;        0.00
AXE SG 2X400mL AFRICA PROMO             ;656858    ;AXE            ;        0.80;L  ;        9.99;       12.49;'3856027802670';KOZMETIKA;        0.00;        0.00
MELEM SG M SEAWOLF 250mL                ;657002    ;MELEM          ;        0.25;L  ;        2.99;       11.96;'3856007912252';KOZMETIKA;        0.00;        0.00
FA PJENA DUO M SPORT 2X750mL            ;657728    ;FS             ;        1.50;L  ;        0.00;        4.66;'9000101777000';KOZMETIKA;        8.99;        6.99
FA SG PROMO 2X250mL SPORT               ;663433    ;FA             ;        0.50;L  ;        2.99;        5.98;'9000101782349';KOZMETIKA;        0.00;        0.00
CUBA W SET COLLELTIN GOLD 4/1           ;179300    ;CUBA           ;        0.00;   ;       27.79;        0.00;'5425017732334';KOZMETIKA;        0.00;        0.00
PP DENIM DUOPACK ORIGINAL GEL+DEO       ;389220    ;DENIM          ;        0.00;   ;        7.49;        0.00;'8008970036830';KOZMETIKA;        0.00;        0.00
PP LA RIVE CUTE SET EDP100ML+DEO150     ;427297    ;NARTA-TRGOVINA D.O.O.;        0.00;   ;       17.50;        0.00;'5901832060239';KOZMETIKA;        0.00;        0.00
PP OLIVAL ÈAROBNI SET                   ;506143    ;OLIVAL         ;        0.00;   ;       23.99;        0.00;'3859892751692';KOZMETIKA;        0.00;        0.00
PP OLIVAL ÈAROBNI SET ZLATNI            ;524876    ;OLIVAL         ;        0.00;   ;       23.99;        0.00;'3859893186028';KOZMETIKA;        0.00;        0.00
PP MAGRO ART.62016                      ;532902    ;MAGRO DOO;        0.00;   ;       11.99;        0.00;'3856002847542';KOZMETIKA;        0.00;        0.00
PP AFRODITA BOUQUET OF FLOWERS          ;561444    ;AFRODITA       ;        0.00;   ;        9.99;        0.00;'3831070651796';KOZMETIKA;        0.00;        0.00
PP AFRODITA LOVE                        ;578240    ;AFRODITA       ;        0.00;   ;        9.25;        0.00;'3831070655343';KOZMETIKA;        0.00;        0.00
PP AFRODITA MEN ENERGY                  ;609302    ;AFRODITA       ;        0.00;   ;        7.99;        0.00;'3831070658221';KOZMETIKA;        0.00;        0.00
PP AFRODITA CHERRY CHIC                 ;611517    ;AFRODITA       ;        0.00;   ;        9.99;        0.00;'3831070657682';KOZMETIKA;        0.00;        0.00
PP OLIVAL RUŽIN SET                     ;612633    ;OLIVAL         ;        0.00;   ;       23.99;        0.00;'3858892693131';KOZMETIKA;        0.00;        0.00
PP BIOBAZA W I LOVE                     ;618995    ;BIOBAZA        ;        0.00;   ;       10.49;        0.00;'3856020909673';KOZMETIKA;        0.00;        0.00
PP BIOBAZA MEN-GENTLEMAN GIFT BOX       ;619552    ;BIOBAZA        ;        0.00;   ;       10.99;        0.00;'3856020911188';KOZMETIKA;        0.00;        0.00
PP LA RIVE W CUTE EDP 100mL+SG100ML*    ;619593    ;LA RIVE        ;        0.00;   ;        0.00;        0.00;'5903719641630';KOZMETIKA;       10.99;        7.99
PP LA RIVE W QUEEN OD LIFE EDP75ML+SG100;619597    ;LA RIVE        ;        0.00;   ;       17.50;        0.00;'5903719641661';KOZMETIKA;        0.00;        0.00
PP LA RIVE W MISS DREAM EDP 100mL+SG100 ;619598    ;LA RIVE        ;        0.00;   ;       17.50;        0.00;'5903719641685';KOZMETIKA;        0.00;        0.00
PP LA RIVE W TOUCH EDP90ML+SG100ML      ;619601    ;LA RIVE        ;        0.00;   ;       17.50;        0.00;'5903719641654';KOZMETIKA;        0.00;        0.00
PP LA RIVE M EXTREME EDT75ML+SG100ML    ;619603    ;LA RIVE        ;        0.00;   ;       17.50;        0.00;'5903719641777';KOZMETIKA;        0.00;        0.00
PP LA RIVE M CASH EDT100ML+SG 100mL     ;619653    ;LA RIVE        ;        0.00;   ;       17.50;        0.00;'5903719641753';KOZMETIKA;        0.00;        0.00
PP LA RIVE M MR SHARP EDT100ML+SG100ML**;619654    ;LA RIVE        ;        0.00;   ;       17.50;        0.00;'5903719641784';KOZMETIKA;        0.00;        0.00
PP AFRODITA BODY CARE GRAPES            ;629987    ;AFRODITA       ;        0.00;   ;        9.99;        0.00;'3831070659327';KOZMETIKA;        0.00;        0.00
PP AFRODITA BODY CARE JOJOBA            ;629988    ;AFRODITA       ;        0.00;   ;        9.99;        0.00;'3831070659310';KOZMETIKA;        0.00;        0.00
PP LO 2867 BON MATIN GOLD METAL BASKET  ;633461    ;AMICA TRGOVINA D.O.O.;        0.00;   ;       18.99;        0.00;'8412428028672';KOZMETIKA;        0.00;        0.00
PP SOLO ALPEN DEO150+SG150ML            ;633580    ;SOLO           ;        0.00;   ;        5.49;        0.00;'5944568001015';KOZMETIKA;        0.00;        0.00
PP AMOUR DESIRE EDT30ML+DEO75ML         ;633587    ;AMOUR          ;        0.00;   ;        6.99;        0.00;'5944568001589';KOZMETIKA;        0.00;        0.00
PP GLISS ULT.REP SHP 250mL+CON 200mL    ;637749    ;GLISS          ;        0.00;   ;        0.00;        0.00;'9000101728538';KOZMETIKA;        4.99;        3.99
PP SYOSS KERATIN SHP 440mL + CON 440mL  ;637751    ;SYOSS          ;        0.00;   ;        0.00;        0.00;'9000101729016';KOZMETIKA;        7.99;        7.29
PP SYOSS OLEO INT SHP 400mL+INT CON 250 ;637752    ;SYOSS          ;        0.00;   ;        0.00;        0.00;'9000101729078';KOZMETIKA;        9.99;        7.29
PP 1259 MINNIE SET ZA NOKTE             ;638105    ;AMICA TRGOVINA D.O.O.;        0.00;   ;        7.49;        0.00;'8412428012596';KOZMETIKA;        0.00;        0.00
PP 2862 BON MATIN VANILIJA BATH SET     ;638181    ;AMICA TRGOVINA D.O.O.;        0.00;   ;       20.99;        0.00;'8412428028627';KOZMETIKA;        0.00;        0.00
PP ALEX SPORT AS100+PJENA 200           ;643288    ;ALEX           ;        0.00;   ;        8.99;        0.00;'5997001786574';KOZMETIKA;        0.00;        0.00
PP LA RIVE I AM IDEAL EDP90+SG100ML     ;646194    ;LA RIVE        ;        0.00;   ;       17.50;        0.00;'5903719642859';KOZMETIKA;        0.00;        0.00
PP SOLO ALEPN DEO150ML I AS125ML        ;647749    ;SOLO           ;        0.00;   ;        5.99;        0.00;'5944568001541';KOZMETIKA;        0.00;        0.00
PP IDC SECRET STORIES  3PCS HELL        ;648260    ;IDC            ;        0.00;   ;       14.99;        0.00;'8436616350307';KOZMETIKA;        0.00;        0.00
PP IDC SCENTED GARDEN BATH SALTS**      ;648266    ;IDC            ;        0.00;   ;        0.00;        0.00;'8436616350840';KOZMETIKA;        2.99;        1.99
PP IDC ORGANIC SHOWER DUO**             ;648269    ;IDC            ;        0.00;   ;        0.00;        0.00;'8436616350376';KOZMETIKA;        5.99;        3.79
PP IDC MEN"S LUXURY 2 PCS               ;648270    ;IDC            ;        0.00;   ;        9.99;        0.00;'8436616351434';KOZMETIKA;        0.00;        0.00
PP MELEM MINI                           ;648857    ;MELEM          ;        0.00;   ;        9.99;        0.00;'3856007911750';KOZMETIKA;        0.00;        0.00
PP NIVEA XMAS Q10POWER EFFECT**         ;648892    ;NIVEA          ;        0.00;   ;        0.00;        0.00;'9005800382937';KOZMETIKA;       22.99;       17.99
PP DOVE W DEEPLY (SG+LOS+DEO) ECO5      ;649769    ;DOVE           ;        0.00;   ;        0.00;        0.00;'8720182834775';KOZMETIKA;       12.99;        7.99
PP IDC INLOVE BEAUTY SG100ML+KUGLE KUP**;650293    ;IDC            ;        0.00;   ;        0.00;        0.00;'8436616350611';KOZMETIKA;        8.39;        7.99
PP IDC IN LOVE KREMA60ML+KUGLA ZA KUPK**;650368    ;IDC            ;        0.00;   ;        0.00;        0.00;'8436616350604';KOZMETIKA;        4.19;        3.99
PP MAGIC BLACK MINI NAIL SET**          ;652894    ;AURORA KOZMETIKA D.O.O.;        0.00;   ;        0.00;        0.00;'8436609390792';KOZMETIKA;        2.44;        1.69
PP MELEM MINI COLD                      ;653051    ;MELEM          ;        0.00;   ;        9.99;        0.00;'3856007911743';KOZMETIKA;        0.00;        0.00
PP L ANGE EDT 30mL/DEO PARFUMED 75mL    ;655017    ;INDOR D.O.O.ZAGREB;        0.00;   ;        7.29;        0.00;'5944568001763';KOZMETIKA;        0.00;        0.00
PP AFRODITA FLORAL GLOW WITH LOVE       ;655206    ;AFRODITA       ;        0.00;   ;       12.99;        0.00;'3831070663010';KOZMETIKA;        0.00;        0.00
PP AFRODITA CANDY GIRL                  ;660157    ;AFRODITA       ;        0.00;   ;       13.99;        0.00;'3831070662433';KOZMETIKA;        0.00;        0.00
PP JUICY PAPAYA GLOV**                  ;660159    ;AFRODITA       ;        0.00;   ;        0.00;        0.00;'3831070662525';KOZMETIKA;        9.99;        7.99
PP RASPBERRY BODY CARE                  ;660160    ;AFRODITA       ;        0.00;   ;        9.99;        0.00;'3831070662563';KOZMETIKA;        0.00;        0.00
PP MYSTIC BLOOM BREEZE**                ;660161    ;AFRODITA       ;        0.00;   ;        0.00;        0.00;'3831070662495';KOZMETIKA;        8.69;        6.99
PP LO 2865 BON MATIN CUP BATH GIFT SET  ;660355    ;AMICA TRGOVINA D.O.O.;        0.00;   ;       20.99;        0.00;'8412428028658';KOZMETIKA;        0.00;        0.00
PP LO 1675 DISNEY PRINCES BEAUTY SET    ;660359    ;AMICA TRGOVINA D.O.O.;        0.00;   ;        8.99;        0.00;'8412428016754';KOZMETIKA;        0.00;        0.00
PP LO 2047 BARBIE TOALETNA TORBICA      ;660360    ;AMICA TRGOVINA D.O.O.;        0.00;   ;       16.49;        0.00;'8412428020478';KOZMETIKA;        0.00;        0.00
PP LO 2111 MONSTER HIGH NAIL SET**      ;660361    ;AMICA TRGOVINA D.O.O.;        0.00;   ;       10.99;        0.00;'8412428021116';KOZMETIKA;        0.00;        0.00
PP LO 1271 STITCH                       ;660362    ;AMICA TRGOVINA D.O.O.;        0.00;   ;       10.99;        0.00;'8412428012718';KOZMETIKA;        0.00;        0.00
PP LO 2561 AVANGERS TOILET BAG EDT 90mL ;660364    ;AMICA TRGOVINA D.O.O.;        0.00;   ;       17.99;        0.00;'8412428025619';KOZMETIKA;        0.00;        0.00
PP LA RIVE W SAFFIRA EDP90+SG100        ;662173    ;LA RIVE        ;        0.00;   ;       17.50;        0.00;'5903719646598';KOZMETIKA;        0.00;        0.00
PP LA RIVE W VINTAGE EDP90+SG100        ;662174    ;LA RIVE        ;        0.00;   ;       17.50;        0.00;'5903719646635';KOZMETIKA;        0.00;        0.00
PP LA RIVE M COLOSSUS EDP90+SG100ML     ;662175    ;LA RIVE        ;        0.00;   ;       17.50;        0.00;'5903719646659';KOZMETIKA;        0.00;        0.00
PP AFRODITA SWEET DAYDREAM 25           ;662229    ;AFRODITA       ;        0.00;   ;        9.99;        0.00;'3831070664369';KOZMETIKA;        0.00;        0.00
PP AFRODITA SWEET ON YOU 25             ;662230    ;AFRODITA       ;        0.00;   ;        9.99;        0.00;'3831070664420';KOZMETIKA;        0.00;        0.00
PP MAGIC ST.WILD SAFARI JUICY LIPS      ;662597    ;MAGIC          ;        0.00;   ;        5.99;        0.00;'8436616358860';KOZMETIKA;        0.00;        0.00
PP MARTINEL.LULU &DUKI GLAM SET         ;662599    ;MARTINELIA     ;        0.00;   ;        7.49;        0.00;'8436622271436';KOZMETIKA;        0.00;        0.00
PP MARTINEL.LETS BE MERMAIDS OCEAN GLAM ;662601    ;MARTINELIA     ;        0.00;   ;        5.99;        0.00;'8436622271269';KOZMETIKA;        0.00;        0.00
PP. IDC INST.SCENTED BATH ROSE MINI BAT ;662602    ;IDC            ;        0.00;   ;        7.99;        0.00;'8436616358754';KOZMETIKA;        0.00;        0.00
PP IDC INSTIT.SCENTED BATH RONZE CANDY  ;662603    ;IDC            ;        0.00;   ;        7.99;        0.00;'8436616358617';KOZMETIKA;        0.00;        0.00
PP IDC INSTIT.SCENTED GARDEN PERF.      ;662604    ;IDC            ;        0.00;   ;        8.49;        0.00;'8436622272556';KOZMETIKA;        0.00;        0.00
PP MAGIC STUD.ROSE QUARTZ COMPL.GLAM    ;662615    ;MAGIC          ;        0.00;   ;        9.99;        0.00;'8436622270224';KOZMETIKA;        0.00;        0.00
PP IDC INSTIT.SCENT.GARDEN PERFECT BATH ;662616    ;IDC            ;        0.00;   ;       11.99;        0.00;'8436622272549';KOZMETIKA;        0.00;        0.00
PP MARTINELIA LETS BE MERMAIDS NAILS SET;662618    ;MARTINELIA     ;        0.00;   ;        6.99;        0.00;'8436622271207';KOZMETIKA;        0.00;        0.00
PP MARTINELIA LETS BE MERMAIDS MAGIC BEA;662619    ;MARTINELIA     ;        0.00;   ;       13.49;        0.00;'8436622271238';KOZMETIKA;        0.00;        0.00
PP IDC INSTIT.SCENT.BATH GOLD BAG SET   ;662620    ;IDC            ;        0.00;   ;       15.99;        0.00;'8436616358419';KOZMETIKA;        0.00;        0.00
PP IDC INSTIT.BATH ROSE HEEL SET        ;662621    ;IDC            ;        0.00;   ;       14.99;        0.00;'8436616358792';KOZMETIKA;        0.00;        0.00
PP IDC INSTIT.BATH BRONZE MINI HEEL SET ;662622    ;IDC            ;        0.00;   ;       14.99;        0.00;'8436616358655';KOZMETIKA;        0.00;        0.00
PP IDC INSTIT.SCENT.BATH BRONZE SHOWER D;662623    ;IDC            ;        0.00;   ;       13.99;        0.00;'8436616358662';KOZMETIKA;        0.00;        0.00
PP IDC INSTIT.MENS LUXURY TRAVEL BAG    ;662627    ;IDC            ;        0.00;   ;       17.99;        0.00;'8436616359614';KOZMETIKA;        0.00;        0.00
PP LO 2872 BLACK WIRE BASKET BON MATIN  ;662882    ;AMICA TRGOVINA D.O.O.;        0.00;   ;       12.99;        0.00;'8412428028726';KOZMETIKA;        0.00;        0.00
PP LO 2879 STRABWRIES BATH SET          ;662884    ;AMICA TRGOVINA D.O.O.;        0.00;   ;       18.99;        0.00;'8412428028795';KOZMETIKA;        0.00;        0.00
PP LO 1274 STITCH BEAUTY GIFT SET       ;662886    ;AMICA TRGOVINA D.O.O.;        0.00;   ;       12.99;        0.00;'8412428012749';KOZMETIKA;        0.00;        0.00
PP LO 2569 SPIDERMAN BATH LABORATORY    ;662888    ;AMICA TRGOVINA D.O.O.;        0.00;   ;       13.99;        0.00;'8412428025695';KOZMETIKA;        0.00;        0.00
PP LO 2675 METAL BATH TUB               ;662896    ;AMICA TRGOVINA D.O.O.;        0.00;   ;       22.99;        0.00;'8412428028757';KOZMETIKA;        0.00;        0.00
PP LO 1279 STITCH 3D KUPKA/ŠAMPON 300mL ;662897    ;AMICA TRGOVINA D.O.O.;        0.00;   ;        6.49;        0.00;'8412428012794';KOZMETIKA;        0.00;        0.00
PP LO 4058 HELLO KITTY MAKE UP          ;662899    ;AMICA TRGOVINA D.O.O.;        0.00;   ;       10.49;        0.00;'8412428040582';KOZMETIKA;        0.00;        0.00
PP LO 1904 SONIC                        ;662902    ;AMICA TRGOVINA D.O.O.;        0.00;   ;       14.99;        0.00;'8412428019045';KOZMETIKA;        0.00;        0.00
PP LO 2230 SUPERMAN BATH BAG            ;662905    ;AMICA TRGOVINA D.O.O.;        0.00;   ;       19.99;        0.00;'8412428022304';KOZMETIKA;        0.00;        0.00
PP LO 2564 SPIDERMAN                    ;662906    ;AMICA TRGOVINA D.O.O.;        0.00;   ;       14.99;        0.00;'8412428025640';KOZMETIKA;        0.00;        0.00
PP NIVEA HYDRATING-SG,KREMA,LABELLO     ;663096    ;NIVEA          ;        0.00;   ;       11.99;        0.00;'9005800393155';KOZMETIKA;        0.00;        0.00
PP NIVEA DELICATE- SG 250,DEO 150mL     ;663097    ;NIVEA          ;        0.00;   ;       10.99;        0.00;'9005800394206';KOZMETIKA;        0.00;        0.00
PP NIVEA ENCHANTING-SG 250, DEO 150mL   ;663098    ;NIVEA          ;        0.00;   ;       10.99;        0.00;'9005800393162';KOZMETIKA;        0.00;        0.00
PP NIVEA COMFORTING-SG 250ML,DEO 150mL  ;663099    ;NIVEA          ;        0.00;   ;       10.99;        0.00;'9005800393520';KOZMETIKA;        0.00;        0.00
PP NIVEA NOURSHING-SG 250ML,BODY 250mL  ;663100    ;NIVEA          ;        0.00;   ;       12.99;        0.00;'9005800394152';KOZMETIKA;        0.00;        0.00
PP NIVEA GLOW ESSENTIALS TORBICA        ;663101    ;NIVEA          ;        0.00;   ;       21.99;        0.00;'9005800393919';KOZMETIKA;        0.00;        0.00
PP NIVEA MEN ENERGY BOOST-SG,DEO        ;663102    ;NIVEA          ;        0.00;   ;       11.99;        0.00;'9005800394343';KOZMETIKA;        0.00;        0.00
PP NIVEA MEN FRESH START-SG,DEO         ;663103    ;NIVEA          ;        0.00;   ;       10.99;        0.00;'9005800393339';KOZMETIKA;        0.00;        0.00
PP NIVEA MEN SENS.MOMENTS SG250ML,DEO150;663104    ;BEIERSDORF d.o.o. ZAGREB;        0.00;   ;       10.99;        0.00;'9005800393346';KOZMETIKA;        0.00;        0.00
PP NIVEA MEN DEEP CARE-SG,KREMA         ;663105    ;NIVEA          ;        0.00;   ;        9.99;        0.00;'9005800394312';KOZMETIKA;        0.00;        0.00
PP NIVEA MEN SENSITIVE TOUCH            ;663107    ;NIVEA          ;        0.00;   ;       18.99;        0.00;'9005800394862';KOZMETIKA;        0.00;        0.00
PP NIVEA MEN SENSITIVE CARE TORBICA     ;663108    ;NIVEA          ;        0.00;   ;       23.99;        0.00;'9005800393957';KOZMETIKA;        0.00;        0.00
PP NIVEA MEN S STUFF TOOLBOX            ;663109    ;NIVEA          ;        0.00;   ;       36.99;        0.00;'9005800393988';KOZMETIKA;        0.00;        0.00
PP OS NIGHT DJ(SPREJ, STICK, SG)        ;663232    ;OLD SPICE      ;        0.00;   ;       14.99;        0.00;'8006530005838';KOZMETIKA;        0.00;        0.00
PP OS MUSIC(STICK, SG)                  ;663233    ;OLD SPICE      ;        0.00;   ;        7.99;        0.00;'8006530006187';KOZMETIKA;        0.00;        0.00
PP OS CAPTAIN BAG(SPREJ,STICK,SG)       ;663234    ;OLD SPICE      ;        0.00;   ;       17.99;        0.00;'8006530005968';KOZMETIKA;        0.00;        0.00
PP OS DEEP SEA (SG,STICK,AS)            ;663236    ;OLD SPICE      ;        0.00;   ;       25.99;        0.00;'8006530005913';KOZMETIKA;        0.00;        0.00
PP OS CAPTAIN(STICK,SPREJ,SG)           ;663237    ;OLD SPICE      ;        0.00;   ;       14.99;        0.00;'8006530005746';KOZMETIKA;        0.00;        0.00
PP OS CAPTAIN BOX(STICK,SG,AS)          ;663238    ;OLD SPICE      ;        0.00;   ;       24.99;        0.00;'8006530005869';KOZMETIKA;        0.00;        0.00
PP OS BEARGLOVE (STICK,SPREJ,SG)        ;663239    ;OLD SPICE      ;        0.00;   ;       14.99;        0.00;'8006530006224';KOZMETIKA;        0.00;        0.00
PP OS GAMER (STICK,SG)                  ;663240    ;OLD SPICE      ;        0.00;   ;        7.99;        0.00;'8006530006941';KOZMETIKA;        0.00;        0.00
PP OS CAPTAIN(SPREJ,SG)                 ;663241    ;OLD SPICE      ;        0.00;   ;        7.99;        0.00;'8006530006972';KOZMETIKA;        0.00;        0.00
PP OS SPORTFAN(STICK,SG)                ;663242    ;OLD SPICE      ;        0.00;   ;        7.99;        0.00;'8006530006989';KOZMETIKA;        0.00;        0.00
PP OS CAPTAIN(STICK,SG)                 ;663243    ;OLD SPICE      ;        0.00;   ;        7.99;        0.00;'8006530006996';KOZMETIKA;        0.00;        0.00
PP OS IRONMAN (STICK,SPREJ,SG)          ;663244    ;OLD SPICE      ;        0.00;   ;       14.99;        0.00;'8006530007085';KOZMETIKA;        0.00;        0.00
PP GILLETTE (MACH32UP+200MLGEL+ÈARAPE)  ;663246    ;GILLETTE       ;        0.00;   ;       19.99;        0.00;'8006530039567';KOZMETIKA;        0.00;        0.00
PP GILLETTE SENSOR3(BRIJAÈ+ÈARAPE)      ;663248    ;GILLETTE       ;        0.00;   ;       13.99;        0.00;'8006530050715';KOZMETIKA;        0.00;        0.00
PP H&S(ŠAMPON,STICK)                    ;663249    ;H&S            ;        0.00;   ;       12.49;        0.00;'8006530042710';KOZMETIKA;        0.00;        0.00
PP PANTENE ( R&P ŠAMPON400+REG220ML)    ;663250    ;PANTENE        ;        0.00;   ;        9.99;        0.00;'8006530042369';KOZMETIKA;        0.00;        0.00
PP PANTENE (INF ŠAMPON,REG)             ;663252    ;PANTENE        ;        0.00;   ;        9.99;        0.00;'8006530042406';KOZMETIKA;        0.00;        0.00
PP GILLETTE FUSION(1UP,GEL200ML)        ;663258    ;GILLETTE       ;        0.00;   ;       15.99;        0.00;'8006530032605';KOZMETIKA;        0.00;        0.00
PP GILLETTE VENUS TORBICA               ;663259    ;GILLETTE       ;        0.00;   ;       14.99;        0.00;'8006530039666';KOZMETIKA;        0.00;        0.00
PP GILLETTE(MACH32UP,SG250ML)           ;663260    ;GILLETTE       ;        0.00;   ;       15.99;        0.00;'8006530053242';KOZMETIKA;        0.00;        0.00
PP HE ARGAN (ŠAMPON,REG, MASKA)         ;663262    ;HERBAL ESSENCES;        0.00;   ;       19.99;        0.00;'8006530067027';KOZMETIKA;        0.00;        0.00
PP PALMOLIVE MEN                        ;663710    ;PALMOLIVE      ;        0.00;   ;        3.99;        0.00;'8718951750685';KOZMETIKA;        0.00;        0.00
PP BIOBAZA KIDS HAPPY BUDDY BEAUT BOX   ;664113    ;BIOBAZA        ;        0.00;   ;       11.49;        0.00;'3856020918521';KOZMETIKA;        0.00;        0.00
PP BIOBAZA KIDS PRINCESS BEAUTY BOX     ;664115    ;BIOBAZA        ;        0.00;   ;       11.49;        0.00;'3856020918507';KOZMETIKA;        0.00;        0.00
PP JM SET BLACK 2U1 BODY S+SHOWER G     ;664646    ;JEAN MARC      ;        0.00;   ;        5.99;        0.00;'5908241728583';KOZMETIKA;        0.00;        0.00
PP JM SET M.COPACABANA 2/1 DEO+SG       ;664647    ;JEAN MARC      ;        0.00;   ;        5.99;        0.00;'5908241731057';KOZMETIKA;        0.00;        0.00
PP AXE BLACK DEO+SG ECO1                ;664651    ;AXE            ;        0.00;   ;       11.99;        0.00;'8721201971082';KOZMETIKA;        0.00;        0.00
PP AXE BLACK DEO+SG+STICK+TORBICA       ;664652    ;AXE            ;        0.00;   ;       24.99;        0.00;'8721201969409';KOZMETIKA;        0.00;        0.00
PP DOVE W PETAL DEO+SG                  ;664653    ;DOVE           ;        0.00;   ;       11.99;        0.00;'8721201971242';KOZMETIKA;        0.00;        0.00
PP DOVE W ORIGINAL DEO+SG               ;664654    ;DOVE           ;        0.00;   ;       11.99;        0.00;'8721201971228';KOZMETIKA;        0.00;        0.00
PP AXE SUNSET FRESH DEO+SG ECO1         ;664655    ;AXE            ;        0.00;   ;       11.99;        0.00;'8721201971129';KOZMETIKA;        0.00;        0.00
PP REXONA W BRIGHT BOUQET DEO+SG        ;664656    ;REXONA         ;        0.00;   ;       10.49;        0.00;'8721201971594';KOZMETIKA;        0.00;        0.00
PP REXONA M COBALT DRY DEO+SG           ;664657    ;REXONA         ;        0.00;   ;       10.49;        0.00;'8721201971617';KOZMETIKA;        0.00;        0.00
PP DOVE M CLEAN COMFORT DEO+SG          ;664658    ;DOVE           ;        0.00;   ;       11.49;        0.00;'8721201971389';KOZMETIKA;        0.00;        0.00
PP DOVE M EXTRA FRESH DEO+SG            ;664659    ;DOVE           ;        0.00;   ;       11.49;        0.00;'8721201971402';KOZMETIKA;        0.00;        0.00
PP AXE AFRICA DEO+SG ECO1               ;664660    ;AXE            ;        0.00;   ;       11.99;        0.00;'8721201971105';KOZMETIKA;        0.00;        0.00
PP DOVE W GENTLE SG+SOAP+SPUŽVICA       ;664670    ;DOVE           ;        0.00;   ;       10.49;        0.00;'8721201970931';KOZMETIKA;        0.00;        0.00
PP DOVE W HYDRATE SG+DEO+SOAP           ;664671    ;DOVE           ;        0.00;   ;       14.99;        0.00;'8721201971327';KOZMETIKA;        0.00;        0.00
PP MELEM POKLON PAKET COLD PLAVI        ;664673    ;MELEM          ;        0.00;   ;       10.99;        0.00;'3856007911187';KOZMETIKA;        0.00;        0.00
PP MELEM POKLON PAKET WINTER ROZI       ;664674    ;MELEM          ;        0.00;   ;       11.49;        0.00;'3856007912320';KOZMETIKA;        0.00;        0.00
PP MELEM POKLON PAKET IN PINK           ;664675    ;MELEM          ;        0.00;   ;       13.49;        0.00;'3856007913075';KOZMETIKA;        0.00;        0.00
PP MELEM MEN POKLON PAKET SEAWOLF       ;664676    ;MELEM          ;        0.00;   ;       10.99;        0.00;'3856007913051';KOZMETIKA;        0.00;        0.00
PP AFRODITA MEN SENSITIVE               ;689804    ;AFRODITA       ;        0.00;   ;       10.49;        0.00;'3831070658238';KOZMETIKA;        0.00;        0.00
PP CHARME ROLL ON 50+EDT                ;699566    ;CHARME         ;        0.00;   ;       11.99;        0.00;'5997001785829';KOZMETIKA;        0.00;        0.00
RALON KREMA ZA BRIJANJE 70mL            ;01115     ;RALON          ;        0.07;L  ;        2.59;       37.00;'3856007901010';KOZMETIKA;        0.00;        0.00
RALON LOSION 50mL                       ;01159     ;RALON          ;        0.05;L  ;        2.65;       53.00;'3856007900983';KOZMETIKA;        0.00;        0.00
RALON LOSION 85mL                       ;01160     ;RALON          ;        0.09;L  ;        3.89;       45.76;'3856007900976';KOZMETIKA;        0.00;        0.00
DENIM AS BLACK 100mL                    ;03390     ;DENIM          ;        0.10;L  ;        6.49;       64.90;'8008970004327';KOZMETIKA;        0.00;        0.00
RALON LOSION SPORT 85mL                 ;08008     ;RALON          ;        0.09;L  ;        3.89;       45.76;'3856007900990';KOZMETIKA;        0.00;        0.00
GILLETTE PJENA 200mL REGULAR            ;08156     ;GILLETTE       ;        0.20;L  ;        3.85;       19.25;'3014260228668';KOZMETIKA;        0.00;        0.00
NIVEA GEL ZA BRIJ.SENSITIVE 200mL       ;107410    ;NIVEA          ;        0.20;L  ;        7.25;       36.25;'4005808265312';KOZMETIKA;        0.00;        0.00
GILLETTE GEL ZA BRIJANJE MOIST 200mL    ;13843     ;GILLETTE       ;        0.20;L  ;        5.99;       29.95;'3014260220051';KOZMETIKA;        0.00;        0.00
ANNYER AS COOL 100mL                    ;194387    ;ANNYER         ;        0.10;L  ;        0.00;       25.90;'3850177003291';KOZMETIKA;        3.49;        2.59
ANNYER AS DYNAMIC 100mL                 ;194388    ;ANNYER         ;        0.10;L  ;        0.00;       25.90;'3850177003284';KOZMETIKA;        3.49;        2.59
ANNYER PJENA ZA BRIJANJE DYNAMIC 200mL  ;199328    ;ANNYER         ;        0.20;L  ;        0.00;       12.95;'3850177003321';KOZMETIKA;        3.29;        2.59
NIVEA GEL ZA BRIJANJE P&C 200mL**       ;264732    ;NIVEA          ;        0.20;L  ;        7.25;       36.25;'4005808265466';KOZMETIKA;        0.00;        0.00
GILLETTE PJENA 200mL LIMUN              ;26926     ;GILLETTE       ;        0.20;L  ;        3.85;       19.25;'3014260228675';KOZMETIKA;        0.00;        0.00
NIVEA AS BALSAM SENSITIVE 100mL         ;271904    ;NIVEA          ;        0.10;L  ;       11.99;      119.90;'4005808228706';KOZMETIKA;        0.00;        0.00
GILLETTE GEL ZA BRIJANJE 200mL REGULAR  ;274102    ;GILLETTE       ;        0.20;L  ;        4.79;       23.95;'7702018981588';KOZMETIKA;        0.00;        0.00
GILLETTE GEL ZA BRIJANJE SENSITIVE 200m ;29147     ;GILLETTE       ;        0.20;L  ;        5.99;       29.95;'3014260214692';KOZMETIKA;        0.00;        0.00
GILLETTE GEL ZA BRIJ.SENS.240mL         ;358033    ;GILLETTE       ;        0.24;L  ;        5.99;       24.96;'7702018982011';KOZMETIKA;        0.00;        0.00
NIVEA AS SENS.LOS.ZA NJEGU 100mL        ;373987    ;NIVEA          ;        0.10;L  ;       10.99;      109.90;'4005808588763';KOZMETIKA;        0.00;        0.00
OS AS LOSION WHITEWATER 100mL           ;392312    ;OLD SPICE      ;        0.10;L  ;        9.99;       99.90;'5000174440256';KOZMETIKA;        0.00;        0.00
NIVEA AS LOTION PROTECT&CARE 100mL      ;394946    ;NIVEA          ;        0.10;L  ;       10.99;      109.90;'4005808753475';KOZMETIKA;        0.00;        0.00
IMAGE KREMA ZA BRIJANJE 75mL            ;396985    ;IMAGE          ;        0.08;L  ;        0.99;       13.20;'3858885847312';KOZMETIKA;        0.00;        0.00
DENIM AS GOLD 100mL                     ;422354    ;DENIM          ;        0.10;L  ;        6.49;       64.90;'8008970037189';KOZMETIKA;        0.00;        0.00
AFRODITA AS LOSION MEN 120mL            ;425740    ;AFRODITA       ;        0.12;L  ;        3.49;       29.08;'3831070650379';KOZMETIKA;        0.00;        0.00
NIVEA AS SENSITIVE COOL BALZAM 100mL    ;434399    ;NIVEA          ;        0.10;L  ;       11.99;      119.90;'9005800244631';KOZMETIKA;        0.00;        0.00
NIVEA PJENA ZA BRIJANJE COOL SENS.200mL ;439541    ;NIVEA          ;        0.20;L  ;        5.29;       26.45;'9005800249209';KOZMETIKA;        0.00;        0.00
AFRODITA AS LOSION EXTRA SENS.120mL     ;502270    ;AFRODITA       ;        0.12;L  ;        3.49;       29.08;'3831070650911';KOZMETIKA;        0.00;        0.00
SOLEA AS 115mL                          ;514694    ;SOLEA          ;        0.12;L  ;        0.00;       25.13;'7613107420010';KOZMETIKA;        3.99;        2.89
GILLETTE GEL MACH3 EXTRA COMF 240mL     ;519778    ;GILLETTE       ;        0.24;L  ;        5.99;       24.96;'7702018405015';KOZMETIKA;        0.00;        0.00
PALMOLIVE KREMA ZA BRI.CLASSIC 65g      ;521831    ;PALMOLIVE      ;        0.07;kg ;        3.19;       49.08;'8714789442440';KOZMETIKA;        0.00;        0.00
SOLO PJENA BRIJANJE ALPEN 300mL         ;528027    ;SOLO           ;        0.30;L  ;        2.39;        7.97;'5060226946518';KOZMETIKA;        0.00;        0.00
NIVEA AS PR&C LOTION POSLIJE BRIJ.100mL ;532808    ;NIVEA          ;        0.10;L  ;       10.99;      109.90;'9005800279589';KOZMETIKA;        0.00;        0.00
SOLO PJENA SENSITIVE 300mL              ;535889    ;SOLO           ;        0.30;L  ;        2.39;        7.97;'5060226946525';KOZMETIKA;        0.00;        0.00
AFRODITA MEN REGENERATOR ZA BRADU 75mL  ;539879    ;AFRODITA       ;        0.08;L  ;        6.49;       86.53;'3831070651871';KOZMETIKA;        0.00;        0.00
NIVEA AS DEEP LOSION NAKON BRIJ.100mL   ;553320    ;NIVEA          ;        0.10;L  ;       10.99;      109.90;'9005800297392';KOZMETIKA;        0.00;        0.00
NIVEA GEL ZA BRIJANJE DEEP 200mL        ;553326    ;NIVEA          ;        0.20;L  ;        7.25;       36.25;'9005800297156';KOZMETIKA;        0.00;        0.00
AFRODITA MEN ŠAMPON ZA BRADU I BRKOVE   ;554764    ;AFRODITA       ;        0.13;L  ;        6.49;       51.92;'3831070653790';KOZMETIKA;        0.00;        0.00
NIVEA GEL ZA BRIJANJE 3DAYS 200mL       ;571698    ;NIVEA          ;        0.20;L  ;        7.25;       36.25;'9005800308432';KOZMETIKA;        0.00;        0.00
NIVEA KREMA ZA BRIJANJE PROTECT/CARE    ;574368    ;NIVEA          ;        0.10;L  ;        3.99;       39.90;'9005800313467';KOZMETIKA;        0.00;        0.00
NIVEA PJENA ZA BRIJANJE SENSITIV 200mL  ;575219    ;NIVEA          ;        0.20;L  ;        5.29;       26.45;'4005808310715';KOZMETIKA;        0.00;        0.00
NIVEA GEL ZA BRIJANJE SENS.COOL 200mL** ;576079    ;NIVEA          ;        0.20;L  ;        7.25;       36.25;'9005800305080';KOZMETIKA;        0.00;        0.00
JM AS BOSSA NOVA 100mL                  ;580178    ;JEAN MARC      ;        0.10;L  ;        0.00;       25.90;'5901815017212';KOZMETIKA;        3.29;        2.59
NIVEA AS BALZAM PROTECT&CARE 100mL      ;589139    ;NIVEA          ;        0.10;L  ;       11.99;      119.90;'9005800313252';KOZMETIKA;        0.00;        0.00
GILLETTE PJENA 300mL SENSITIVE.         ;614942    ;GILLETTE       ;        0.30;L  ;        3.85;       12.83;'7702018617234';KOZMETIKA;        0.00;        0.00
GILLETTE AS COOL WAVE 100mL             ;617396    ;GILLETTE       ;        0.10;L  ;        7.96;       79.60;'7702018620265';KOZMETIKA;        0.00;        0.00
GILLETTE PJENA 200mL SOOTH.             ;628263    ;GILLETTE       ;        0.20;L  ;        3.85;       19.25;'8001090870926';KOZMETIKA;        0.00;        0.00
GILLETTE PJENA 200mL CONDITION.         ;628665    ;GILLETTE       ;        0.20;L  ;        3.85;       19.25;'8001090871404';KOZMETIKA;        0.00;        0.00
FIGARO PJENA ZA BRIJANJE 400mL ARGAN    ;631449    ;FIGARO         ;        0.40;L  ;        2.89;        7.23;'8004120905469';KOZMETIKA;        0.00;        0.00
SOLO KREMA ZA BRIJANJE FRESH 100mL      ;633425    ;SOLO           ;        0.10;L  ;        1.75;       17.50;'5944568000841';KOZMETIKA;        0.00;        0.00
OS AS LOSION CAPTAIN 100mL              ;635238    ;OLD SPICE      ;        0.00;   ;        9.99;        0.00;'8001090978752';KOZMETIKA;        0.00;        0.00
GILLETTE GEL DUO SOOTHING 2X200mL*      ;645596    ;GILLETTE       ;        0.40;L  ;        7.99;       19.98;'8700216591850';KOZMETIKA;        0.00;        0.00
AXE AS DAISY 100mL                      ;645777    ;AXE            ;        0.10;L  ;        0.00;       72.90;'8720181343445';KOZMETIKA;        9.99;        7.29
SOLO AS ALPEN 125mL                     ;647162    ;SOLO           ;        0.13;L  ;        1.79;       14.32;'5944568001404';KOZMETIKA;        0.00;        0.00
SOLO AS SPORT 125mL                     ;647163    ;SOLO           ;        0.13;L  ;        1.79;       14.32;'5944568001442';KOZMETIKA;        0.00;        0.00
SOLEA AS D AMARIS FRESH WATER 100mL     ;647429    ;SOLEA          ;        0.10;L  ;        0.00;       38.90;'7613107500132';KOZMETIKA;        5.69;        3.89
GILLETTE PJENA DUO SOOTHING 2X200mL*    ;654660    ;GILLETTE       ;        0.40;L  ;        5.99;       14.98;'8700216579889';KOZMETIKA;        0.00;        0.00
KIST ZA BRIJANJE ELINA                  ;655142    ;ELINA          ;        0.00;   ;        1.59;        0.00;'4326470616630';KOZMETIKA;        0.00;        0.00
NIVEA GEL ZA BRIJANJE P&C 200mL         ;657632    ;NIVEA          ;        0.20;L  ;        7.25;       36.25;'9005800394732';KOZMETIKA;        0.00;        0.00
SOLO AS OCEAN 125mL                     ;657697    ;SOLO           ;        0.13;L  ;        1.79;       14.32;'5944568001411';KOZMETIKA;        0.00;        0.00
NIVEA PJENA ZA BRIJANJE MILD 200mL      ;666336    ;NIVEA          ;        0.20;L  ;        5.29;       26.45;'9005800394725';KOZMETIKA;        0.00;        0.00
GILLETTE PJENA 200mL SENSITIVE.         ;98063     ;GILLETTE       ;        0.20;L  ;        3.85;       19.25;'3014260228682';KOZMETIKA;        0.00;        0.00
VANISH ZA ISPIR.ZAVJESA 500mL           ;107430    ;VANISH         ;        0.50;L  ;        7.79;       15.58;'5900627012644';SREDSTVA ZA ÈIŠÆENJE;        0.00;        0.00
OPAL KREM DETERÐENT 375mL               ;134625    ;OPAL           ;        0.38;L  ;        2.65;        7.07;'3859890222156';SREDSTVA ZA ÈIŠÆENJE;        0.00;        0.00
DOMESTOS IZBJELJIVAÈ RUBLJA 750mL       ;134664    ;DOMESTOS       ;        0.75;L  ;        3.55;        4.73;'5996358008773';SREDSTVA ZA ÈIŠÆENJE;        0.00;        0.00
CEKINA 1L IZBJELJIVAÈ METEOR            ;16497     ;CEKINA         ;        1.00;L  ;        2.19;        2.19;'3859888110168';SREDSTVA ZA ÈIŠÆENJE;        0.00;        0.00
DR.BECKMANN MAR.SAKUP.BOJE 24/1         ;227068    ;ALCA ZAGREB D.O.O.;       24.00;KOM;        5.19;        0.22;'4008455500614';SREDSTVA ZA ÈIŠÆENJE;        0.00;        0.00
BOJA ZA TKANINU CRNA                    ;318496    ;TOTRAL D.O.O.;        0.00;   ;        1.19;        0.00;'3859888388802';SREDSTVA ZA ÈIŠÆENJE;        0.00;        0.00
SAPUN ZA RUBLJE DALAN 4*125g            ;363870    ;DALAN          ;        0.50;kg ;        2.39;        4.78;'8690529161546';SREDSTVA ZA ÈIŠÆENJE;        0.00;        0.00
VANISH POWER GEL 200mL                  ;416396    ;VANISH         ;        0.20;L  ;        7.79;       38.95;'5997321745633';SREDSTVA ZA ÈIŠÆENJE;        0.00;        0.00
KH-7 SRED.ZA UKLANJANJE MRLJA NA ODJEÆI ;525437    ;KH7            ;        0.75;L  ;        0.00;        6.65;'8420822115799';SREDSTVA ZA ÈIŠÆENJE;        6.99;        4.99
VANISH LIQUID PINK OXI 500mL**          ;574407    ;VANISH         ;        0.50;L  ;        4.59;        9.18;'5997321747729';SREDSTVA ZA ÈIŠÆENJE;        0.00;        0.00
VANISH LIQ 1L PINK OXI                  ;574409    ;VANISH         ;        1.00;L  ;        0.00;        4.49;'5997321747743';SREDSTVA ZA ÈIŠÆENJE;        8.19;        4.49
VANISH LIQ.PINK OXI 1,5L                ;574411    ;VANISH         ;        1.50;L  ;       10.99;        7.33;'5997321747767';SREDSTVA ZA ÈIŠÆENJE;        0.00;        0.00
VANISH LIQ.WHITE OXI 1,5L               ;574412    ;VANISH         ;        1.50;L  ;       10.99;        7.33;'5997321747811';SREDSTVA ZA ÈIŠÆENJE;        0.00;        0.00
VANISH LIQ 2L PINK OXI*                 ;574413    ;VANISH         ;        2.00;L  ;       14.29;        7.15;'5997321747828';SREDSTVA ZA ÈIŠÆENJE;        0.00;        0.00
VANISH PWD 470g WHITE                   ;574416    ;VANISH         ;        0.47;kg ;       10.99;       23.38;'5997321747781';SREDSTVA ZA ÈIŠÆENJE;        0.00;        0.00
VANISH PWD 470g PINK                    ;576118    ;VANISH         ;        0.47;kg ;       10.99;       23.38;'5997321747774';SREDSTVA ZA ÈIŠÆENJE;        0.00;        0.00
SANYTOL 500mL ZA DEZINFEKCIJU RUBLJA    ;577687    ;SANYTOL        ;        0.50;L  ;        3.89;        7.78;'3045200765004';SREDSTVA ZA ÈIŠÆENJE;        0.00;        0.00
VESH MARAMICE TO GO 5/1                 ;588503    ;VESH           ;        5.00;KOM;        1.19;        0.24;'3870128023772';SREDSTVA ZA ÈIŠÆENJE;        0.00;        0.00
OPAL ODSTRANJIVAÈ MRLJA 650mL           ;604497    ;OPAL           ;        0.65;L  ;        4.65;        7.15;'3850111755286';SREDSTVA ZA ÈIŠÆENJE;        0.00;        0.00
KH-7 OXI PROTIV MRLJA 750mL             ;610197    ;KH7            ;        0.75;L  ;        0.00;        6.65;'8420822127785';SREDSTVA ZA ÈIŠÆENJE;        7.29;        4.99
DR.BECKMANN ADITIV ZA ZAVJESE 80g       ;610559    ;DR.BECKMANN    ;        0.08;kg ;        1.45;       18.13;'4008455569017';SREDSTVA ZA ÈIŠÆENJE;        0.00;        0.00
VANISH LIQUID PINK 3L*                  ;613810    ;VANISH         ;        3.00;L  ;        0.00;        4.00;'5997321748221';SREDSTVA ZA ÈIŠÆENJE;       17.79;       11.99
VANISH OXI SPRAY ZA TRET.PRIJE PRANJA   ;618211    ;VANISH         ;        0.50;L  ;        8.79;       17.58;'5997321744674';SREDSTVA ZA ÈIŠÆENJE;        0.00;        0.00
VANISH LIQUID WHITE 3L                  ;632958    ;VANISH         ;        3.00;L  ;        0.00;        4.00;'5997321748238';SREDSTVA ZA ÈIŠÆENJE;       17.79;       11.99
VANISH PINK POWDER 970g                 ;666177    ;VANISH         ;        0.97;kg ;        8.99;        9.27;'5999109562814';SREDSTVA ZA ÈIŠÆENJE;        0.00;        0.00
VANISH WHITE PWD 970g                   ;666178    ;VANISH         ;        0.97;kg ;        8.99;        9.27;'5999109562821';SREDSTVA ZA ÈIŠÆENJE;        0.00;        0.00
VANISH LIQ 2L WHITE OXI**               ;666198    ;VANISH         ;        0.00;   ;       14.29;        0.00;'5999109562555';SREDSTVA ZA ÈIŠÆENJE;        0.00;        0.00
CEKINA 1L IZBJELJIVAÈ EUKALIPTUS METEOR ;666238    ;CEKINA         ;        1.00;L  ;        2.19;        2.19;'3850111505737';SREDSTVA ZA ÈIŠÆENJE;        0.00;        0.00
CEKINA 1L IZBJELJIVAÈ LAVANDA METEOR    ;666239    ;CEKINA         ;        1.00;L  ;        2.19;        2.19;'3850111505744';SREDSTVA ZA ÈIŠÆENJE;        0.00;        0.00
BIOSHOUT SPREJ ZA UKLANJANJE MRLJA 500mL;666516    ;BIOSHOUT       ;        0.50;L  ;        5.79;       11.58;'5000204350814';SREDSTVA ZA ÈIŠÆENJE;        0.00;        0.00
VANISH 0,5L PINK GEL                    ;666598    ;VANISH         ;        0.50;L  ;        4.59;        9.18;'5999109563279';SREDSTVA ZA ÈIŠÆENJE;        0.00;        0.00
VANISH 0,5L WHITE GEL                   ;666602    ;VANISH         ;        0.50;L  ;        4.59;        9.18;'5999109563309';SREDSTVA ZA ÈIŠÆENJE;        0.00;        0.00
VANISH 1,5L WHITE GEL                   ;666604    ;VANISH         ;        1.50;L  ;       10.99;        7.33;'5999109563149';SREDSTVA ZA ÈIŠÆENJE;        0.00;        0.00
VANISH 2L WHITE GEL                     ;666605    ;VANISH         ;        3.00;L  ;       14.29;        4.76;'5999109563248';SREDSTVA ZA ÈIŠÆENJE;        0.00;        0.00
VANISH 2L PINK GEL                      ;666606    ;VANISH         ;        2.00;L  ;       14.29;        7.15;'5999109563170';SREDSTVA ZA ÈIŠÆENJE;        0.00;        0.00
VANISH 1,5L PINK LIQUID*                ;666641    ;VANISH         ;        1.50;L  ;       10.99;        7.33;'5997321747927';SREDSTVA ZA ÈIŠÆENJE;        0.00;        0.00
VANISH 1L PINK GEL                      ;666642    ;VANISH         ;        1.00;L  ;        0.00;        4.49;'5999109563200';SREDSTVA ZA ÈIŠÆENJE;        8.19;        4.49
VANISH 1L WHITE GEL                     ;666643    ;VANISH         ;        1.00;L  ;        0.00;        4.49;'5999109563156';SREDSTVA ZA ÈIŠÆENJE;        8.19;        4.49
BIO SHOUT LIQUIDO ZA MRLJE 500mL        ;666712    ;BIO SHOUT      ;        0.50;L  ;        4.25;        8.50;'5000204350845';SREDSTVA ZA ÈIŠÆENJE;        0.00;        0.00
VANISH HYGIENE 940mL                    ;666843    ;VANISH         ;        0.94;L  ;        0.00;        4.78;'5999109561374';SREDSTVA ZA ÈIŠÆENJE;        7.99;        4.49
PITROID TOTAL SPR.SVI KUKC.400m CJ.     ;146493    ;PITROID        ;        0.40;L  ;        4.19;       10.48;'3856007902024';PROIZVODI ZA KUÆANSTVO;        0.00;        0.00
AUTAN TARME PROTIV KUH.MOLJ.            ;245326    ;ORBICO d.o.o.;        2.00;KOM;        7.99;        4.00;'8002030146040';PROIZVODI ZA KUÆANSTVO;        0.00;        0.00
PITROID SPRAY PROT.GMIŽ.K.300mL         ;339809    ;PITROID        ;        0.30;L  ;        3.99;       13.30;'3856007903618';PROIZVODI ZA KUÆANSTVO;        0.00;        0.00
KAMFOR TABLETE PROTIV MOLJACA 8/1       ;438849    ;JGL            ;        8.00;KOM;        3.99;        0.50;'3858891010786';PROIZVODI ZA KUÆANSTVO;        0.00;        0.00
ATOKS 400mL PROTIV INSEKATA             ;439399    ;HURIKAN D.O.O.;        0.40;L  ;        1.69;        4.23;'8699621000289';PROIZVODI ZA KUÆANSTVO;        0.00;        0.00
RAID LJEP.TRAKA PROTIV MUHA 4/1         ;536420    ;RAID           ;        4.00;KOM;        2.99;        0.75;'4000290001608';PROIZVODI ZA KUÆANSTVO;        0.00;        0.00
PITROID ALL INSECT KILLER 400mL CJ.     ;606473    ;PITROID        ;        0.40;L  ;        5.69;       14.23;'3856007907760';PROIZVODI ZA KUÆANSTVO;        0.00;        0.00
BIOKILL EXTRA MICRO-FAST 500mL          ;608858    ;BIOKILL        ;        0.50;L  ;        6.29;       12.58;'3838980105203';PROIZVODI ZA KUÆANSTVO;        0.00;        0.00
BIOKILL EXTRA MICRO-FAST REFILL 500mL   ;608859    ;ATLANTIC TRADE d.o.o.;        0.50;L  ;        5.59;       11.18;'3838980105210';PROIZVODI ZA KUÆANSTVO;        0.00;        0.00
RAID SPREJ PROTIV SVIH INS.400mL        ;615628    ;RAID           ;        0.40;L  ;        8.49;       21.23;'5000204203066';PROIZVODI ZA KUÆANSTVO;        0.00;        0.00
BIOKILL NATUR KRIZANTEMA 375mL          ;616279    ;BIOKILL        ;        0.38;L  ;        7.19;       19.17;'3838980105333';PROIZVODI ZA KUÆANSTVO;        0.00;        0.00
RAID TARME CEDAR TSRP                   ;632559    ;RAID           ;        0.00;   ;        5.49;        0.00;'5000204304909';PROIZVODI ZA KUÆANSTVO;        0.00;        0.00
RAID TARME LAVANDA TSRP                 ;632560    ;RAID           ;        0.00;   ;        5.49;        0.00;'5000204304930';PROIZVODI ZA KUÆANSTVO;        0.00;        0.00
RAID SPREJ ŽOHARI,MRAVI 500mL           ;632561    ;RAID           ;        0.50;L  ;        6.99;       13.98;'5000204284911';PROIZVODI ZA KUÆANSTVO;        0.00;        0.00
ZIG ZAG SPREJ PROT.SMRD.MARTINA 300mL   ;632643    ;ZIG ZAG        ;        0.30;L  ;        6.49;       21.63;'8004235006211';PROIZVODI ZA KUÆANSTVO;        0.00;        0.00
RAID SPREJ MUHE I KOMARCI 400mL         ;666095    ;RAID           ;        0.40;L  ;        5.79;       14.48;'5000204342468';PROIZVODI ZA KUÆANSTVO;        0.00;        0.00
RAID KLOPKA ZA MRAVE                    ;666106    ;RAID           ;        0.00;   ;        5.29;        0.00;'5000204364293';PROIZVODI ZA KUÆANSTVO;        0.00;        0.00
RAID KLOPKA ZA ŽOHARE                   ;666207    ;RAID           ;        0.00;   ;        6.99;        0.00;'5000204332261';PROIZVODI ZA KUÆANSTVO;        0.00;        0.00
OFF SPREJ DUOPACK 2X100m*               ;666286    ;ORBICO d.o.o.;        0.20;L  ;       10.99;       54.95;'3858893906520';PROIZVODI ZA KUÆANSTVO;        0.00;        0.00
RAID 400mL SPREJ MRAVI I ŽOHARI         ;666600    ;RAID           ;        0.40;L  ;        5.79;       14.48;'5000204024562';PROIZVODI ZA KUÆANSTVO;        0.00;        0.00
RAID MIRISNE VREÆICE LAVANDA            ;666614    ;RAID           ;        0.00;   ;        5.99;        0.00;'5000204090079';PROIZVODI ZA KUÆANSTVO;        0.00;        0.00
ZIG ZAG SPREJ ZA PAUKE 500mL            ;690953    ;ZIG ZAG        ;        0.50;L  ;        5.99;       11.98;'8004235005900';PROIZVODI ZA KUÆANSTVO;        0.00;        0.00
FROSCH CLEANING CREAM LAV.500mL         ;309520    ;FROSCH         ;        0.50;L  ;        0.00;        3.70;'4009175186782';SREDSTVA ZA ÈIŠÆENJE;        1.19;        1.85
VIM CITRO 500g NEW                      ;331482    ;VIM            ;        0.50;kg ;        1.99;        3.98;'3850105136404';SREDSTVA ZA ÈIŠÆENJE;        0.00;        0.00
PRENS 500mL TEKUÆI ABRAZIV**            ;373834    ;PRENS          ;        0.50;L  ;        1.85;        3.70;'8691959418002';SREDSTVA ZA ÈIŠÆENJE;        0.00;        0.00
CIF WHITE CREAM 500mL NEW+              ;374205    ;CIF            ;        0.50;L  ;        2.49;        4.98;'8712561552905';SREDSTVA ZA ÈIŠÆENJE;        0.00;        0.00
CIF LEMON CREAM 500mL NEW+              ;421420    ;CIF            ;        0.50;L  ;        2.49;        4.98;'8712561552776';SREDSTVA ZA ÈIŠÆENJE;        0.00;        0.00
PRENS PRAŠKASTO ABRAZIVNO 500g**        ;515636    ;PRENS          ;        0.50;kg ;        0.00;        2.80;'8691959412505';SREDSTVA ZA ÈIŠÆENJE;        1.65;        1.40
ZEP-TOP PLAVI SREDSTVO ZA ÈIŠÆENJE 500m ;52271     ;ZEP TOP        ;        0.50;L  ;        9.59;       19.18;'3831001303152';SREDSTVA ZA ÈIŠÆENJE;        0.00;        0.00
ARF CREAM ORIGINAL 400mL                ;616093    ;ARF            ;        0.40;L  ;        2.19;        5.48;'3850105181626';SREDSTVA ZA ÈIŠÆENJE;        0.00;        0.00
ARF CREAM CITRO 400mL                   ;616104    ;ARF            ;        0.40;L  ;        2.19;        5.48;'3850105181596';SREDSTVA ZA ÈIŠÆENJE;        0.00;        0.00
ARF CREAM NATURAL 400mL                 ;616107    ;ARF            ;        0.40;L  ;        2.19;        5.48;'3850105181657';SREDSTVA ZA ÈIŠÆENJE;        0.00;        0.00
ARF CREAM PROFESSIONAL 400mL            ;666088    ;ARF            ;        0.40;L  ;        2.19;        5.48;'3850105181688';SREDSTVA ZA ÈIŠÆENJE;        0.00;        0.00
ARF GORD 500mL                          ;74996     ;ARF            ;        0.50;L  ;        2.19;        4.38;'3850105107626';SREDSTVA ZA ÈIŠÆENJE;        0.00;        0.00
DOMINOL 1L ŽUTI CLASSIC                 ;03013     ;DOMINOL        ;        1.00;L  ;        4.99;        4.99;'3850145461009';SREDSTVA ZA ÈIŠÆENJE;        0.00;        0.00
PRONTO UNIV.TEK.ZA POD 750mL            ;101022    ;PRONTO         ;        0.75;L  ;        5.49;        7.32;'5000204604573';SREDSTVA ZA ÈIŠÆENJE;        0.00;        0.00
FROSCH PROTIV KAMENCA S OCTOM 1L        ;122251    ;FROSCH         ;        1.00;L  ;        0.00;        2.69;'4009175138965';SREDSTVA ZA ÈIŠÆENJE;        3.39;        2.69
DOMESTOS UNIVERSAL DESINFEC.SPRAY 750mL ;303906    ;DOMESTOS       ;        0.75;L  ;        4.99;        6.65;'8718114433950';SREDSTVA ZA ÈIŠÆENJE;        0.00;        0.00
SUPER JON UNIVERZAL 1L ÐURÐICA          ;344044    ;SUPER JON      ;        1.00;L  ;        3.49;        3.49;'3850111503412';SREDSTVA ZA ÈIŠÆENJE;        0.00;        0.00
SUPER JON UNIVERZAL 1L JORGOVAN         ;344932    ;SUPER JON      ;        1.00;L  ;        3.49;        3.49;'3850111503429';SREDSTVA ZA ÈIŠÆENJE;        0.00;        0.00
BLISTA VL.MARAM.50/1 ZA KUÆANSTVO       ;417576    ;BLISTA         ;       50.00;KOM;        1.49;        0.03;'3859890063056';SREDSTVA ZA ÈIŠÆENJE;        0.00;        0.00
PRONTO LEGNO PULITO 5U1 UNIV 750mL      ;44595     ;PRONTO         ;        0.75;L  ;        5.49;        7.32;'5000204604542';SREDSTVA ZA ÈIŠÆENJE;        0.00;        0.00
PRENS 1L UNIVERZALNO DALIA              ;500307    ;PRENS          ;        1.00;L  ;        1.72;        1.72;'8691959413380';SREDSTVA ZA ÈIŠÆENJE;        0.00;        0.00
SANYTOL VIŠENAMJENSKO SREDSTVO 500mL    ;503315    ;SANYTOL        ;        0.50;L  ;        3.99;        7.98;'3045200700005';SREDSTVA ZA ÈIŠÆENJE;        0.00;        0.00
SANYTOL ZA ÈIŠÆ.I DEZ.POD 1L            ;503316    ;SANYTOL        ;        1.00;L  ;        3.99;        3.99;'3045206312202';SREDSTVA ZA ÈIŠÆENJE;        0.00;        0.00
PERMETAL UNIVERZAL 650mL                ;525645    ;PERMETAL       ;        0.65;L  ;        3.49;        5.37;'3850111753848';SREDSTVA ZA ÈIŠÆENJE;        0.00;        0.00
ARF UNIVERZAL MICELL.ŠPRICA 650mL       ;548496    ;ARF            ;        0.65;L  ;        3.29;        5.06;'3850105164094';SREDSTVA ZA ÈIŠÆENJE;        0.00;        0.00
TETA VIOLETA ZA POD PASSION FL.1L       ;566435    ;VIOLETA D.O.O.;        1.00;L  ;        1.75;        1.75;'3870128017238';SREDSTVA ZA ÈIŠÆENJE;        0.00;        0.00
TETA VIOLETA ZA POD LUX.PURPLE 1L       ;566436    ;VIOLETA D.O.O.;        1.00;L  ;        1.75;        1.75;'3870128017320';SREDSTVA ZA ÈIŠÆENJE;        0.00;        0.00
AJAX FF SPRING 1L+STAKLO CRYST.500mL*   ;576193    ;AJAX           ;        0.00;   ;        3.59;        0.00;'3830055875332';SREDSTVA ZA ÈIŠÆENJE;        0.00;        0.00
AJAX 1L FF BOOST VINEGAR&BLUELAV        ;576283    ;AJAX           ;        1.00;L  ;        3.79;        3.79;'8718951278547';SREDSTVA ZA ÈIŠÆENJE;        0.00;        0.00
AJAX 1L FF LILAC BREZZ.                 ;576459    ;AJAX           ;        1.00;L  ;        3.79;        3.79;'8718951278516';SREDSTVA ZA ÈIŠÆENJE;        0.00;        0.00
AJAX 1L FF SPRING FLOWER                ;576460    ;AJAX           ;        1.00;L  ;        3.79;        3.79;'8718951278424';SREDSTVA ZA ÈIŠÆENJE;        0.00;        0.00
AJAX 1L FDF LAGOON FLOWERS              ;577636    ;AJAX           ;        1.00;L  ;        3.79;        3.79;'8718951278486';SREDSTVA ZA ÈIŠÆENJE;        0.00;        0.00
AJAX 1L FF WILD FLOWERS                 ;578048    ;AJAX           ;        1.00;L  ;        3.79;        3.79;'8718951278394';SREDSTVA ZA ÈIŠÆENJE;        0.00;        0.00
TETA VIOLETA UNIV.PASSI.1L+STAKLO 750** ;585832    ;VIOLETA D.O.O.;        0.00;   ;        6.19;        0.00;'3870128022256';SREDSTVA ZA ÈIŠÆENJE;        0.00;        0.00
SANYTOL VL.DEZINF.MARAMICE 36/1         ;586335    ;SANYTOL        ;       36.00;KOM;        3.99;        0.11;'8411660000224';SREDSTVA ZA ÈIŠÆENJE;        0.00;        0.00
BLISTA VL.MARAMICE ZA URED  50/1        ;591365    ;BLISTA         ;       50.00;KOM;        1.49;        0.03;'3859890063469';SREDSTVA ZA ÈIŠÆENJE;        0.00;        0.00
SUPER JON MARAMICE VL.UNIVERZAL 60/1    ;591371    ;SUPER JON      ;       60.00;KOM;        3.49;        0.06;'3850111901089';SREDSTVA ZA ÈIŠÆENJE;        0.00;        0.00
FROSCH SR.ZA ÈIŠÆ-AKTIVNA SODA 500mL    ;591895    ;FROSCH         ;        0.50;L  ;        0.00;        4.78;'4009175953674';SREDSTVA ZA ÈIŠÆENJE;        2.99;        2.39
PRONTO LAMINAT 750mL NEW                ;602768    ;PRONTO         ;        0.75;L  ;        5.49;        7.32;'5000204190380';SREDSTVA ZA ÈIŠÆENJE;        0.00;        0.00
PRONTO VIŠENAMJENSKI TRIGGER 500mL      ;610147    ;PRONTO         ;        0.50;L  ;        5.49;       10.98;'5000204218398';SREDSTVA ZA ÈIŠÆENJE;        0.00;        0.00
TETA VIOLETA VL.MAR.ZA ÈIŠÆENJE 56/1    ;610485    ;VIOLETA D.O.O.;       56.00;KOM;        2.12;        0.04;'3870128027671';SREDSTVA ZA ÈIŠÆENJE;        0.00;        0.00
RENCO ZA ÈIŠÆ.NADGR.SPOMENIKA 500mL     ;611130    ;MEYER DOO;        0.50;L  ;        5.31;       10.62;'3858883780970';SREDSTVA ZA ÈIŠÆENJE;        0.00;        0.00
ARF VL.MARAMICE APPLE 60KOM             ;616552    ;ARF            ;       60.00;KOM;        1.99;        0.03;'3850105180414';SREDSTVA ZA ÈIŠÆENJE;        0.00;        0.00
ARF VL.MARAMICE LEMON 60KOM             ;616553    ;ARF            ;       60.00;KOM;        1.99;        0.03;'3850105177995';SREDSTVA ZA ÈIŠÆENJE;        0.00;        0.00
ARF UNIVERZAL PROF.PROTECT 600mL        ;617177    ;ARF            ;        0.00;   ;        3.29;        0.00;'3850105181343';SREDSTVA ZA ÈIŠÆENJE;        0.00;        0.00
BLISTA UNIVERZAL 750mL                  ;618194    ;BLISTA         ;        0.75;L  ;        0.00;        2.25;'3859890063858';SREDSTVA ZA ÈIŠÆENJE;        1.19;        1.69
BLISTA VL.MARAMICE BOŽ 3X50KOM*         ;625122    ;BLISTA         ;        3.00;KOM;        3.45;        1.15;'3859890063926';SREDSTVA ZA ÈIŠÆENJE;        0.00;        0.00
SPLASH SR.ZA UKL.KAMENCA 50g            ;625706    ;SPLASH         ;        0.05;kg ;        1.72;       34.40;'5900785881007';SREDSTVA ZA ÈIŠÆENJE;        0.00;        0.00
MR PROPER LAVANDA 1L                    ;633631    ;MR PROPER      ;        1.00;L  ;        3.99;        3.99;'4084500644946';SREDSTVA ZA ÈIŠÆENJE;        0.00;        0.00
PRONTO LP 750mL+SPREJ 300mL*            ;637108    ;PRONTO         ;        1.05;L  ;       10.99;       10.47;'3858893900955';SREDSTVA ZA ÈIŠÆENJE;        0.00;        0.00
AJAX 1L STRONG&SAFE                     ;638234    ;AJAX           ;        1.00;L  ;        3.79;        3.79;'8718951567917';SREDSTVA ZA ÈIŠÆENJE;        0.00;        0.00
PRENS 1L TEK.ZA PRANJE DRV.PODOVA       ;640435    ;PRENS          ;        1.00;L  ;        3.25;        3.25;'8691959807332';SREDSTVA ZA ÈIŠÆENJE;        0.00;        0.00
EMSAL SRED.ZA LAMINATE 1L               ;640475    ;EMSAL          ;        1.00;L  ;        4.69;        4.69;'4009175964588';SREDSTVA ZA ÈIŠÆENJE;        0.00;        0.00
SUPER JON IQ UNIVERZAL REFILL 3X2g      ;657242    ;SUPER JON      ;        0.00;   ;        3.59;        0.00;'3850111505805';SREDSTVA ZA ÈIŠÆENJE;        0.00;        0.00
PINK STUFF PASTA ZA ÈIŠÆENJE 850g       ;666138    ;PINK STUFF     ;        0.85;kg ;        0.00;        5.16;'5060033821114';SREDSTVA ZA ÈIŠÆENJE;        5.49;        4.39
PINK STUFF ZA POD 1L                    ;666139    ;PINK STUFF     ;        1.00;L  ;        0.00;        2.99;'5060033821527';SREDSTVA ZA ÈIŠÆENJE;        3.69;        2.99
PINK STUFF VIŠENAMJ.SRED.ZA ÈIŠ.750mL   ;666140    ;PINK STUFF     ;        0.75;L  ;        0.00;        3.85;'5060033823682';SREDSTVA ZA ÈIŠÆENJE;        3.49;        2.89
AJAX 500mL POWER MOUSSE SPREJ UNIVERZAL ;666160    ;AJAX           ;        0.50;L  ;        3.99;        7.98;'8718951644021';SREDSTVA ZA ÈIŠÆENJE;        0.00;        0.00
EMSAL ZA DRVENE POVRŠINE 1L             ;666161    ;EMSAL          ;        1.00;L  ;        4.19;        4.19;'4009175964595';SREDSTVA ZA ÈIŠÆENJE;        0.00;        0.00
FROSCH PROTIV KAMENCA S OCTOM 1+1L      ;666223    ;FROSCH         ;        2.00;L  ;        6.49;        3.25;'3858889366864';SREDSTVA ZA ÈIŠÆENJE;        0.00;        0.00
SUPER JON 300mL NAMJEŠTAJ SPREJ         ;666237    ;SUPER JON      ;        0.30;L  ;        3.99;       13.30;'3850111505751';SREDSTVA ZA ÈIŠÆENJE;        0.00;        0.00
TETA VIOLETA ZA POD OCEAN SPA 1L        ;666262    ;VIOLETA D.O.O.;        1.00;L  ;        1.75;        1.75;'3870128017290';SREDSTVA ZA ÈIŠÆENJE;        0.00;        0.00
TETA VIOLETA LUXURIOS+MARAMICE 56/1*    ;666276    ;VIOLETA        ;        0.00;   ;        0.00;        0.00;'3870128037588';SREDSTVA ZA ÈIŠÆENJE;        3.79;        3.99
SUPER JON IQ 425mL+2X2g UNIVERSAL       ;666306    ;SUPER JON      ;        0.43;L  ;        4.99;       11.74;'3850111505775';SREDSTVA ZA ÈIŠÆENJE;        0.00;        0.00
SANYTOL XXL ODMAŠÈIVAÆ KUHINJA*         ;666320    ;PAMPERO DOO;        1.50;L  ;        6.49;        4.33;'8436036430634';SREDSTVA ZA ÈIŠÆENJE;        0.00;        0.00
PRENS 1L RUŽA UNIVERZAL                 ;666375    ;PRENS          ;        1.00;L  ;        1.79;        1.79;'3858894230860';SREDSTVA ZA ÈIŠÆENJE;        0.00;        0.00
PRENS 1L LJILJAN UNIVERZAL              ;666376    ;PRENS          ;        1.00;L  ;        1.79;        1.79;'3858894230853';SREDSTVA ZA ÈIŠÆENJE;        0.00;        0.00
PRENS 1L ÐURÐICA UNIVERZAL              ;666378    ;PRENS          ;        1.00;L  ;        1.79;        1.79;'3858894230846';SREDSTVA ZA ÈIŠÆENJE;        0.00;        0.00
AJAX 500mL STRONG&SAFE                  ;666379    ;AJAX           ;        0.50;L  ;        3.99;        7.98;'8718951567825';SREDSTVA ZA ÈIŠÆENJE;        0.00;        0.00
BLISTA FRESH POD 1L                     ;666437    ;BLISTA         ;        1.00;L  ;        0.00;        1.29;'3859894188014';SREDSTVA ZA ÈIŠÆENJE;        1.69;        1.29
BLISTA BLOOM POD 1L                     ;666438    ;BLISTA         ;        1.00;L  ;        0.00;        1.29;'3859894188021';SREDSTVA ZA ÈIŠÆENJE;        1.69;        1.29
SMAC 650mL ODMAŠÈIVAÆ UNIVERZALAN       ;666853    ;SMAC           ;        0.65;L  ;        5.59;        8.60;'8003650026729';SREDSTVA ZA ÈIŠÆENJE;        0.00;        0.00
MR PROPER 1L OCEAN                      ;666982    ;MR PROPER      ;        1.00;L  ;        3.99;        3.99;'8006540918968';SREDSTVA ZA ÈIŠÆENJE;        0.00;        0.00
AJAX 750mL CHRISTAL TRIGGER+            ;195066    ;AJAX           ;        0.75;L  ;        3.09;        4.12;'8718951048522';SREDSTVA ZA ÈIŠÆENJE;        0.00;        0.00
SUPER JON STAKLO ANTISTATIC 650mL       ;322288    ;SUPER JON      ;        0.65;L  ;        2.09;        3.22;'3850111503375';SREDSTVA ZA ÈIŠÆENJE;        0.00;        0.00
SUPER JON STAKLO ALKOHOL I OCAT 650mL   ;322289    ;SUPER JON      ;        0.65;L  ;        2.09;        3.22;'3850111503382';SREDSTVA ZA ÈIŠÆENJE;        0.00;        0.00
AJAX 750mL STAKLO GREEN TRIGGER         ;391143    ;AJAX           ;        0.75;L  ;        2.99;        3.99;'8714789842486';SREDSTVA ZA ÈIŠÆENJE;        0.00;        0.00
BISER 1/1 ZA ÈIŠÆENJE STAKLA**          ;42057     ;BISER          ;        1.00;L  ;        1.72;        1.72;'3850145107020';SREDSTVA ZA ÈIŠÆENJE;        0.00;        0.00
AJAX 750mL FRESH BLUE+                  ;518610    ;AJAX           ;        0.75;L  ;        3.09;        4.12;'8718951048461';SREDSTVA ZA ÈIŠÆENJE;        0.00;        0.00
TETA VIOLETA STAKLO FRESH 750mL         ;536109    ;VIOLETA D.O.O.;        0.75;L  ;        1.99;        2.65;'3870128012806';SREDSTVA ZA ÈIŠÆENJE;        0.00;        0.00
AJAX STAKLO CRYST.750mL+500mL           ;560866    ;AJAX           ;        1.25;L  ;        5.19;        4.15;'3830055871853';SREDSTVA ZA ÈIŠÆENJE;        0.00;        0.00
ENEN 750mL STAKLO**                     ;611301    ;ENEN           ;        0.75;L  ;        1.86;        2.48;'3850376488783';SREDSTVA ZA ÈIŠÆENJE;        0.00;        0.00
ARF STAKLO 650mL PUMPICA                ;616105    ;ARF            ;        0.65;L  ;        1.99;        3.06;'3850105181015';SREDSTVA ZA ÈIŠÆENJE;        0.00;        0.00
ARF STAKLO ANTIST.650mL                 ;616106    ;ARF            ;        0.65;L  ;        1.99;        3.06;'3850105181107';SREDSTVA ZA ÈIŠÆENJE;        0.00;        0.00
ARF STAKLO CITRUS 650mL                 ;616108    ;ARF            ;        0.65;L  ;        1.99;        3.06;'3850105181077';SREDSTVA ZA ÈIŠÆENJE;        0.00;        0.00
ARF STAKLO LAV&SMILJE 650mL             ;616109    ;ARF            ;        0.65;L  ;        1.99;        3.06;'3850105181138';SREDSTVA ZA ÈIŠÆENJE;        0.00;        0.00
TETA VIOLETA STAKLO SYMPHONY 750mL      ;626882    ;VIOLETA D.O.O.;        0.75;L  ;        1.99;        2.65;'3870128033436';SREDSTVA ZA ÈIŠÆENJE;        0.00;        0.00
TETA VIOLETA STAKLO CITRUS 750mL        ;626883    ;TETA VIOLETA   ;        0.75;L  ;        1.99;        2.65;'3870128033467';SREDSTVA ZA ÈIŠÆENJE;        0.00;        0.00
SUPER JON STAKLO ALOE&EUCAL 650mL       ;627850    ;SUPER JON      ;        0.65;L  ;        2.09;        3.22;'3850111505645';SREDSTVA ZA ÈIŠÆENJE;        0.00;        0.00
TETA VIOLETA STAKLO750ML+PUNJENJE 750mL*;637768    ;VIOLETA D.O.O.;        0.00;   ;        0.00;        0.00;'3870128037625';SREDSTVA ZA ÈIŠÆENJE;        2.90;        2.35
BLISTA 750mL STAKLO+MAR 50KOM*          ;666221    ;BLISTA         ;        0.00;   ;        2.99;        0.00;'3859894188076';SREDSTVA ZA ÈIŠÆENJE;        0.00;        0.00
TETA VIOLETA 750mL STAKLOSJAJ FLORAL    ;666285    ;VIOLETA        ;        0.75;L  ;        1.99;        2.65;'3870128033405';SREDSTVA ZA ÈIŠÆENJE;        0.00;        0.00
PRENS 750mL STAKLO                      ;666373    ;PRENS          ;        0.75;L  ;        1.39;        1.85;'3858894230891';SREDSTVA ZA ÈIŠÆENJE;        0.00;        0.00
CILLIT BANG DEGREASER 750mL - TRIGER    ;22598     ;CILLIT         ;        0.75;L  ;        6.69;        8.92;'5900627024210';SREDSTVA ZA ÈIŠÆENJE;        0.00;        0.00
CILLIT 750mL BLEACH&HYGIENE             ;318259    ;CILLIT         ;        0.75;L  ;        6.69;        8.92;'3059940003609';SREDSTVA ZA ÈIŠÆENJE;        0.00;        0.00
PERMETAL 650mL ŠPRICA                   ;332810    ;PERMETAL       ;        0.65;L  ;        3.49;        5.37;'3850111753596';SREDSTVA ZA ÈIŠÆENJE;        0.00;        0.00
SUPER JON KUH.650mL                     ;332899    ;SUPER JON      ;        0.65;L  ;        3.49;        5.37;'3850111503436';SREDSTVA ZA ÈIŠÆENJE;        0.00;        0.00
PERMETAL GOLD 650mL NEW                 ;350847    ;PERMETAL       ;        0.65;L  ;        4.25;        6.54;'3850111753619';SREDSTVA ZA ÈIŠÆENJE;        0.00;        0.00
KH-7 ODMAŠÈIVAÈ S PUMPICOM 750mL        ;431553    ;KH7            ;        0.75;L  ;        0.00;        5.32;'8420822115065';SREDSTVA ZA ÈIŠÆENJE;        5.79;        3.99
PERMETAL PROTIV KAMENCA 650mL INOX      ;438152    ;PERMETAL       ;        0.65;L  ;        3.49;        5.37;'3850111753831';SREDSTVA ZA ÈIŠÆENJE;        0.00;        0.00
MR.MUSCLE ÈISTAÈ PEÆNICA 300mL          ;47782     ;MR.MUSCOLO     ;        0.30;L  ;        4.59;       15.30;'8002030139103';SREDSTVA ZA ÈIŠÆENJE;        0.00;        0.00
DR.BECKMANN ODSTR.KAMENCA S KUÆ.AP      ;554208    ;DR.BECKMANN    ;        0.25;L  ;        3.20;       12.80;'4008455046310';SREDSTVA ZA ÈIŠÆENJE;        0.00;        0.00
AJAX 750mL KUHINJA                      ;582586    ;AJAX           ;        0.75;L  ;        4.49;        5.99;'8718951277380';SREDSTVA ZA ÈIŠÆENJE;        0.00;        0.00
MR.MUSCLE ZA KUH.POV.500mL NEW          ;587574    ;MR.MUSCLE      ;        0.50;L  ;        3.99;        7.98;'5000204141672';SREDSTVA ZA ÈIŠÆENJE;        0.00;        0.00
PERMETAL ZA STAKLOKE. I IND. 650mL      ;600459    ;PERMETAL       ;        0.65;L  ;        5.97;        9.18;'3850111755293';SREDSTVA ZA ÈIŠÆENJE;        0.00;        0.00
ARF KUHINJA PROFF.600mL                 ;616554    ;ARF            ;        0.60;L  ;        3.29;        5.48;'3850105181312';SREDSTVA ZA ÈIŠÆENJE;        0.00;        0.00
ARF BLIC 650mL                          ;616984    ;ARF            ;        0.65;L  ;        3.29;        5.06;'3850105181251';SREDSTVA ZA ÈIŠÆENJE;        0.00;        0.00
ARF ODMAŠÆIVAÈ PRO 600mL                ;617775    ;ARF            ;        0.60;L  ;        3.29;        5.48;'3850105181404';SREDSTVA ZA ÈIŠÆENJE;        0.00;        0.00
CILLIT BANG DEGREASER 1000mL            ;628195    ;CILLIT         ;        1.00;L  ;        6.69;        6.69;'4002448033752';SREDSTVA ZA ÈIŠÆENJE;        0.00;        0.00
CILLIT BANG NON BLEACH DEZI 750mL       ;628196    ;CILLIT         ;        0.75;L  ;        6.69;        8.92;'5999109510600';SREDSTVA ZA ÈIŠÆENJE;        0.00;        0.00
SMAC EXPRESS ODMAŠÆ.650mL LIMUN         ;660099    ;SMAC           ;        0.65;L  ;        5.59;        8.60;'8003650026705';SREDSTVA ZA ÈIŠÆENJE;        0.00;        0.00
MEGLIO ODMAŠÈIVAÈ UNI LIMUN 750mL       ;666164    ;POHIT d.o.o.;        0.75;L  ;        2.99;        3.99;'8003650026828';SREDSTVA ZA ÈIŠÆENJE;        0.00;        0.00
CILLIT BANG 750mL MASNOÆA               ;666301    ;CILLIT         ;        0.75;L  ;        6.69;        8.92;'5999109510914';SREDSTVA ZA ÈIŠÆENJE;        0.00;        0.00
DR.BECKMANN ZA ÈIŠÆ.HLADNJAKA 250mL     ;666302    ;DR.BECKMANN    ;        0.25;L  ;        4.29;       17.16;'4008455598819';SREDSTVA ZA ÈIŠÆENJE;        0.00;        0.00
DOMESTOS HIG.MARAMICE LIMUN 60KOM       ;666315    ;DOMESTOS       ;       60.00;KOM;        4.99;        0.08;'8720181349836';SREDSTVA ZA ÈIŠÆENJE;        0.00;        0.00
DOMESTOS HIG.MARAMICE OCEAN 60KOM       ;666316    ;DOMESTOS       ;       60.00;KOM;        4.99;        0.08;'8720181349843';SREDSTVA ZA ÈIŠÆENJE;        0.00;        0.00
PRENS 750mL ODSTRANJIVAÈ MASNOÆE        ;666374    ;PRENS          ;        0.75;L  ;        1.89;        2.52;'3858894230921';SREDSTVA ZA ÈIŠÆENJE;        0.00;        0.00
PERMETAL 650mL+ REFIL 650*              ;666413    ;PERMETAL       ;        1.30;L  ;        3.49;        2.68;'3850111304507';SREDSTVA ZA ÈIŠÆENJE;        0.00;        0.00
BLISTA ODMAŠÈIVAÆ 750mL                 ;666436    ;BLISTA         ;        0.75;L  ;        0.00;        3.19;'3859894188007';SREDSTVA ZA ÈIŠÆENJE;        2.69;        2.39
DR.BECKMANN SPREJ IND/KER 250mL         ;666582    ;DR.BECKMANN    ;        0.25;L  ;        4.45;       17.80;'4008455601915';SREDSTVA ZA ÈIŠÆENJE;        0.00;        0.00
WC NET PARFUMO LAVANDA 750mL+           ;107670    ;WC NET         ;        0.75;L  ;        3.39;        4.52;'8004050036837';SREDSTVA ZA ÈIŠÆENJE;        0.00;        0.00
WC NET PROFUMO MOUNT.SPR.750mL          ;11668     ;WC NET         ;        0.75;L  ;        3.39;        4.52;'8004050036707';SREDSTVA ZA ÈIŠÆENJE;        0.00;        0.00
CILLIT BANG SPREJ 750mL ZA UKL.KAMENCA  ;147583    ;CILLIT         ;        0.75;L  ;        6.69;        8.92;'5997321740690';SREDSTVA ZA ÈIŠÆENJE;        0.00;        0.00
DOMESTOS ATLANT FRESH 750mL             ;182352    ;DOMESTOS       ;        0.75;L  ;        3.55;        4.73;'8717163286975';SREDSTVA ZA ÈIŠÆENJE;        0.00;        0.00
SANITAR 750mL ORIGINAL                  ;183570    ;SANITAR        ;        0.75;L  ;        2.45;        3.27;'3850111502620';SREDSTVA ZA ÈIŠÆENJE;        0.00;        0.00
SANITAR FOREST 750mL                    ;219418    ;SANITAR        ;        0.75;L  ;        2.45;        3.27;'3850111502736';SREDSTVA ZA ÈIŠÆENJE;        0.00;        0.00
SANITAR CITRUS 750mL                    ;219435    ;SANITAR        ;        0.75;L  ;        2.45;        3.27;'3850111502743';SREDSTVA ZA ÈIŠÆENJE;        0.00;        0.00
DOMESTOS CITRUS FRESH 750mL             ;29339     ;DOMESTOS       ;        0.75;L  ;        3.55;        4.73;'5996037079780';SREDSTVA ZA ÈIŠÆENJE;        0.00;        0.00
SANITAR 650mL STRONG                    ;326681    ;SANITAR        ;        0.65;L  ;        2.59;        3.98;'3850111503399';SREDSTVA ZA ÈIŠÆENJE;        0.00;        0.00
SANITAR FRESH 650mL+                    ;340123    ;SANITAR        ;        0.65;L  ;        2.59;        3.98;'3850111503405';SREDSTVA ZA ÈIŠÆENJE;        0.00;        0.00
SANITAR ORIGINAL LAVANDA 750mL          ;351374    ;SANITAR        ;        0.75;L  ;        2.45;        3.27;'3850111501517';SREDSTVA ZA ÈIŠÆENJE;        0.00;        0.00
WC NET ZA BIOLOŠKE SEPT.JAME 216g       ;366212    ;WC NET         ;       12.00;KOM;       11.49;        0.96;'8004050193677';SREDSTVA ZA ÈIŠÆENJE;        0.00;        0.00
PRENS BANYO SRED.ZA ÈIŠÆ.PRLJAV.I KAMEN.;373731    ;PRENS          ;        0.75;L  ;        1.95;        2.60;'8691959300000';SREDSTVA ZA ÈIŠÆENJE;        0.00;        0.00
SANITAR FRESH LAVANDA 650mL             ;379070    ;SANITAR        ;        0.65;L  ;        2.59;        3.98;'3850111503849';SREDSTVA ZA ÈIŠÆENJE;        0.00;        0.00
CILLIT LIME&RUST 450mL**                ;389514    ;CILLIT         ;        0.45;L  ;        4.45;        9.89;'5997321740133';SREDSTVA ZA ÈIŠÆENJE;        0.00;        0.00
SANITAR ORIG.750mL+SANITAR F.650mL*     ;395188    ;SANITAR        ;        1.40;L  ;        0.00;        2.49;'3850111503993';SREDSTVA ZA ÈIŠÆENJE;        3.39;        3.49
CILLIT L&R KAM/HRÐ.500mL BRILL NEW      ;436164    ;CILLIT         ;        0.50;L  ;        4.41;        8.82;'5997321761992';SREDSTVA ZA ÈIŠÆENJE;        0.00;        0.00
WC NET GEL IZBJ.MOUNTAIN 750mL          ;47118     ;WC NET         ;        0.75;L  ;        3.39;        4.52;'8004050023752';SREDSTVA ZA ÈIŠÆENJE;        0.00;        0.00
KH-7 ZA KAMENAC 750mL                   ;508324    ;KH7            ;        0.75;L  ;        0.00;        5.32;'8420822116543';SREDSTVA ZA ÈIŠÆENJE;        5.79;        3.99
DOMESTOS WHITE&SHINE 750mL              ;520105    ;DOMESTOS       ;        0.75;L  ;        3.55;        4.73;'8710908675089';SREDSTVA ZA ÈIŠÆENJE;        0.00;        0.00
SANYTOL ZA ÈIŠÆ.KUPAONE 500mL           ;520779    ;SANYTOL        ;        0.50;L  ;        3.89;        7.78;'3045206393003';SREDSTVA ZA ÈIŠÆENJE;        0.00;        0.00
CILLIT BANG PROTIV PLIJESNI 750mL       ;546810    ;CILLIT         ;        0.75;L  ;        6.69;        8.92;'5900627067309';SREDSTVA ZA ÈIŠÆENJE;        0.00;        0.00
DUCK POWER IZBJ.WC PINE 750mL           ;548121    ;DUCK           ;        0.75;L  ;        3.19;        4.25;'5000204922943';SREDSTVA ZA ÈIŠÆENJE;        0.00;        0.00
FROSCH KUPAONICA LAVANDA SPREJ 500mL    ;554387    ;FROSCH         ;        0.50;L  ;        0.00;        4.78;'9001531914935';SREDSTVA ZA ÈIŠÆENJE;        2.99;        2.39
FROSCH WC TEKUÆINA LAVANDA 750mL        ;554388    ;FROSCH         ;        0.75;L  ;        0.00;        2.92;'4009175115966';SREDSTVA ZA ÈIŠÆENJE;        2.65;        2.19
BREF HYGIENE GEL LEM.700mL              ;560449    ;BREF           ;        0.70;L  ;        0.00;        2.56;'9000101312218';SREDSTVA ZA ÈIŠÆENJE;        2.99;        1.79
WC NET GEL CRYST.PINK 750mL             ;568881    ;WC NET         ;        0.75;L  ;        3.39;        4.52;'8003650011954';SREDSTVA ZA ÈIŠÆENJE;        0.00;        0.00
WC NET GEL.CRYST.BLUE FRESH 750mL       ;568883    ;WC NET         ;        0.75;L  ;        3.39;        4.52;'8003650011930';SREDSTVA ZA ÈIŠÆENJE;        0.00;        0.00
DOMESTOS LAVANDER 750mL NEW             ;574361    ;DOMESTOS       ;        0.75;L  ;        3.55;        4.73;'8717163760192';SREDSTVA ZA ÈIŠÆENJE;        0.00;        0.00
AJAX 750mL KUPAONICA                    ;576982    ;AJAX           ;        0.75;L  ;        4.49;        5.99;'8718951293052';SREDSTVA ZA ÈIŠÆENJE;        0.00;        0.00
CILLIT BANG SPRAY 1000mL                ;584364    ;CILLIT         ;        1.00;L  ;        3.99;        3.99;'4002448033769';SREDSTVA ZA ÈIŠÆENJE;        0.00;        0.00
MR.MUSCLE KUPAONICA 500mL               ;588488    ;MR.MUSCLE      ;        0.50;L  ;        3.99;        7.98;'5000204141702';SREDSTVA ZA ÈIŠÆENJE;        0.00;        0.00
DUCK POWER MARINE 750mL                 ;595958    ;DUCK           ;        0.75;L  ;        3.19;        4.25;'5000204164466';SREDSTVA ZA ÈIŠÆENJE;        0.00;        0.00
DUCK POWER LAVANDA 750mL                ;595960    ;DUCK           ;        0.75;L  ;        3.19;        4.25;'5000204164527';SREDSTVA ZA ÈIŠÆENJE;        0.00;        0.00
ARF WC LEMON POWER 700mL                ;598086    ;ARF            ;        0.70;L  ;        2.69;        3.84;'3850105175045';SREDSTVA ZA ÈIŠÆENJE;        0.00;        0.00
ARF WC PERIN POWER 700mL                ;598096    ;ARF            ;        0.70;L  ;        2.69;        3.84;'3850105175014';SREDSTVA ZA ÈIŠÆENJE;        0.00;        0.00
DOMESTOS TB CITRUS 1250mL*              ;600697    ;DOMESTOS       ;        1.25;L  ;        4.75;        3.80;'8712561293518';SREDSTVA ZA ÈIŠÆENJE;        0.00;        0.00
DOMESTOS TB PINE 1250mL*                ;600698    ;DOMESTOS       ;        1.25;L  ;        4.75;        3.80;'8712561293082';SREDSTVA ZA ÈIŠÆENJE;        0.00;        0.00
DUCK POWER 100% PROT.KAMENCA 750mL      ;602317    ;DUCK           ;        0.75;L  ;        3.09;        4.12;'5000204545784';SREDSTVA ZA ÈIŠÆENJE;        0.00;        0.00
BREF HYGINE GEL PINE 700mL              ;602439    ;BREF           ;        0.70;L  ;        0.00;        2.56;'9000101501995';SREDSTVA ZA ÈIŠÆENJE;        2.99;        1.79
DUCK ACTION GEL 750mLX2                 ;607599    ;DUCK           ;        1.50;L  ;        4.99;        3.33;'3858889570216';SREDSTVA ZA ÈIŠÆENJE;        0.00;        0.00
ARF DEOBAD 5XDUŽE 650mL                 ;616110    ;ARF            ;        0.65;L  ;        2.79;        4.29;'3850105181190';SREDSTVA ZA ÈIŠÆENJE;        0.00;        0.00
ARF DEOBAD LAV&SMILJE 650mL             ;616111    ;ARF            ;        0.65;L  ;        2.79;        4.29;'3850105181046';SREDSTVA ZA ÈIŠÆENJE;        0.00;        0.00
ARF KUPAONICA PROF.PF 600mL             ;622948    ;ARF            ;        0.60;L  ;        3.29;        5.48;'3850105181374';SREDSTVA ZA ÈIŠÆENJE;        0.00;        0.00
SANITAR ORIGINAL XXL 1250mL             ;627022    ;SANITAR        ;        1.25;L  ;        3.99;        3.19;'3850111505669';SREDSTVA ZA ÈIŠÆENJE;        0.00;        0.00
SMAC KUPAONICA 650mL**                  ;627853    ;SMAC           ;        0.65;L  ;        0.00;        4.29;'8003650022585';SREDSTVA ZA ÈIŠÆENJE;        5.59;        2.79
AJAX 500mL SHOWER POWER SPRAY           ;633159    ;AJAX           ;        0.50;L  ;        3.99;        7.98;'8718951533691';SREDSTVA ZA ÈIŠÆENJE;        0.00;        0.00
AJAX PROMO KUPAONICA 750+500mL**        ;639370    ;AJAX           ;        1.25;L  ;        3.99;        3.19;'3830075440688';SREDSTVA ZA ÈIŠÆENJE;        0.00;        0.00
ZIP WC SANITAR 750mL                    ;666100    ;ZIP            ;        0.75;L  ;        1.49;        1.99;'8606107036618';SREDSTVA ZA ÈIŠÆENJE;        0.00;        0.00
DOMESTOS FLORAL GEL 700mL               ;666129    ;DOMESTOS       ;        0.70;L  ;        3.99;        5.70;'8720181345920';SREDSTVA ZA ÈIŠÆENJE;        0.00;        0.00
DOMESTOS LIME GEL 700mL                 ;666130    ;DOMESTOS       ;        0.70;L  ;        3.99;        5.70;'8720181345913';SREDSTVA ZA ÈIŠÆENJE;        0.00;        0.00
PINK STUFF KUPAONICA PJENA 750mL        ;666137    ;PINK STUFF     ;        0.75;L  ;        0.00;        3.59;'5060033820117';SREDSTVA ZA ÈIŠÆENJE;        3.49;        2.69
PINK STUFF PJENASTO SRED.ZA WC 300g**   ;666141    ;PINK STUFF     ;        0.30;kg ;        0.00;       11.63;'5060033821664';SREDSTVA ZA ÈIŠÆENJE;        4.95;        3.49
AJAX 500mL POWER MOUSSE SPREJ KUPAONICA ;666159    ;AJAX           ;        0.50;L  ;        3.99;        7.98;'8718951643789';SREDSTVA ZA ÈIŠÆENJE;        0.00;        0.00
DOMESTOS 2X750mL PINE                   ;666310    ;DOMESTOS       ;        1.50;L  ;        6.49;        4.33;'3856027802946';SREDSTVA ZA ÈIŠÆENJE;        0.00;        0.00
BLISTA 50/1 MARAMICE ZA KUPAONICU       ;666405    ;BLISTA         ;       50.00;KOM;        1.49;        0.03;'3859894188182';SREDSTVA ZA ÈIŠÆENJE;        0.00;        0.00
MR PROPER 750mL KUPAONICA               ;666428    ;MR PROPER      ;        0.75;L  ;        2.49;        3.32;'8001841629933';SREDSTVA ZA ÈIŠÆENJE;        0.00;        0.00
BLISTA KUPAONICA STRONG 750mL           ;666435    ;BLISTA         ;        0.75;L  ;        0.00;        2.25;'3859894188045';SREDSTVA ZA ÈIŠÆENJE;        1.99;        1.69
DOMESTOS 435mL FOAM FLORAL FRESH        ;666520    ;DOMESTOS       ;        0.44;L  ;        4.99;       11.47;'8720182796424';SREDSTVA ZA ÈIŠÆENJE;        0.00;        0.00
CILLIT L&R ODSTR.KAMEN.I HRÐE 700mL     ;666526    ;CILLIT         ;        0.70;L  ;        6.99;        9.99;'5999109510945';SREDSTVA ZA ÈIŠÆENJE;        0.00;        0.00
SANITAR 650mL FLASH POWER PLUS          ;666711    ;SANITAR        ;        0.65;L  ;        3.99;        6.14;'3850111505683';SREDSTVA ZA ÈIŠÆENJE;        0.00;        0.00
SANITAR FLASH POWER 750mL               ;666713    ;SANITAR        ;        0.75;L  ;        2.45;        3.27;'3850111505690';SREDSTVA ZA ÈIŠÆENJE;        0.00;        0.00
KH-7 KUPAONICA 500mL                    ;666953    ;KH7            ;        0.50;L  ;        0.00;        4.58;'8420822134158';SREDSTVA ZA ÈIŠÆENJE;        2.99;        2.29
DOMESTOS PINE FRESH 750mL               ;75824     ;DOMESTOS       ;        0.75;L  ;        3.55;        4.73;'5996037079797';SREDSTVA ZA ÈIŠÆENJE;        0.00;        0.00
ERDAL MLIJEKO ZA KOŽU 500mL             ;144946    ;ERDAL          ;        0.50;L  ;        6.37;       12.74;'4009175163479';SREDSTVA ZA ÈIŠÆENJE;        0.00;        0.00
EMSAL SREDSTVO ZA PARKETE 750mL         ;182136    ;EMSAL          ;        0.75;L  ;        4.91;        6.55;'4009175118134';SREDSTVA ZA ÈIŠÆENJE;        0.00;        0.00
ÈISTO POLITURA S PUMPICOM 500mL         ;19622     ;ATLANTIC TRADE d.o.o.;        0.50;L  ;        4.49;        8.98;'3838980101014';SREDSTVA ZA ÈIŠÆENJE;        0.00;        0.00
SUPER JON NAMJEŠTAJ 650mL               ;336593    ;SUPER JON      ;        0.65;L  ;        3.49;        5.37;'3850111503450';SREDSTVA ZA ÈIŠÆENJE;        0.00;        0.00
POLO POLITURA ZA NAMJEŠTAJ 300mL        ;352303    ;INSAKO DOO;        0.30;L  ;        1.86;        6.20;'8692641004053';SREDSTVA ZA ÈIŠÆENJE;        0.00;        0.00
PRONTO SPREJ ZA DRV.POVRŠINE CLASS.300mL;370369    ;PRONTO         ;        0.30;L  ;        5.99;       19.97;'5000204670967';SREDSTVA ZA ÈIŠÆENJE;        0.00;        0.00
PRONTO SPRAY 5U1 VIŠENAMJ.300mL         ;370371    ;PRONTO         ;        0.30;L  ;        5.99;       19.97;'5000204670905';SREDSTVA ZA ÈIŠÆENJE;        0.00;        0.00
BLISTA VL.MARAMICE NAMJEŠTAJ 50/1       ;528108    ;BLISTA         ;       50.00;KOM;        1.49;        0.03;'3859890063476';SREDSTVA ZA ÈIŠÆENJE;        0.00;        0.00
PRONTO SPRAY 5U1 CLASSIC LAV.300mL      ;595411    ;PRONTO         ;        0.30;L  ;        5.99;       19.97;'5000204822830';SREDSTVA ZA ÈIŠÆENJE;        0.00;        0.00
PRONTO ZA ÈIŠÆ.NAMJ.ALOE 500mL          ;609716    ;PRONTO         ;        0.50;L  ;        5.49;       10.98;'5000204238242';SREDSTVA ZA ÈIŠÆENJE;        0.00;        0.00
PRONTO KREMA ZA ÈIŠ.LEGNO VIVO 250mL    ;609717    ;PRONTO         ;        0.25;L  ;        5.49;       21.96;'5000204158373';SREDSTVA ZA ÈIŠÆENJE;        0.00;        0.00
ARF NAMJEŠTAJ PROFF.600mL               ;617009    ;ARF            ;        0.60;L  ;        3.29;        5.48;'3850105181282';SREDSTVA ZA ÈIŠÆENJE;        0.00;        0.00
BLISTA NAMJEŠTAJ 750mL                  ;618197    ;BLISTA         ;        0.75;L  ;        0.00;        2.25;'3859890063865';SREDSTVA ZA ÈIŠÆENJE;        2.25;        1.69
KH-7 ZA DRVO I KOŽU 750mL**             ;627387    ;KH7            ;        0.75;L  ;        0.00;        5.59;'8420822131423';SREDSTVA ZA ÈIŠÆENJE;        4.69;        4.19
KH-7 500mL DRVO I KOŽA                  ;666370    ;KH7            ;        0.50;L  ;        0.00;        5.18;'8420822134165';SREDSTVA ZA ÈIŠÆENJE;        3.49;        2.59
VANISH CARPET ZA TEPIHE 500mL           ;646966    ;VANISH         ;        0.50;L  ;        7.99;       15.98;'8594002688615';SREDSTVA ZA ÈIŠÆENJE;        0.00;        0.00
CEVOSAN EXTRA 1/1                       ;01274     ;CEVOSAN        ;        1.00;L  ;        3.99;        3.99;'3838966200861';SREDSTVA ZA ÈIŠÆENJE;        0.00;        0.00
WC NET ENERGY GEL ZA ODÈEPLJ.1L         ;228917    ;WC NET         ;        1.00;L  ;        0.00;        3.19;'8004050036486';SREDSTVA ZA ÈIŠÆENJE;        5.59;        3.19
VIKING ODŠTOPAVAÈ U GRANULAMA 2X75g     ;373698    ;VIKING         ;        0.15;kg ;        1.99;       13.27;'8692900632010';SREDSTVA ZA ÈIŠÆENJE;        0.00;        0.00
FLUX ZA DEBLOKIRANJE CIJEVI 1L          ;38561     ;FLUX           ;        1.00;L  ;        4.19;        4.19;'3859888110892';SREDSTVA ZA ÈIŠÆENJE;        0.00;        0.00
MR.MUSCOLO VODOINSTALATER GEL**         ;606582    ;CROATIA BATERIJE D.D. ZAGREB;        2.00;L  ;       12.99;        6.50;'3859892295097';SREDSTVA ZA ÈIŠÆENJE;        0.00;        0.00
MR.MUSCLE VODOINSTALATER GEL 1L         ;616669    ;MR.MUSCLE      ;        1.00;L  ;        7.29;        7.29;'5000204275711';SREDSTVA ZA ÈIŠÆENJE;        0.00;        0.00
RONILAC ÈISTAÈ ODVODA 250g              ;618226    ;RONILAC        ;        0.25;kg ;        2.99;       11.96;'5900785530035';SREDSTVA ZA ÈIŠÆENJE;        0.00;        0.00
WC NET ODVODI TURBO 2X1000mL            ;637122    ;WC NET         ;        2.00;L  ;        9.99;        5.00;'3858893904731';SREDSTVA ZA ÈIŠÆENJE;        0.00;        0.00
FLUX ZA DEBLOKIRANJE CIJEVI 1L+1L**     ;666135    ;FLUX           ;        2.00;L  ;        8.29;        4.15;'3850111755507';SREDSTVA ZA ÈIŠÆENJE;        0.00;        0.00
PRENS 1L GEL ZA ODVODE                  ;666418    ;PRENS          ;        1.00;L  ;        2.39;        2.39;'3858894230822';SREDSTVA ZA ÈIŠÆENJE;        0.00;        0.00
MR PROPER 750mL SPREJ ZA DEZINFEKCIJU   ;666427    ;MR PROPER      ;        0.75;L  ;        4.99;        6.65;'8006540297445';SREDSTVA ZA ÈIŠÆENJE;        0.00;        0.00
ARIEL GEL KAPS COLOR 63/1**             ;619077    ;ARIEL          ;       63.00;KOM;       41.99;        0.67;'8001090727541';SREDSTVA ZA ÈIŠÆENJE;        0.00;        0.00
ARIEL GEL KAPSULE MS 63/1**             ;619078    ;ARIEL          ;       63.00;KOM;       41.99;        0.67;'8001090727534';SREDSTVA ZA ÈIŠÆENJE;        0.00;        0.00
WEISSER RIESE KAPS 40WL 480g LOTUS      ;627532    ;WEISSER RIESE  ;       40.00;KOM;       16.99;        0.42;'9000101572872';SREDSTVA ZA ÈIŠÆENJE;        0.00;        0.00
WEISSER RIESE 18KOM 8X216g L&M          ;657348    ;WEISSER RIESE  ;       18.00;KOM;        0.00;        0.33;'4015200036021';SREDSTVA ZA ÈIŠÆENJE;        9.99;        5.99
WEISSER RIESE 18KOM 8X216g O&M          ;657349    ;WEISSER RIESE  ;       18.00;KOM;        0.00;        0.33;'4015200036298';SREDSTVA ZA ÈIŠÆENJE;        9.99;        5.99
PERSIL 60KOM KAPSULE COLOR**            ;660094    ;PERSIL         ;       60.00;KOM;        0.00;        0.28;'9000101804294';SREDSTVA ZA ÈIŠÆENJE;       20.99;       16.99
PERSIL 54KOM DISCS UNIVERZAL            ;660095    ;PERSIL         ;       54.00;KOM;        0.00;        0.31;'9000101801323';SREDSTVA ZA ÈIŠÆENJE;       18.99;       16.99
PERSIL 40KOM DISCS UNIVERSAL            ;666079    ;PERSIL         ;       40.00;KOM;       15.49;        0.39;'9000101801255';SREDSTVA ZA ÈIŠÆENJE;        0.00;        0.00
PERSIL 40KOM DISCS COLOR                ;666080    ;PERSIL         ;       40.00;KOM;       15.49;        0.39;'9000101599497';SREDSTVA ZA ÈIŠÆENJE;        0.00;        0.00
VESH 14KOM WHITE KAPSULE ZA RUBLJE      ;666151    ;VESH           ;       14.00;KOM;        4.79;        0.34;'3870128037267';SREDSTVA ZA ÈIŠÆENJE;        0.00;        0.00
VESH 14KOM COLOR KAPSULE ZA RUBLJE      ;666152    ;VESH           ;       14.00;KOM;        4.79;        0.34;'3870128037328';SREDSTVA ZA ÈIŠÆENJE;        0.00;        0.00
VESH 42KOM KAPSULE ZA RUBLJE            ;666153    ;VESH           ;       42.00;KOM;        0.00;        0.24;'3870128037298';SREDSTVA ZA ÈIŠÆENJE;       13.99;        9.99
PERSIL GIGA EXSTAIN 2X34KOM*            ;666170    ;PERSIL         ;       68.00;KOM;       19.99;        0.29;'9000101824285';SREDSTVA ZA ÈIŠÆENJE;        0.00;        0.00
PERSIL 54KOM DISCS COLOR                ;666192    ;PERSIL         ;       54.00;KOM;        0.00;        0.31;'9000101801293';SREDSTVA ZA ÈIŠÆENJE;       18.99;       16.99
FAKS 14KOM KASULE COLOR                 ;666199    ;FAKS           ;       14.00;KOM;        7.99;        0.57;'3850105187192';SREDSTVA ZA ÈIŠÆENJE;        0.00;        0.00
FAKS 14KOM KAPSULE UNIVERZAL            ;666200    ;FAKS           ;       14.00;KOM;        7.99;        0.57;'3850105187222';SREDSTVA ZA ÈIŠÆENJE;        0.00;        0.00
FAKS 22KOM KAPSULE COLOR                ;666201    ;FAKS           ;       22.00;KOM;       13.49;        0.61;'3850105187253';SREDSTVA ZA ÈIŠÆENJE;        0.00;        0.00
FAKS 22KOM KAPSULE UNIVERZAL            ;666202    ;FAKS           ;       22.00;KOM;       13.49;        0.61;'3850105187284';SREDSTVA ZA ÈIŠÆENJE;        0.00;        0.00
PERWOLL COLOR CAPS 23KOM**              ;666204    ;PERWOLL        ;       23.00;KOM;        0.00;        0.25;'9000101810592';SREDSTVA ZA ÈIŠÆENJE;        7.79;        5.79
WEISSER RIESE 120KOM CAPS 1,44kg*       ;666230    ;WEISSER RIESE  ;      120.00;KOM;        0.00;        0.17;'4015200035994';SREDSTVA ZA ÈIŠÆENJE;       25.99;       19.99
LUDWIK 44KOM WHITE KAPSULE ZA RUBLJE    ;666232    ;LUDWIK         ;       44.00;KOM;       11.99;        0.27;'5900498025774';SREDSTVA ZA ÈIŠÆENJE;        0.00;        0.00
LUDWIK 44KOM COLOR KAPSULE ZA RUBLJE    ;666233    ;LUDWIK         ;       44.00;KOM;       11.99;        0.27;'5900498025712';SREDSTVA ZA ÈIŠÆENJE;        0.00;        0.00
PERSIL 60KOM DISCS COLOR                ;666235    ;PERSIL         ;       60.00;L  ;        0.00;        0.22;'9000101830880';SREDSTVA ZA ÈIŠÆENJE;       29.99;       13.49
BECUTAN 12KOM KAPSULE ZA RUBLJE         ;666258    ;BECUTAN        ;       12.00;KOM;        6.19;        0.52;'5310001274252';SREDSTVA ZA ÈIŠÆENJE;        0.00;        0.00
FAKS 36KOM KAPSULE COLOR                ;666282    ;FAKS           ;       36.00;KOM;       16.99;        0.47;'3850105187314';SREDSTVA ZA ÈIŠÆENJE;        0.00;        0.00
ARIEL 60KOM KAPSULE M.SPRING*           ;666304    ;ARIEL          ;       60.00;KOM;       29.99;        0.50;'8700216765145';SREDSTVA ZA ÈIŠÆENJE;        0.00;        0.00
ARIEL 60KOM KAPSULE COLOR FRESH*        ;666305    ;ARIEL          ;       60.00;KOM;       29.99;        0.50;'8700216765183';SREDSTVA ZA ÈIŠÆENJE;        0.00;        0.00
WEISSER RIESE 80KOM KAPSULE             ;666307    ;WEISSER RIESE  ;       80.00;KOM;       26.99;        0.34;'4015200035987';SREDSTVA ZA ÈIŠÆENJE;        0.00;        0.00
FAKS 3X22KOM KAPSULE*                   ;666312    ;FAKS           ;       66.00;KOM;       14.99;        0.23;'3850105191137';SREDSTVA ZA ÈIŠÆENJE;        0.00;        0.00
PERSIL 60+40KOM KAPSULE COLOR           ;666341    ;PERSIL         ;      100.00;KOM;       34.99;        0.35;'9000101843927';SREDSTVA ZA ÈIŠÆENJE;        0.00;        0.00
ARIEL 30KOM KAPSULE FRESH BREEZE*       ;666348    ;ARIEL          ;       30.00;KOM;        0.00;        0.43;'8700216971256';SREDSTVA ZA ÈIŠÆENJE;       11.49;       12.99
VIO 22KOM KAPSULE ZA SUÐE*              ;666388    ;VIO            ;       22.00;KOM;        0.00;        0.18;'3870128040267';SREDSTVA ZA ÈIŠÆENJE;        5.99;        3.99
FAKS 2X36KOM KAPSULE*                   ;666414    ;FAKS           ;       72.00;KOM;        0.00;        0.25;'3850105191328';SREDSTVA ZA ÈIŠÆENJE;       25.99;       17.99
PERSIL 68KOM KAPSULE COLOR*             ;666425    ;PERSIL         ;       68.00;KOM;       59.99;        0.88;'9000101826746';SREDSTVA ZA ÈIŠÆENJE;        0.00;        0.00
PERSIL 68KOM KAPSULE UNIVERSAL*         ;666426    ;PERSIL         ;       68.00;KOM;       59.99;        0.88;'9000101826715';SREDSTVA ZA ÈIŠÆENJE;        0.00;        0.00
ARIEL 44KOM KAPSULE SPRING              ;666504    ;ARIEL          ;       44.00;KOM;       29.99;        0.68;'8700216764667';SREDSTVA ZA ÈIŠÆENJE;        0.00;        0.00
ARIEL 44KOM KAPSULE COLOR               ;666505    ;ARIEL          ;       44.00;KOM;       29.99;        0.68;'8700216764544';SREDSTVA ZA ÈIŠÆENJE;        0.00;        0.00
ARIEL 26KOM GEL KAPSULE EXTRA HYGIENE   ;666510    ;ARIEL          ;       26.00;KOM;       20.99;        0.81;'8700216765305';SREDSTVA ZA ÈIŠÆENJE;        0.00;        0.00
ARIEL 30KOM GEL KAPSULE M.SPRING        ;666511    ;ARIEL          ;       30.00;KOM;       20.99;        0.70;'8700216765480';SREDSTVA ZA ÈIŠÆENJE;        0.00;        0.00
ARIEL 30KOM GEL KAPSULE COLOR FRESH     ;666512    ;ARIEL          ;       30.00;KOM;       20.99;        0.70;'8700216766173';SREDSTVA ZA ÈIŠÆENJE;        0.00;        0.00
ARIEL 19KOM KAPSULE MOUNTAIN SPRING     ;666513    ;ARIEL          ;       19.00;KOM;       15.99;        0.84;'8700216765657';SREDSTVA ZA ÈIŠÆENJE;        0.00;        0.00
ARIEL 19KOM KAPSULE COLOR FRESH         ;666517    ;ARIEL          ;       19.00;KOM;       14.99;        0.79;'8700216765114';SREDSTVA ZA ÈIŠÆENJE;        0.00;        0.00
PERSIL 2X40KOM KAPSULE*                 ;666521    ;PERSIL         ;       80.00;KOM;       23.99;        0.30;'9000101839227';SREDSTVA ZA ÈIŠÆENJE;        0.00;        0.00
WEISSER RIESE KAPS 40 WL ORCHID         ;666532    ;WEISSER RIESE  ;       40.00;KOM;       16.99;        0.42;'9000101802375';SREDSTVA ZA ÈIŠÆENJE;        0.00;        0.00
DASH 44KOM KAPSULE LAVANDA              ;666594    ;DASH           ;       44.00;KOM;       25.99;        0.59;'8700216792509';SREDSTVA ZA ÈIŠÆENJE;        0.00;        0.00
DASH 30KOM KAPSULE LAVANDA              ;666595    ;DASH           ;       30.00;KOM;       20.99;        0.70;'8700216792639';SREDSTVA ZA ÈIŠÆENJE;        0.00;        0.00
DASH 30KOM KAPSULE AMBER                ;666596    ;DASH           ;       30.00;KOM;       20.99;        0.70;'8700216792172';SREDSTVA ZA ÈIŠÆENJE;        0.00;        0.00
DASH 44KOM KAPSULE AMBER                ;666634    ;DASH           ;       44.00;KOM;       27.99;        0.64;'8700216791861';SREDSTVA ZA ÈIŠÆENJE;        0.00;        0.00
PERWOLL BLACK CAPS 35KOM*               ;666789    ;PERWOLL        ;       35.00;KOM;        0.00;        0.31;'9000101811544';SREDSTVA ZA ÈIŠÆENJE;       11.49;       10.99
PERWOLL COLOR CAPS 35KOM**              ;666790    ;PERWOLL        ;       35.00;KOM;        0.00;        0.31;'9000101811513';SREDSTVA ZA ÈIŠÆENJE;       11.49;       10.99
PERSIL 11KOM DISCS EXPERT STAIN REMOVAL ;666807    ;PERSIL         ;       11.00;KOM;        4.99;        0.45;'9000101802436';SREDSTVA ZA ÈIŠÆENJE;        0.00;        0.00
PERSIL 13KOM DISCS UNIVERSAL            ;666808    ;PERSIL         ;       13.00;KOM;        4.99;        0.38;'9000101800074';SREDSTVA ZA ÈIŠÆENJE;        0.00;        0.00
PERSIL 13KOM DISCS COLOR                ;666809    ;PERSIL         ;       13.00;KOM;        4.99;        0.38;'9000101800012';SREDSTVA ZA ÈIŠÆENJE;        0.00;        0.00
PERSIL 32KOM DISCS COLOR                ;666832    ;PERSIL         ;       32.00;KOM;       21.99;        0.69;'9000101800104';SREDSTVA ZA ÈIŠÆENJE;        0.00;        0.00
JAR 4X46KOM ALLIN1*                     ;666886    ;JAR            ;      184.00;KOM;       39.99;        0.22;'8006540750407';SREDSTVA ZA ÈIŠÆENJE;        0.00;        0.00
JAR 5X28KOM PLATINUM ALLIN1*            ;666887    ;JAR            ;      140.00;KOM;       39.99;        0.29;'8006540750285';SREDSTVA ZA ÈIŠÆENJE;        0.00;        0.00
JAR 114KOM PLATINUM PLUS*               ;666891    ;JAR            ;      114.00;KOM;       39.99;        0.35;'8700216253604';SREDSTVA ZA ÈIŠÆENJE;        0.00;        0.00
ARIEL 80KOM GEL KAPSULE EXTRA HYG**     ;666996    ;ARIEL          ;       80.00;KOM;        0.00;        0.45;'8700216580991';SREDSTVA ZA ÈIŠÆENJE;       33.99;       35.99
ARIEL 100KOM GEL KAPSULE COLOR*         ;667001    ;ARIEL          ;      100.00;KOM;        0.00;        0.35;'8700216764179';SREDSTVA ZA ÈIŠÆENJE;       30.99;       34.99
ARIEL 88KOM GEL KAPSULE HYGIENE*        ;667002    ;ARIEL          ;       88.00;KOM;        0.00;        0.40;'8700216764353';SREDSTVA ZA ÈIŠÆENJE;       30.99;       34.99
WEISSER RIESE CAPS 80KOM                ;667519    ;WEISSER RIESE  ;       80.00;KOM;       26.99;        0.34;'4015200033853';SREDSTVA ZA ÈIŠÆENJE;        0.00;        0.00
PERSIL 22KOM DISCS EXPERT STAIN         ;667803    ;PERSIL         ;       22.00;KOM;        0.00;        0.45;'9000101801385';SREDSTVA ZA ÈIŠÆENJE;       17.99;        9.99
PERSIL 26KOM DISCS UNIVERSAL            ;667804    ;PERSIL         ;       26.00;KOM;        0.00;        0.38;'9000101599466';SREDSTVA ZA ÈIŠÆENJE;       17.99;        9.99
PERSIL 26KOM DISCS COLOR                ;667805    ;PERSIL         ;       26.00;KOM;        0.00;        0.38;'9000101800043';SREDSTVA ZA ÈIŠÆENJE;       17.99;        9.99
WILKINSON JEDNOKTR.DUPLO 5, 2OŠTRICE    ;08940     ;WILKINSON      ;        5.00;KOM;        2.75;        0.55;'40278063';KOZMETIKA;        0.00;        0.00
WILKINSON BRITVICE BLISTER 5/1 KLAS.*   ;106467    ;WILKINSON      ;        5.00;KOM;        1.69;        0.34;'4027800011209';KOZMETIKA;        0.00;        0.00
GILLETTE BRITVICE JEDN.5KOM             ;133284    ;GILLETTE       ;        5.00;KOM;        3.71;        0.74;'3014260287030';KOZMETIKA;        0.00;        0.00
WILKINSON APARAT CLASSIC+5 BRIT.  +     ;16533     ;WILKINSON      ;        1.00;KOM;        6.15;        6.15;'4027800015504';KOZMETIKA;        0.00;        0.00
GILLETTE PATRONE FUSION 4KOM            ;213765    ;GILLETTE       ;        4.00;KOM;       26.54;        6.64;'7702018866984';KOZMETIKA;        0.00;        0.00
WILKINSON BRITVICE DUPLO BEAUTY 5/1     ;218490    ;WILKINSON      ;        5.00;KOM;        2.89;        0.58;'4027800518838';KOZMETIKA;        0.00;        0.00
GILLETTE BRITVICE JED.II 5 LUBRASTRIP5/1;219049    ;GILLETTE       ;        5.00;KOM;        5.57;        1.11;'7702018849031';KOZMETIKA;        0.00;        0.00
WILKINSON EXTRA 3 SENSITIVE W8  +       ;246256    ;WILKINSON      ;        1.00;KOM;        1.35;        1.35;'4027800704224';KOZMETIKA;        0.00;        0.00
GILLETTE PLATINUM D/E BRIT.HBDC 5/1     ;297992    ;GILLETTE       ;        5.00;KOM;        2.25;        0.45;'3014260596989';KOZMETIKA;        0.00;        0.00
GILLETTE BRITVICA JED.VENUS SIMPLY 2    ;314305    ;GILLETTE       ;        1.00;KOM;        1.59;        1.59;'7702018024667';KOZMETIKA;        0.00;        0.00
GILLETTE BRITVICA JED.SIMPLY VENUS 4+2  ;347899    ;GILLETTE       ;        6.00;KOM;        6.37;        1.06;'7702018069316';KOZMETIKA;        0.00;        0.00
GILLETTE PATRONE PROGLIDE 4/1           ;357394    ;GILLETTE       ;        4.00;KOM;       30.52;        7.63;'7702018085514';KOZMETIKA;        0.00;        0.00
GILLETTE BRITVICA JED.BLUE II+ 5KOM     ;359035    ;GILLETTE       ;        5.00;KOM;        5.84;        1.17;'3014260283254';KOZMETIKA;        0.00;        0.00
INDOR BRITVICE JEDN.ŽENSKE 5/1          ;421165    ;INDOR          ;        5.00;KOM;        1.46;        0.29;'3858885845677';KOZMETIKA;        0.00;        0.00
INDOR BRITVICE JEDN.MUŠKE 5/1           ;421166    ;INDOR          ;        5.00;KOM;        1.46;        0.29;'3858885845622';KOZMETIKA;        0.00;        0.00
WILKINSON 2 SENSITIVE 1/1 NA KARTONU    ;42177     ;WILKINSON      ;        1.00;KOM;        1.05;        1.05;'4027800019762';KOZMETIKA;        0.00;        0.00
WILKINSON EXTREME3 SENSIITVE 4/1        ;435428    ;WILKINSON      ;        4.00;KOM;        5.70;        1.43;'4027800710409';KOZMETIKA;        0.00;        0.00
WILKINSON XTREME3 SENSITIVE 1/1         ;512317    ;WILKINSON      ;        0.00;   ;        1.99;        0.00;'4027800110414';KOZMETIKA;        0.00;        0.00
GILLETTE BRITVICE JED.BLUE3 COOL 3/1    ;561944    ;GILLETTE       ;        3.00;KOM;        6.63;        2.21;'7702018457229';KOZMETIKA;        0.00;        0.00
GILLETTE BRITVICE JED.BLUE3 3/1         ;568139    ;GILLETTE       ;        3.00;KOM;        6.63;        2.21;'7702018489619';KOZMETIKA;        0.00;        0.00
GILLETTE BRITVICE JED.BLUE3 6+2         ;568290    ;GILLETTE       ;        8.00;KOM;       11.99;        1.50;'7702018489978';KOZMETIKA;        0.00;        0.00
GILLETTE BRITVICE JED.BLUE3 SENS 3/1    ;571445    ;GILLETTE       ;        3.00;KOM;        6.63;        2.21;'7702018490080';KOZMETIKA;        0.00;        0.00
GILLETTE BRITVICE JED.BLUE3 COOL 6+2    ;571793    ;GILLETTE       ;        8.00;KOM;       11.99;        1.50;'7702018457342';KOZMETIKA;        0.00;        0.00
WILKINSON XTREME 3 ULTIMATEPLUS 3+1     ;573040    ;WILKINSON      ;        4.00;KOM;        6.19;        1.55;'4027800874064';KOZMETIKA;        0.00;        0.00
GILLETTE BRITVICE JED.SIMLPY VENUS3 6KOM;576120    ;GILLETTE       ;        6.00;KOM;        8.63;        1.44;'7702018426232';KOZMETIKA;        0.00;        0.00
GILLETTE BRITVICE JED.BLUE II+ 10+4KOM  ;576652    ;GILLETTE       ;       14.00;KOM;       11.55;        0.83;'7702018466979';KOZMETIKA;        0.00;        0.00
GILLETTE BRITVICE JED.BLUE3 UCL 3/1     ;582252    ;GILLETTE       ;        3.00;KOM;        6.63;        2.21;'7702018531813';KOZMETIKA;        0.00;        0.00
GILLETTE BRITVICE JED.BLUE3 6+2 UCL     ;582538    ;GILLETTE       ;        8.00;KOM;       11.99;        1.50;'7702018531783';KOZMETIKA;        0.00;        0.00
INDOR BRIJAÈ GREEN WL-234L 5/1          ;588736    ;INDOR          ;        5.00;KOM;        1.19;        0.24;'3858885845684';KOZMETIKA;        0.00;        0.00
GILLETTE MACH3 PATRONE 5KOM             ;604557    ;GILLETTE       ;        5.00;KOM;       22.56;        4.51;'7702018552313';KOZMETIKA;        0.00;        0.00
WILKINSON EXTRA 3 ESS.SENS 3/1 BRIJAÈI  ;617066    ;WILKINSON      ;        3.00;KOM;        3.40;        1.13;'4027800105502';KOZMETIKA;        0.00;        0.00
WILKINSON EXTRA2 SENS.BRIJAÈI 5+2 VREÆIC;622497    ;WILKINSON      ;        7.00;KOM;        4.15;        0.59;'4027800348206';KOZMETIKA;        0.00;        0.00
GILLETTE BRITVICA JED.BLUE 3 1KOM       ;628539    ;GILLETTE       ;        1.00;KOM;        2.52;        2.52;'8006540745298';KOZMETIKA;        0.00;        0.00
WILKINSON MY INTUIT.BRIJAÈI 12/1        ;634425    ;WILKINSON      ;        0.00;   ;        1.99;        0.00;'4027800319107';KOZMETIKA;        0.00;        0.00
WILKINSON XTREME3 MY INTUITION COMF.3+1 ;635796    ;WILKINSON      ;        0.00;   ;        5.55;        0.00;'4027800318308';KOZMETIKA;        0.00;        0.00
WILKINSON EXTRA3 ESS.MY INT.BRITVICE 3/1;635831    ;WILKINSON      ;        4.00;KOM;        3.40;        0.85;'4027800320202';KOZMETIKA;        0.00;        0.00
WILKINSON BRIJAÈI U VREÆICI 5/1         ;636726    ;WILKINSON      ;        5.00;KOM;        1.79;        0.36;'4027800080137';KOZMETIKA;        0.00;        0.00
BIC BRITVICE M ACTION 3 4+2KOM          ;646584    ;BIC            ;        6.00;KOM;        0.00;        0.44;'3086123399327';KOZMETIKA;        4.39;        2.63
BIC BRITVICE M FLEX3 3+1KOM             ;646585    ;BIC            ;        4.00;KOM;        0.00;        0.75;'3086123399389';KOZMETIKA;        4.99;        2.99
BIC BRITVICE W TWIN LADY 5+1KOM         ;646586    ;BIC            ;        6.00;KOM;        0.00;        0.35;'3086126608969';KOZMETIKA;        3.49;        2.09
BIC BRITVICE W MISS SOLEIL 3+1KOM       ;646587    ;BIC            ;        4.00;KOM;        0.00;        0.75;'3086123399457';KOZMETIKA;        4.99;        2.99
EDGEMAX JEDN.BRITVICA MEN 3 OŠTRICE 1/1 ;649042    ;EDGEMAX        ;        1.00;KOM;        0.00;        0.29;'6976876400029';KOZMETIKA;        0.59;        0.29
WILKINSON MY INTUITION EX3 12/1         ;652430    ;WILKINSON      ;        1.00;KOM;        1.29;        1.29;'4027800232000';KOZMETIKA;        0.00;        0.00
WILKINSON BRITVICE BLISTER 5/1 KLAS.    ;657634    ;WILKINSON      ;        5.00;KOM;        1.69;        0.34;'4027800095933';KOZMETIKA;        0.00;        0.00
GILLETTE BRITVICE VENUS3 COL 3+1        ;657925    ;GILLETTE       ;        4.00;KOM;        4.99;        1.25;'8700216506991';KOZMETIKA;        0.00;        0.00
GILLETTE BRITVICA JED.BLUE II PLUS 1/1  ;69251     ;GILLETTE       ;        1.00;KOM;        1.46;        1.46;'3014260265885';KOZMETIKA;        0.00;        0.00
WILKINSON XTREME 3 ULTIMATE PLUS BRIJAÈ ;698643    ;WILKINSON      ;        0.00;   ;        1.99;        0.00;'4027800974009';KOZMETIKA;        0.00;        0.00
VREÆICA SREDNJA JEDNOBOJNA MAT          ;266728    ;EUROCOM d.o.o. ZAGREB;        0.00;   ;        0.69;        0.00;'3831025888086';PROIZVODI ZA KUÆANSTVO;        0.00;        0.00
VREÆICA VELIKA JEDNOBOJNA MAT ZLATNA    ;296553    ;EUROCOM d.o.o. ZAGREB;        0.00;   ;        0.99;        0.00;'3831105712379';PROIZVODI ZA KUÆANSTVO;        0.00;        0.00
DEKORACIJE ZA SOBU POA-1000             ;326016    ;TMM DOO;        0.00;   ;        3.45;        0.00;'721129046853';PROIZVODI ZA KUÆANSTVO;        0.00;        0.00
VREÆICA HOT STAMP SREDNJA BOŽIÆ 17X22   ;503852    ;DELFIN d.o.o.;        0.00;   ;        1.29;        0.00;'3858887182503';PROIZVODI ZA KUÆANSTVO;        0.00;        0.00
ALBUM ŽIVOTINJSKO CARSTVO 2016          ;506148    ;KRAŠ d.d.;        1.00;KOM;        2.29;        2.29;'3850102508440';PROIZVODI ZA KUÆANSTVO;        0.00;        0.00
VREÆICA SREDNJA MAT ZLATNA 05042-EC     ;529810    ;EUROCOM d.o.o. ZAGREB;        1.00;KOM;        0.69;        0.69;'3831119400446';PROIZVODI ZA KUÆANSTVO;        0.00;        0.00
VREÆICA GLITER VELIKA                   ;547483    ;DELFIN d.o.o.;        0.00;   ;        1.79;        0.00;'3858887182527';PROIZVODI ZA KUÆANSTVO;        0.00;        0.00
PAPIRNATA VREÆICA FLAT 3244             ;581644    ;RAK D.O.O.;        0.00;   ;        0.26;        0.00;'3859888452688';PROIZVODI ZA KUÆANSTVO;        0.00;        0.00
DEKORACIJA ZA PROZOR STI-1000           ;654393    ;TMM DOO;        0.00;   ;        2.49;        0.00;'4711158100226';PROIZVODI ZA KUÆANSTVO;        0.00;        0.00
VREÆICA L NATRON EKSKLUZIV              ;664129    ;EUROCOM d.o.o. ZAGREB;        0.00;   ;        1.09;        0.00;'3831123786604';PROIZVODI ZA KUÆANSTVO;        0.00;        0.00
VREÆICA BOCA VEÆA JEDNOBOJNA MAT ZLATNA ;664313    ;EUROCOM d.o.o. ZAGREB;        0.00;   ;        0.69;        0.00;'3831119400453';PROIZVODI ZA KUÆANSTVO;        0.00;        0.00
DRVENI UGLJEN 2,5kg DIZMAR              ;574639    ;DIZMAR D.O.O.;        2.50;kg ;        3.45;        1.38;'3857500021830';PROIZVODI ZA KUÆANSTVO;        0.00;        0.00
PELET HEBA A1 15kg                      ;601349    ;HEBA D.O.O.;       15.00;kg ;        4.65;        0.31;'3857500108609';PROIZVODI ZA KUÆANSTVO;        0.00;        0.00
BRIKET 10kg                             ;637079    ;TOP KAN DOO;       10.00;kg ;        2.79;        0.28;'3857500058614';PROIZVODI ZA KUÆANSTVO;        0.00;        0.00
BRISAÈ PODA ULOŽAK SPUŽVA               ;04025     ;NIVEX 22 DOO;        0.00;KOM;        3.39;        0.00;'3858881440562';PROIZVODI ZA KUÆANSTVO;        0.00;        0.00
SUPER MOÈO KANTA S CJEDILOM             ;07245     ;AWTINTERNATIONAL D.O.O. ZAGREB;        0.00;KOM;       21.23;        0.00;'4003790105111';PROIZVODI ZA KUÆANSTVO;        0.00;        0.00
METLA EUROPA 8/31                       ;121569    ;NIVEX 22 DOO;        0.00;KOM;        5.99;        0.00;'3858881447547';PROIZVODI ZA KUÆANSTVO;        0.00;        0.00
RIBALICA S RUÈKOM 835030                ;121572    ;NIVEX 22 DOO;        0.00;KOM;        2.79;        0.00;'3858881447233';PROIZVODI ZA KUÆANSTVO;        0.00;        0.00
METLA SIRAK 5X ŠIVANA NIVETA            ;140308    ;NIVEX 22 DOO;        0.00;KOM;        6.99;        0.00;'3858881440586';PROIZVODI ZA KUÆANSTVO;        0.00;        0.00
METLA MALA SIRAK 752070                 ;142023    ;NIVEX 22 DOO;        0.00;KOM;        3.49;        0.00;'3858881440593';PROIZVODI ZA KUÆANSTVO;        0.00;        0.00
METLA SOBNA SA DRŠKOM                   ;147257    ;REKORD TIM d.o.o. ORIOVAC;        0.00;KOM;        6.49;        0.00;'3858882680912';PROIZVODI ZA KUÆANSTVO;        0.00;        0.00
SOBNA METLA BAGATELA 8/15 NIVETA+DRŠKA  ;15085     ;NIVEX 22 DOO;        0.00;KOM;        5.99;        0.00;'3858881444362';PROIZVODI ZA KUÆANSTVO;        0.00;        0.00
MOP OD MIKROVLAKANA                     ;151271    ;REKORD TIM d.o.o. ORIOVAC;        0.00;KOM;       12.50;        0.00;'3858882681155';PROIZVODI ZA KUÆANSTVO;        0.00;        0.00
WC ÈETKA SET REKORD-GLANZ               ;153547    ;REKORD TIM d.o.o. ORIOVAC;        0.00;KOM;        3.85;        0.00;'3858882681841';PROIZVODI ZA KUÆANSTVO;        0.00;        0.00
REKORD KANTA ZA MOP SA SEPARAT.10350    ;155824    ;REKORD TIM d.o.o. ORIOVAC;        0.00;KOM;        7.99;        0.00;'3858882681858';PROIZVODI ZA KUÆANSTVO;        0.00;        0.00
REKORD MOP PAM.ŠAP 120cm 10337          ;155826    ;REKORD TIM d.o.o. ORIOVAC;        0.00;KOM;        5.29;        0.00;'3858882681377';PROIZVODI ZA KUÆANSTVO;        0.00;        0.00
PARTVIŠ COLORI+ŠTAP 120cm               ;158110    ;REKORD TIM d.o.o. ORIOVAC;        0.00;KOM;        4.49;        0.00;'3858882681292';PROIZVODI ZA KUÆANSTVO;        0.00;        0.00
UŽE ZA RUBLJE 20m NIVETA                ;17824     ;NIVEX 22 DOO;        0.00;   ;        4.79;        0.00;'3858881444256';PROIZVODI ZA KUÆANSTVO;        0.00;        0.00
METLA ULIÈNA 8/16                       ;180019    ;NIVEX 22 DOO;        0.00;   ;        6.79;        0.00;'3858881444386';PROIZVODI ZA KUÆANSTVO;        0.00;        0.00
ÈETKA RIBAÈA RUÈNA OŠTRA                ;181718    ;REKORD TIM d.o.o. ORIOVAC;        0.00;   ;        2.39;        0.00;'3858882682596';PROIZVODI ZA KUÆANSTVO;        0.00;        0.00
METLA SOBNA S LOPATICOM                 ;181852    ;REKORD TIM d.o.o. ORIOVAC;        0.00;   ;        5.79;        0.00;'3858882682589';PROIZVODI ZA KUÆANSTVO;        0.00;        0.00
ULOŽAK ZA MOP ULTRA                     ;184019    ;REKORD TIM d.o.o. ORIOVAC;        0.00;   ;        6.39;        0.00;'3858882681162';PROIZVODI ZA KUÆANSTVO;        0.00;        0.00
GARNITURA ART.6/5                       ;18653     ;NIVEX 22 DOO;        0.00;   ;        2.39;        0.00;'3858881440548';PROIZVODI ZA KUÆANSTVO;        0.00;        0.00
RIBALICA S/1 ÈETKA ZA ÈIŠÆENJE          ;18654     ;NIVEX 22 DOO;        0.00;   ;        2.59;        0.00;'3858881440678';PROIZVODI ZA KUÆANSTVO;        0.00;        0.00
ÈETKA RIBAÈA SA ŠTAPOM 120cm            ;199799    ;REKORD TIM d.o.o. ORIOVAC;        0.00;   ;        4.19;        0.00;'3858882680417';PROIZVODI ZA KUÆANSTVO;        0.00;        0.00
ÈISTAÈ PRAŠINE PRAŠKO 02301             ;205879    ;ROX d.o.o. ZAGREB;        0.00;   ;        1.06;        0.00;'3858885023013';PROIZVODI ZA KUÆANSTVO;        0.00;        0.00
LOPATICA ZA SMEÆE S GUMOM               ;223346    ;REKORD TIM d.o.o. ORIOVAC;        0.00;   ;        1.79;        0.00;'3858882681896';PROIZVODI ZA KUÆANSTVO;        0.00;        0.00
MOP PAMUÈNI SOLO 10336                  ;22664     ;REKORD TIM d.o.o. ORIOVAC;        0.00;   ;        3.09;        0.00;'3858882681360';PROIZVODI ZA KUÆANSTVO;        0.00;        0.00
NAVLAKA ZA MOP OD MIKROV.15X45cm        ;251523    ;ROX d.o.o. ZAGREB;        0.00;   ;        1.99;        0.00;'3858885023778';PROIZVODI ZA KUÆANSTVO;        0.00;        0.00
ÈETKA ZA BOCU -DLAKA NIVETA             ;25973     ;NIVEX 22 DOO;        0.00;   ;        2.15;        0.00;'3858881442351';PROIZVODI ZA KUÆANSTVO;        0.00;        0.00
REFIL ZA ÈUDESAN MOP                    ;268580    ;ROX d.o.o. ZAGREB;        0.00;   ;        1.99;        0.00;'3858885023945';PROIZVODI ZA KUÆANSTVO;        0.00;        0.00
ULTRA MAX SET(PERAÈ+KANTA)**            ;337341    ;AWTINTERNATIONAL D.O.O. ZAGREB;        0.00;   ;       29.99;        0.00;'4023103143890';PROIZVODI ZA KUÆANSTVO;        0.00;        0.00
SUPER MOÈO 3 ACTION VELOUR              ;371633    ;AWTINTERNATIONAL D.O.O. ZAGREB;        0.00;   ;       17.25;        0.00;'4023103072206';PROIZVODI ZA KUÆANSTVO;        0.00;        0.00
SUPER MOÈO RESE 3ACTION VELOUR 3D       ;376104    ;AWTINTERNATIONAL D.O.O. ZAGREB;        0.00;   ;       10.62;        0.00;'4023103072213';PROIZVODI ZA KUÆANSTVO;        0.00;        0.00
ÈETKA ZA BOCU PP/L                      ;39886     ;NIVEX 22 DOO;        0.00;   ;        2.49;        0.00;'3858881443822';PROIZVODI ZA KUÆANSTVO;        0.00;        0.00
METLA SOBNA TRENDY S DRŽALOM            ;416267    ;REKORD TIM d.o.o. ORIOVAC;        0.00;   ;        6.99;        0.00;'3858882680233';PROIZVODI ZA KUÆANSTVO;        0.00;        0.00
ÈETKA WC KOMPLET                        ;416360    ;ÈULJAK D.O.O.;        0.00;   ;        1.15;        0.00;'3856007701627';PROIZVODI ZA KUÆANSTVO;        0.00;        0.00
ÈETKA WC SOLO                           ;416361    ;ÈULJAK D.O.O.;        0.00;   ;        0.59;        0.00;'3856007701603';PROIZVODI ZA KUÆANSTVO;        0.00;        0.00
ÈETKA ZA BOCE 1025                      ;416365    ;ÈULJAK D.O.O.;        0.00;   ;        0.00;        0.00;'3856007706431';PROIZVODI ZA KUÆANSTVO;        1.19;        0.89
FILTER UNIVERZALNI ZA NAPU 50X60        ;420029    ;REKORD TIM d.o.o. ORIOVAC;        0.00;   ;        3.05;        0.00;'3859888122802';PROIZVODI ZA KUÆANSTVO;        0.00;        0.00
LOPATICA ZA SMEÆE S ÈETKOM              ;435400    ;BRODPLAST D.O.O.;        0.00;   ;        2.12;        0.00;'3858884352053';PROIZVODI ZA KUÆANSTVO;        0.00;        0.00
METLA SOBNA 3-ACTION S DRŠKOM           ;446102    ;AWTINTERNATIONAL D.O.O. ZAGREB;        1.00;KOM;       15.93;       15.93;'4023103173286';PROIZVODI ZA KUÆANSTVO;        0.00;        0.00
ÈETKA ZA WC 00/1                        ;45382     ;NIVEX 22 DOO;        0.00;   ;        1.59;        0.00;'3858881444492';PROIZVODI ZA KUÆANSTVO;        0.00;        0.00
MOP SET 4 DJ.                           ;506348    ;REKORD TIM d.o.o. ORIOVAC;        0.00;   ;       10.99;        0.00;'3858882682800';PROIZVODI ZA KUÆANSTVO;        0.00;        0.00
LOPATICA ZA SMEÆE S DRŠKOM I ÈETKOM     ;520990    ;BRODPLAST D.O.O.;        0.00;   ;        4.25;        0.00;'3858884354811';PROIZVODI ZA KUÆANSTVO;        0.00;        0.00
METLA SIRKOVA OKOVANA METALNIM POJASOM  ;531155    ;NIVEX 22 DOO;        0.00;   ;        9.99;        0.00;'3856017705004';PROIZVODI ZA KUÆANSTVO;        0.00;        0.00
GARNITURA METLICA I LOPATICA            ;53203     ;NIVEX 22 DOO;        0.00;   ;        3.79;        0.00;'3858881443846';PROIZVODI ZA KUÆANSTVO;        0.00;        0.00
VILEDA MOP EASY WRINGCLEAN TURBO BOX**  ;532880    ;AWTINTERNATIONAL D.O.O. ZAGREB;        0.00;   ;       39.99;        0.00;'4023103194113';PROIZVODI ZA KUÆANSTVO;        0.00;        0.00
KANTA ZA MOP S OCJEÐIVAÈEM ECONOMIC     ;533432    ;REKORD TIM d.o.o. ORIOVAC;        0.00;   ;        4.39;        0.00;'3858882683128';PROIZVODI ZA KUÆANSTVO;        0.00;        0.00
SET ZA ÈIŠÆENJE PODOVA REKORD TWIST MOP ;567966    ;REKORD TIM d.o.o. ORIOVAC;        0.00;   ;       34.99;        0.00;'3858882680059';PROIZVODI ZA KUÆANSTVO;        0.00;        0.00
REKORD TWIST MOP REFIL-ZAMJ.RESE        ;572788    ;REKORD TIM d.o.o. ORIOVAC;        0.00;   ;        4.99;        0.00;'3858882680240';PROIZVODI ZA KUÆANSTVO;        0.00;        0.00
BRISAÈ PODA SA DRŠKOM PEREX             ;576359    ;VM2 d.o.o.ZAGREB;        0.00;   ;       15.99;        0.00;'3872292000443';PROIZVODI ZA KUÆANSTVO;        0.00;        0.00
MOP CLASSIC PEREX                       ;576360    ;VM2 d.o.o.ZAGREB;        0.00;   ;       15.99;        0.00;'3872292000573';PROIZVODI ZA KUÆANSTVO;        0.00;        0.00
MOP KARIRANI                            ;58329     ;REKORD TIM d.o.o. ORIOVAC;        0.00;   ;       11.50;        0.00;'3858882680257';PROIZVODI ZA KUÆANSTVO;        0.00;        0.00
ULOŽAK ZA MOP                           ;58330     ;REKORD TIM d.o.o. ORIOVAC;        0.00;   ;        5.59;        0.00;'3858882680264';PROIZVODI ZA KUÆANSTVO;        0.00;        0.00
ÈETKA ZA OBUÆU LAŠTIL.11                ;58620     ;NIVEX 22 DOO;        0.00;   ;        2.99;        0.00;'3858881442009';PROIZVODI ZA KUÆANSTVO;        0.00;        0.00
RIBALICA  SA RUÈKOM,IMITACIJA DRVETA S/5;587459    ;NIVEX 22 DOO;        0.00;   ;        2.29;        0.00;'3856017705677';PROIZVODI ZA KUÆANSTVO;        0.00;        0.00
SOBNA METLA UNIVERSAL VILEDA            ;598647    ;AWTINTERNATIONAL D.O.O. ZAGREB;        0.00;   ;       13.27;        0.00;'4023103178212';PROIZVODI ZA KUÆANSTVO;        0.00;        0.00
RIBALICA MALA S/2                       ;59923     ;NIVEX 22 DOO;        0.00;   ;        1.99;        0.00;'3858881446496';PROIZVODI ZA KUÆANSTVO;        0.00;        0.00
SOBNA METLA STANDARD+ŠTAP               ;599328    ;ROX d.o.o. ZAGREB;        0.00;   ;        3.58;        0.00;'3858890579505';PROIZVODI ZA KUÆANSTVO;        0.00;        0.00
BRISAÈ PODA MICROFIBRA                  ;602417    ;ÈULJAK D.O.O.;        0.00;   ;        6.89;        0.00;'3856007706356';PROIZVODI ZA KUÆANSTVO;        0.00;        0.00
SOBNA METLA NATURAL S DRŽALOM 8/46      ;604267    ;NIVEX 22 DOO;        0.00;   ;        4.79;        0.00;'3856017705875';PROIZVODI ZA KUÆANSTVO;        0.00;        0.00
RUÈNA METLICA I LOPATICA NATURAL 8/47   ;604268    ;NIVEX 22 DOO;        0.00;   ;        3.49;        0.00;'3856017705783';PROIZVODI ZA KUÆANSTVO;        0.00;        0.00
METLA SOBNA SOLO REKORD                 ;605851    ;REKORD TIM d.o.o. ORIOVAC;        0.00;   ;        3.99;        0.00;'3858882680707';PROIZVODI ZA KUÆANSTVO;        0.00;        0.00
ÈETKA ZA RADIJATOR 71cm                 ;609605    ;OFFERTISSIMA DOO;        0.00;   ;        2.39;        0.00;'8695122001541';PROIZVODI ZA KUÆANSTVO;        0.00;        0.00
VILEDA METLA GARDEN OUTDOR GLAVA        ;612550    ;AWTINTERNATIONAL D.O.O. ZAGREB;        0.00;   ;        9.99;        0.00;'4023103105140';PROIZVODI ZA KUÆANSTVO;        0.00;        0.00
VILEDA GARDE OTUDOOR METALA S DRŠKOM    ;620651    ;AWTINTERNATIONAL D.O.O. ZAGREB;        0.00;   ;       14.60;        0.00;'4023103171640';PROIZVODI ZA KUÆANSTVO;        0.00;        0.00
VILEDA UNIVSERZ.DRŠKA ZA METLE          ;621462    ;AWTINTERNATIONAL D.O.O. ZAGREB;        0.00;   ;        5.29;        0.00;'4023103071209';PROIZVODI ZA KUÆANSTVO;        0.00;        0.00
MOP TRENDY REFIL MIKROVLAKNA            ;625792    ;REKORD TIM d.o.o. ORIOVAC;        0.00;   ;        5.29;        0.00;'3858882685450';PROIZVODI ZA KUÆANSTVO;        0.00;        0.00
ÈETKA S RUÈKOM 22,5 PL ZA ÈIŠÆENJE      ;643600    ;EZERKA OPREMA D.O.O.;        0.00;   ;        2.05;        0.00;'8592381193195';PROIZVODI ZA KUÆANSTVO;        0.00;        0.00
METLICA I LOPATICA SA GUMOM PP+PET+PVC  ;646931    ;ABACO d.o.o. ZAGREB;        0.00;   ;        2.49;        0.00;'3858890524291';PROIZVODI ZA KUÆANSTVO;        0.00;        0.00
SPRAY MOP BRISAÈ PODA REKORD SWIFT SPRAY;647436    ;REKORD TIM d.o.o. ORIOVAC;        0.00;   ;        0.00;        0.00;'3858882682220';PROIZVODI ZA KUÆANSTVO;       29.99;       19.99
REFIL ZAMJENSKA KRPA ZA REKORD SWIFT MOP;647437    ;REKORD TIM d.o.o. ORIOVAC;        0.00;   ;        6.49;        0.00;'3858882682244';PROIZVODI ZA KUÆANSTVO;        0.00;        0.00
BRISAÈ ZA POD KOMPL. SWIFFER**          ;647446    ;ORBICO d.o.o.;        0.00;   ;        0.00;        0.00;'8006540316764';PROIZVODI ZA KUÆANSTVO;       19.99;        9.99
ÈISTAÈ PRAŠINE DUST STAR                ;651574    ;REKORD TIM d.o.o. ORIOVAC;        0.00;   ;        4.99;        0.00;'3858882683852';PROIZVODI ZA KUÆANSTVO;        0.00;        0.00
ROVUS SPIN MOP                          ;653396    ;HOME OF BRANDS D.O.O.;        0.00;   ;       39.99;        0.00;'3858894408511';PROIZVODI ZA KUÆANSTVO;        0.00;        0.00
ROVUS MULTI CLEANER                     ;653397    ;HOME OF BRANDS D.O.O.;        0.00;   ;       27.99;        0.00;'3858894408528';PROIZVODI ZA KUÆANSTVO;        0.00;        0.00
ROVUS ÈISTAÈ PROZORA                    ;653400    ;HOME OF BRANDS D.O.O.;        0.00;   ;        7.99;        0.00;'3858894408559';PROIZVODI ZA KUÆANSTVO;        0.00;        0.00
METALNI ŠTAP 120cm                      ;94962     ;REKORD TIM d.o.o. ORIOVAC;        0.12;m  ;        1.39;       11.58;'3858882685153';PROIZVODI ZA KUÆANSTVO;        0.00;        0.00
DRŠKA PLAST.MET.602/J NAVOJ             ;95399     ;NIVEX 22 DOO;        0.00;   ;        1.49;        0.00;'3858881444874';PROIZVODI ZA KUÆANSTVO;        0.00;        0.00
ÈETKA ZA OBUÆU BLATAR.1PP               ;96469     ;NIVEX 22 DOO;        0.00;   ;        1.99;        0.00;'3858881441989';PROIZVODI ZA KUÆANSTVO;        0.00;        0.00
PEDIGREE 70g RODEO**                    ;110841    ;PEDIGREE       ;        0.07;kg ;        1.19;       17.00;'4008429090110';PROIZVODI ZA KUÆANSTVO;        0.00;        0.00
PEDIGREE 110g DENTASTIX MALI            ;133063    ;PEDIGREE       ;        0.11;kg ;        2.25;       20.45;'5010394984577';PROIZVODI ZA KUÆANSTVO;        0.00;        0.00
PICNIC PILETINA 42g                     ;153510    ;FRISKIES       ;        0.04;kg ;        0.79;       18.81;'4000487223349';PROIZVODI ZA KUÆANSTVO;        0.00;        0.00
FRISKIES T-BONZ 150g                    ;153740    ;FRISKIES       ;        0.15;kg ;        1.99;       13.27;'4000487223332';PROIZVODI ZA KUÆANSTVO;        0.00;        0.00
PEDIGRE 180g DENTASTIX LARGE            ;161798    ;PEDIGREE       ;        0.18;kg ;        2.99;       16.61;'5010394984584';PROIZVODI ZA KUÆANSTVO;        0.00;        0.00
PEDIGREE PAL MARKIES 150g BISKVITI      ;16847     ;PEDIGREE       ;        0.15;kg ;        1.79;       11.93;'9003579302552';PROIZVODI ZA KUÆANSTVO;        0.00;        0.00
PEDIGRE 100g VREÆICA JUN. S PIL.        ;22616     ;PEDIGREE       ;        0.10;kg ;        0.89;        8.90;'5900951017247';PROIZVODI ZA KUÆANSTVO;        0.00;        0.00
PEDIGRE ADULT VREÆICA 4X100g            ;23206     ;PEDIGREE       ;        0.40;kg ;        2.99;        7.48;'5900951021015';PROIZVODI ZA KUÆANSTVO;        0.00;        0.00
PEDIGREE 45g DENTASTIX MALI PAK.3KOM    ;247505    ;PEDIGREE       ;        0.05;kg ;        1.19;       25.32;'5998749106877';PROIZVODI ZA KUÆANSTVO;        0.00;        0.00
PEDIGREE 77g DENTASTIX SREDNJI I VELIKI ;247506    ;PEDIGREE       ;        0.08;kg ;        1.79;       23.25;'5998749104392';PROIZVODI ZA KUÆANSTVO;        0.00;        0.00
CIUFFI ZA PSE 4kg SELECT                ;310304    ;CIUFFI         ;        4.00;kg ;        7.49;        1.87;'8001541105041';PROIZVODI ZA KUÆANSTVO;        0.00;        0.00
CIUFFI ZA PSE 4kg COMPLETE              ;310305    ;CIUFFI         ;        4.00;kg ;        8.99;        2.25;'8001541104044';PROIZVODI ZA KUÆANSTVO;        0.00;        0.00
CIUFFI ZA PSE 10kg SELECT               ;310306    ;CIUFFI         ;       10.00;kg ;       17.49;        1.75;'8001541105102';PROIZVODI ZA KUÆANSTVO;        0.00;        0.00
CIUFFI ZA PSE 10kg ATLETICO             ;310308    ;CIUFFI         ;       10.00;kg ;       20.89;        2.09;'8001541001206';PROIZVODI ZA KUÆANSTVO;        0.00;        0.00
DARLING SP MESO+POVRÆE 500g NEW         ;320417    ;DARLING        ;        0.50;kg ;        1.99;        3.98;'7613032933746';PROIZVODI ZA KUÆANSTVO;        0.00;        0.00
DARLING SP MESO+POVRÆE 3kg NEW          ;320418    ;DARLING        ;        3.00;kg ;        8.99;        3.00;'7613032933760';PROIZVODI ZA KUÆANSTVO;        0.00;        0.00
DARLING SP MESO+POVRÆE 15kg             ;320421    ;DARLING        ;       15.00;kg ;       39.99;        2.67;'7613032933821';PROIZVODI ZA KUÆANSTVO;        0.00;        0.00
PEDIGRE 100g VREÆICA GOVEDINA           ;334374    ;PEDIGREE       ;        0.10;kg ;        0.89;        8.90;'5900951017261';PROIZVODI ZA KUÆANSTVO;        0.00;        0.00
FRISKIES FANTASTIX PAS 175g             ;376434    ;FRISKIES       ;        0.18;kg ;        2.99;       17.09;'7613033444814';PROIZVODI ZA KUÆANSTVO;        0.00;        0.00
FRISKIES BEGGIN STRIPS 120g             ;381145    ;FRISKIES       ;        0.12;kg ;        1.99;       16.58;'7613033445149';PROIZVODI ZA KUÆANSTVO;        0.00;        0.00
PEDIGREE MULTI BISCROCK 200g            ;38947     ;PEDIGREE       ;        0.20;kg ;        1.79;        8.95;'9003579302545';PROIZVODI ZA KUÆANSTVO;        0.00;        0.00
FRISKIES SP BAL.PILE/POV 2.4kg          ;398515    ;FRISKIES       ;        2.40;kg ;        0.00;        2.50;'7613034232168';PROIZVODI ZA KUÆANSTVO;        8.39;        5.99
FRISKIES SP JUNIOR 2,4kg PILETINA       ;404397    ;FRISKIES       ;        2.40;kg ;        0.00;        2.50;'7613034232205';PROIZVODI ZA KUÆANSTVO;        8.99;        5.99
FRISKIES SP ACTIVE 2,4kg                ;411599    ;FRISKIES       ;        2.40;kg ;        0.00;        2.50;'7613034232229';PROIZVODI ZA KUÆANSTVO;        8.39;        5.99
PEDIGREE 270g DENTASTIX VEL.PASMINE 7KOM;419414    ;PEDIGREE       ;        0.27;kg ;        4.29;       15.89;'5998749109113';PROIZVODI ZA KUÆANSTVO;        0.00;        0.00
FRIS.PICNIC VARIETY 126g                ;446964    ;FRISKIES       ;        0.13;kg ;        1.99;       15.79;'7613035219793';PROIZVODI ZA KUÆANSTVO;        0.00;        0.00
PICNIC GOVEDINA 42g                     ;447407    ;FRISKIES       ;        0.04;kg ;        0.79;       18.81;'7613035219816';PROIZVODI ZA KUÆANSTVO;        0.00;        0.00
FRISKIES BALANCE PAS PIL.POV.500g       ;505427    ;FRISKIES       ;        0.50;kg ;        2.19;        4.38;'7613031397006';PROIZVODI ZA KUÆANSTVO;        0.00;        0.00
PEDIGREE 500g MULTI BISCROK             ;508908    ;PEDIGREE       ;        0.50;kg ;        3.99;        7.98;'5998749127322';PROIZVODI ZA KUÆANSTVO;        0.00;        0.00
ADVENTUROS NUGGETS 90g                  ;514403    ;PURINA         ;        0.09;kg ;        2.19;       24.33;'7613035516311';PROIZVODI ZA KUÆANSTVO;        0.00;        0.00
ADVENTUROS  STICK 120g                  ;514404    ;PURINA         ;        0.12;kg ;        2.19;       18.25;'7613035516274';PROIZVODI ZA KUÆANSTVO;        0.00;        0.00
ADVENTUROS STRIPS 90g                   ;514405    ;PURINA         ;        0.09;kg ;        2.19;       24.33;'7613035516298';PROIZVODI ZA KUÆANSTVO;        0.00;        0.00
FRIEND MP MESO 415g                     ;516338    ;FRIEND         ;        0.42;kg ;        0.95;        2.29;'3870547039408';PROIZVODI ZA KUÆANSTVO;        0.00;        0.00
FRIEND MP PILETINA 415g                 ;516339    ;FRIEND         ;        0.42;kg ;        0.95;        2.29;'3870547039415';PROIZVODI ZA KUÆANSTVO;        0.00;        0.00
FRIEND MP JUNIOR 415g                   ;516340    ;FRIEND         ;        0.42;kg ;        0.95;        2.29;'3870547050267';PROIZVODI ZA KUÆANSTVO;        0.00;        0.00
FRIEND MP PILETINA 1240g                ;516444    ;FRIEND         ;        1.24;kg ;        2.49;        2.01;'3870547039453';PROIZVODI ZA KUÆANSTVO;        0.00;        0.00
FRIEND MP MESO 1240g                    ;516445    ;FRIEND         ;        1.24;kg ;        2.49;        2.01;'3870547039446';PROIZVODI ZA KUÆANSTVO;        0.00;        0.00
K-9 DIVLJA PATKA PSI 1240g              ;535122    ;K-9            ;        1.24;kg ;        2.65;        2.14;'8034139713281';PROIZVODI ZA KUÆANSTVO;        0.00;        0.00
K-9 GOVEDINA PSI 1240g                  ;535212    ;K-9            ;        1.24;kg ;        2.65;        2.14;'8034139713267';PROIZVODI ZA KUÆANSTVO;        0.00;        0.00
K-9 GOVEDINA 415g                       ;545066    ;K-9            ;        0.42;kg ;        1.06;        2.55;'8034139713243';PROIZVODI ZA KUÆANSTVO;        0.00;        0.00
K-9 JETRA PSI 1240g                     ;545067    ;K-9            ;        1.24;kg ;        2.65;        2.14;'8034139713298';PROIZVODI ZA KUÆANSTVO;        0.00;        0.00
K-9 PILETINA PSI 1240g                  ;545068    ;K-9            ;        1.24;kg ;        2.65;        2.14;'8034139713274';PROIZVODI ZA KUÆANSTVO;        0.00;        0.00
ARTU HRANA ZA PSE GOVEDINA 300g         ;558788    ;ARTU           ;        0.30;kg ;        1.19;        3.97;'8009470031080';PROIZVODI ZA KUÆANSTVO;        0.00;        0.00
ARTU HRANA ZA PSE PILETINA 300g         ;558823    ;ARTU           ;        0.30;kg ;        1.19;        3.97;'8009470031097';PROIZVODI ZA KUÆANSTVO;        0.00;        0.00
TOMI DOG JANJETINA 400g (GRAIN FREE)    ;559662    ;TOMI           ;        0.40;kg ;        1.55;        3.88;'4003024001998';PROIZVODI ZA KUÆANSTVO;        0.00;        0.00
DOLFI SALAMA ZA PSE GOV.1000g           ;566425    ;DOLFI          ;        1.00;kg ;        2.39;        2.39;'5999062700148';PROIZVODI ZA KUÆANSTVO;        0.00;        0.00
DOLFI SALAMA ZA PSE DIVLJAÈ 1000g       ;566426    ;DOLFI          ;        1.00;kg ;        2.39;        2.39;'5999062700155';PROIZVODI ZA KUÆANSTVO;        0.00;        0.00
DOLFI SALAMA ZA PSE PILET.1000g         ;566427    ;DOLFI          ;        1.00;kg ;        2.39;        2.39;'5999062700131';PROIZVODI ZA KUÆANSTVO;        0.00;        0.00
PEDIGREE DENTASTIX VELIKI 1080g         ;571382    ;PEDIGREE       ;        1.08;kg ;       11.95;       11.06;'5998749110027';PROIZVODI ZA KUÆANSTVO;        0.00;        0.00
DENTALIFE MEDIUM 115g PURINA            ;574605    ;PURINA         ;        0.12;kg ;        2.19;       19.04;'7613035378728';PROIZVODI ZA KUÆANSTVO;        0.00;        0.00
DENTALIFE SMALL 115g PURINA             ;574606    ;PURINA         ;        0.12;kg ;        2.19;       19.04;'7613035378780';PROIZVODI ZA KUÆANSTVO;        0.00;        0.00
PEDIGREE BISCROK 400g                   ;574962    ;PEDIGREE       ;        0.40;kg ;        3.99;        9.98;'5010394986052';PROIZVODI ZA KUÆANSTVO;        0.00;        0.00
VK POSLASTICA BEEF-STICK S GOVED. 1KOM  ;587472    ;VITAKRAFT HOBBY PROGRAM D.O.O.;        1.00;KOM;        0.69;        0.69;'4008239265005';PROIZVODI ZA KUÆANSTVO;        0.00;        0.00
VK POSLASTICA NOSHIES 90g               ;587481    ;VITAKRAFT HOBBY PROGRAM D.O.O.;        0.09;kg ;        2.45;       27.22;'4008239369192';PROIZVODI ZA KUÆANSTVO;        0.00;        0.00
KEKSI ZA PSE HOBBY DOG, SENDVIÈ 500g    ;587859    ;VITAKRAFT HOBBY PROGRAM D.O.O.;        0.50;kg ;        3.71;        7.42;'3838964270248';PROIZVODI ZA KUÆANSTVO;        0.00;        0.00
PEDIGREE SCHMACKOS 86g                  ;605983    ;PEDIGREE       ;        0.09;kg ;        2.19;       25.47;'5010394004435';PROIZVODI ZA KUÆANSTVO;        0.00;        0.00
TOMI DOG 400g 3VRSTE PERADI             ;606914    ;TOMI           ;        0.40;kg ;        1.55;        3.88;'4003024001608';PROIZVODI ZA KUÆANSTVO;        0.00;        0.00
TOMI DOG 400g 5VRSTA MESA               ;606915    ;TOMI           ;        0.40;kg ;        1.55;        3.88;'4003024002025';PROIZVODI ZA KUÆANSTVO;        0.00;        0.00
PESEK 1240g PILETINA HRANA ZA PSE       ;608203    ;PESEK          ;        1.24;kg ;        1.69;        1.36;'5999569660594';PROIZVODI ZA KUÆANSTVO;        0.00;        0.00
PESEK 1240g GOVEDINA HRANA ZA PSE       ;608204    ;PESEK          ;        1.24;kg ;        1.69;        1.36;'5999569660600';PROIZVODI ZA KUÆANSTVO;        0.00;        0.00
PESEK 415g PILETINA HRANA ZA PSE        ;608205    ;PESEK          ;        0.42;kg ;        0.89;        2.14;'5999569660617';PROIZVODI ZA KUÆANSTVO;        0.00;        0.00
PESEK 415g GOVEDINA HRANA ZA PSE        ;608206    ;PESEK          ;        0.42;kg ;        0.89;        2.14;'5999569660624';PROIZVODI ZA KUÆANSTVO;        0.00;        0.00
FINCSI 10kg SP GOVEDINA*                ;609129    ;FINCSI         ;       10.00;kg ;       11.29;        1.13;'5999884350972';PROIZVODI ZA KUÆANSTVO;        0.00;        0.00
CESAR PURETINA/GOVEDINA 150g            ;613284    ;CESAR          ;        0.15;kg ;        1.55;       10.33;'4008429041013';PROIZVODI ZA KUÆANSTVO;        0.00;        0.00
CESAR VR IZBOR U UMAKU 4*100g           ;613287    ;CESAR          ;        0.40;kg ;        3.75;        9.38;'5900951253553';PROIZVODI ZA KUÆANSTVO;        0.00;        0.00
CESAR VR IZBOR U ŽELEU 4*100g           ;613288    ;CESAR          ;        0.40;kg ;        3.75;        9.38;'5900951253577';PROIZVODI ZA KUÆANSTVO;        0.00;        0.00
SUPER PAWER PSI GOVEDINA 1240g          ;614308    ;SUPER PAWER    ;        1.24;kg ;        1.69;        1.36;'3859892918866';PROIZVODI ZA KUÆANSTVO;        0.00;        0.00
SUPER PAWER PSI PERAD 1240g             ;614309    ;SUPER PAWER    ;        1.24;kg ;        1.69;        1.36;'3859892918873';PROIZVODI ZA KUÆANSTVO;        0.00;        0.00
K9 HI ENERGY 2kg                        ;616184    ;K-9            ;        2.00;kg ;       13.29;        6.65;'0677140052024';PROIZVODI ZA KUÆANSTVO;        0.00;        0.00
K9 PUPPY CHICKEN 2kg                    ;616187    ;K-9            ;        2.00;kg ;       13.29;        6.65;'0677140051966';PROIZVODI ZA KUÆANSTVO;        0.00;        0.00
K9 SMALL BREED 2kg                      ;616188    ;K-9            ;        2.00;kg ;        9.99;        5.00;'0677140059740';PROIZVODI ZA KUÆANSTVO;        0.00;        0.00
FRISKIES SP JUNIOR 500g                 ;61698     ;FRISKIES       ;        0.50;kg ;        2.19;        4.38;'5997204513199';PROIZVODI ZA KUÆANSTVO;        0.00;        0.00
FRISKIES MP JUNIOR 4*85g PILETINA       ;617397    ;FRISKIES       ;        0.34;kg ;        2.59;        7.62;'8445290752048';PROIZVODI ZA KUÆANSTVO;        0.00;        0.00
PEDIGREE MINI PERAD/POVRÆE/RIŽA 500g    ;617402    ;PEDIGREE       ;        0.50;kg ;        3.25;        6.50;'5998749143384';PROIZVODI ZA KUÆANSTVO;        0.00;        0.00
SUPER PAWER 10kg GOVEDINA HRANA ZA PSE  ;617836    ;SUPER PAWER    ;       10.00;kg ;       11.29;        1.13;'3858894140374';PROIZVODI ZA KUÆANSTVO;        0.00;        0.00
TOMI DOG GOVEDINA 400g                  ;619386    ;FIBIS D.O.O.;        0.40;kg ;        1.55;        3.88;'4003024001585';PROIZVODI ZA KUÆANSTVO;        0.00;        0.00
PEDIGREE RODEO DUO 123g                 ;626089    ;PEDIGREE       ;        0.12;kg ;        1.79;       14.55;'5998749144299';PROIZVODI ZA KUÆANSTVO;        0.00;        0.00
PEDIGREE MARKIES 500g                   ;632343    ;PEDIGREE       ;        0.50;kg ;        3.89;        7.78;'5010394996587';PROIZVODI ZA KUÆANSTVO;        0.00;        0.00
PEDIGREE MINI PILETINA/POVRÆE 2kg       ;632344    ;PEDIGREE       ;        2.00;kg ;       10.49;        5.25;'5900951272400';PROIZVODI ZA KUÆANSTVO;        0.00;        0.00
CESAR TELETINA/PERAD 150g               ;632855    ;CESAR          ;        0.15;kg ;        1.55;       10.33;'4008429158766';PROIZVODI ZA KUÆANSTVO;        0.00;        0.00
CESAR GOVEDINA/JETRA 150g               ;632856    ;CESAR          ;        0.15;kg ;        1.55;       10.33;'4008429158797';PROIZVODI ZA KUÆANSTVO;        0.00;        0.00
POSLASTICA BOONY BITS 55g               ;633331    ;VITAKRAFT HOBBY PROGRAM D.O.O.;        0.06;kg ;        2.69;       48.91;'4008239340498';PROIZVODI ZA KUÆANSTVO;        0.00;        0.00
POSLASTICA TREATIES BITS JETRA 120g     ;633332    ;VITAKRAFT HOBBY PROGRAM D.O.O.;        0.12;kg ;        2.95;       24.58;'4008239367204';PROIZVODI ZA KUÆANSTVO;        0.00;        0.00
VK ŽVAKALICA BONAS S PILETINOM 80g      ;635358    ;VITAKRAFT HOBBY PROGRAM D.O.O.;        0.08;kg ;        3.05;       38.13;'4008239585813';PROIZVODI ZA KUÆANSTVO;        0.00;        0.00
ONE MP MINI ADULT GOVEDINA 85g          ;636516    ;ONE            ;        0.09;kg ;        0.99;       11.65;'8445290298287';PROIZVODI ZA KUÆANSTVO;        0.00;        0.00
ONE MP ADULT WEIGHT CON. PURETINA 85g   ;636517    ;ONE            ;        0.09;kg ;        0.99;       11.65;'8445290332189';PROIZVODI ZA KUÆANSTVO;        0.00;        0.00
TROPI SP ADULT GOVEDINA 3kg**           ;637632    ;TROPI          ;        3.00;kg ;        5.45;        1.82;'5902944913697';PROIZVODI ZA KUÆANSTVO;        0.00;        0.00
TROPI SP ADULT GOVEDINA 10kg            ;637633    ;TROPI          ;       10.00;kg ;       17.85;        1.79;'5902944913734';PROIZVODI ZA KUÆANSTVO;        0.00;        0.00
ONE MP MINI ADULT PILETINA 85g          ;638352    ;ONE            ;        0.09;kg ;        0.99;       11.65;'8445290298263';PROIZVODI ZA KUÆANSTVO;        0.00;        0.00
HRANA ZA PSE 3kg VOLI VOLI BEEF         ;638484    ;VOLI VOLI      ;        3.00;kg ;        4.75;        1.58;'3859893822506';PROIZVODI ZA KUÆANSTVO;        0.00;        0.00
HRANA ZA PSE 3kg MIX CHICKEN AND BEEF   ;638485    ;VOLI VOLI      ;        3.00;kg ;        5.55;        1.85;'3859893822520';PROIZVODI ZA KUÆANSTVO;        0.00;        0.00
HRANA ZA PSE 13kg MIX CHICKEN AND BEEF  ;638487    ;VOLI VOLI      ;       13.00;kg ;       12.99;        1.00;'3859893822711';PROIZVODI ZA KUÆANSTVO;        0.00;        0.00
CESAR TRAY PILETINA/PURETINA 150g       ;641606    ;CESAR          ;        0.15;kg ;        1.55;       10.33;'4008429061868';PROIZVODI ZA KUÆANSTVO;        0.00;        0.00
PEDIGREE TASTY MINI GOVEDINA 155g       ;642379    ;PEDIGREE       ;        0.16;kg ;        2.19;       14.13;'5998749133767';PROIZVODI ZA KUÆANSTVO;        0.00;        0.00
PEDIGREE TASTY MINI SIR 140g            ;642380    ;PEDIGREE       ;        0.14;kg ;        2.19;       15.64;'5998749145333';PROIZVODI ZA KUÆANSTVO;        0.00;        0.00
PEDIGREE ADULT GOVEDINA POVRÆE 500g     ;643346    ;PEDIGREE       ;        0.50;kg ;        2.99;        5.98;'5900951310706';PROIZVODI ZA KUÆANSTVO;        0.00;        0.00
PEDIGREE ADULT 2,6kg GOV/POVRÆE         ;643347    ;PEDIGREE       ;        2.60;kg ;       12.99;        5.00;'5998749145067';PROIZVODI ZA KUÆANSTVO;        0.00;        0.00
PEDIGREE PERAD/POVRÆE 2kg JUNIOR        ;643349    ;PEDIGREE       ;        2.00;kg ;       10.49;        5.25;'5998749145111';PROIZVODI ZA KUÆANSTVO;        0.00;        0.00
POSLASTICA VK BEEF-STICK S DIVLJAÈI     ;645109    ;VITAKRAFT HOBBY PROGRAM D.O.O.;        1.00;KOM;        0.65;        0.65;'4008239265012';PROIZVODI ZA KUÆANSTVO;        0.00;        0.00
ONE MP MINI ADULT PILETINA 4*85g        ;645128    ;ONE            ;        0.34;kg ;        3.49;       10.26;'8445290299512';PROIZVODI ZA KUÆANSTVO;        0.00;        0.00
ONE SP MINI ADULT PILETINA 800g         ;645129    ;ONE            ;        0.80;kg ;        5.49;        6.86;'7613034146793';PROIZVODI ZA KUÆANSTVO;        0.00;        0.00
ONE MINI SP JUNIOR PILETINA 800g        ;645130    ;ONE            ;        0.80;kg ;        5.49;        6.86;'7613287640079';PROIZVODI ZA KUÆANSTVO;        0.00;        0.00
ONE SP MINI ADULT GOVEDINA 800g         ;645131    ;ONE            ;        0.80;kg ;        5.49;        6.86;'7613034146731';PROIZVODI ZA KUÆANSTVO;        0.00;        0.00
KONY PREMIUM 7kg GOVEDINA I SVINJETINA  ;645183    ;KONY           ;        7.00;kg ;       13.99;        2.00;'3858883739220';PROIZVODI ZA KUÆANSTVO;        0.00;        0.00
KONY PREMIUM SALAMA 1kg GOVEDINA        ;645184    ;KONY           ;        1.00;kg ;        2.09;        2.09;'3858883739152';PROIZVODI ZA KUÆANSTVO;        0.00;        0.00
PEDIGREE PERAD/POVRÆE 2,6kg             ;645936    ;PEDIGREE       ;        2.60;kg ;       12.99;        5.00;'5998749144961';PROIZVODI ZA KUÆANSTVO;        0.00;        0.00
PEDIGREE PERAD/POVRÆE 500g JUNIOR       ;646678    ;PEDIGREE       ;        0.50;kg ;        3.19;        6.38;'5998749146408';PROIZVODI ZA KUÆANSTVO;        0.00;        0.00
FRISKIES MP 85g ADULT GOVEDINA&KRUMPIR  ;646800    ;FRISKIES       ;        0.09;kg ;        0.75;        8.82;'8445290751034';PROIZVODI ZA KUÆANSTVO;        0.00;        0.00
FRISKIES MP 85g ADULT PILETINA&MRKVA    ;646801    ;FRISKIES       ;        0.09;kg ;        0.75;        8.82;'8445290751065';PROIZVODI ZA KUÆANSTVO;        0.00;        0.00
FRISKIES MP 85g JUNIOR PILETINA&MRKVA   ;646802    ;FRISKIES       ;        0.09;kg ;        0.75;        8.82;'8445290751096';PROIZVODI ZA KUÆANSTVO;        0.00;        0.00
FRISKIES MP 4*85g ADULT MULTIPACK MESO  ;646843    ;FRISKIES       ;        0.34;kg ;        2.59;        7.62;'8445290752017';PROIZVODI ZA KUÆANSTVO;        0.00;        0.00
HRANA ZA PSE VOLI VOLI 10kg LOVE BEEF*  ;647713    ;VOLI VOLI      ;       10.00;kg ;       14.99;        1.50;'3859893822513';PROIZVODI ZA KUÆANSTVO;        0.00;        0.00
HRANA ZA PSE 10kg VOLI VOLI MIX         ;647996    ;VOLI VOLI      ;       10.00;kg ;       10.99;        1.10;'3859893822827';PROIZVODI ZA KUÆANSTVO;        0.00;        0.00
RIKI HRANA ZA PSE GOVEDINA 10kg P-18    ;650660    ;RIKI           ;       10.00;kg ;       10.99;        1.10;'3870547075321';PROIZVODI ZA KUÆANSTVO;        0.00;        0.00
SUPER PAWER PSI 415g GOVEDINA           ;651988    ;SUPER PAWER    ;        0.42;kg ;        0.89;        2.14;'3858894141401';PROIZVODI ZA KUÆANSTVO;        0.00;        0.00
SUPER PAWER PSI 415g PERAD              ;651989    ;SUPER PAWER    ;        0.42;kg ;        0.89;        2.12;'3858894141395';PROIZVODI ZA KUÆANSTVO;        0.00;        0.00
PEDIGREE JUNIOR PIL/GOV/RIŽA 4*100      ;652094    ;PEDIGREE       ;        0.40;kg ;        2.99;        7.48;'5900951319617';PROIZVODI ZA KUÆANSTVO;        0.00;        0.00
KOST ZA ŽVAKANJE 2KOM, 125g             ;652359    ;VITAKRAFT HOBBY PROGRAM D.O.O.;        0.13;kg ;        2.95;       23.60;'4008239582713';PROIZVODI ZA KUÆANSTVO;        0.00;        0.00
PEDIGREE PROTEIN+ MIJ.IZBOR 4*85g       ;652445    ;PEDIGREE       ;        0.34;kg ;        2.99;        8.79;'5900951318900';PROIZVODI ZA KUÆANSTVO;        0.00;        0.00
PEDIGREE VREÆICA 4*100g GOV/PERAD       ;652665    ;PEDIGREE       ;        0.40;kg ;        2.99;        7.48;'5900951319679';PROIZVODI ZA KUÆANSTVO;        0.00;        0.00
PEDIGREE VREÆ. 100g PILETINA/POVRÆE     ;652764    ;PEDIGREE       ;        0.10;kg ;        0.89;        8.90;'5900951312946';PROIZVODI ZA KUÆANSTVO;        0.00;        0.00
KONY PREMIUM POSLASTICE ZA PSE 100g     ;654004    ;KONY           ;        0.10;kg ;        1.05;       10.50;'3858883739237';PROIZVODI ZA KUÆANSTVO;        0.00;        0.00
KONY PREMIUM POSLASTICE ZA PSE 100g     ;654005    ;KONY           ;        0.10;kg ;        1.05;       10.50;'3858883739213';PROIZVODI ZA KUÆANSTVO;        0.00;        0.00
PEDIGREE RODEO GOVEDINA 123g            ;655315    ;PEDIGREE       ;        0.12;kg ;        1.79;       14.55;'5998749141007';PROIZVODI ZA KUÆANSTVO;        0.00;        0.00
ADVENTUROS TRAINING LOSOS 115g          ;655838    ;ADVENTUROS     ;        0.12;kg ;        2.89;       25.13;'8445290990785';PROIZVODI ZA KUÆANSTVO;        0.00;        0.00
ADVENTUROS TRAINING SRNETINA 115g       ;655839    ;ADVENTUROS     ;        0.12;kg ;        2.89;       25.13;'8445290990808';PROIZVODI ZA KUÆANSTVO;        0.00;        0.00
SIMBA 1230g GOVEDINA/POVRÆE HRANA ZA PSE;657162    ;INSAKO DOO;        1.23;kg ;        1.69;        1.37;'8009470009188';PROIZVODI ZA KUÆANSTVO;        0.00;        0.00
SIMBA 1230g TELETINA HRANA ZA PSE       ;657164    ;INSAKO DOO;        1.23;kg ;        1.69;        1.37;'8009470009126';PROIZVODI ZA KUÆANSTVO;        0.00;        0.00
DARLING SP PERAD+POVRÆE 500g            ;662990    ;DARLING        ;        0.50;kg ;        1.99;        3.98;'7613034734945';PROIZVODI ZA KUÆANSTVO;        0.00;        0.00
DARLING SP PILETINA+POVRÆE 3kg          ;662991    ;DARLING        ;        3.00;kg ;        8.99;        3.00;'7613034592781';PROIZVODI ZA KUÆANSTVO;        0.00;        0.00
SUPER PAWER DELIBONES 500g              ;663924    ;SUPER PAWER    ;        0.50;kg ;        2.49;        4.98;'3858894141517';PROIZVODI ZA KUÆANSTVO;        0.00;        0.00
SUPER PAWER DENTAL STICK MAXI 240g      ;663925    ;SUPER PAWER    ;        0.24;kg ;        1.75;        7.29;'3858894141555';PROIZVODI ZA KUÆANSTVO;        0.00;        0.00
SUPER PAWER DENTAL STICK MINI 110g      ;663926    ;SUPER PAWER    ;        0.11;kg ;        0.99;        9.00;'3858894141531';PROIZVODI ZA KUÆANSTVO;        0.00;        0.00
SUPER PAWER MARROWBONES 500g            ;663953    ;SUPER PAWER    ;        0.50;kg ;        2.49;        4.98;'3858894141524';PROIZVODI ZA KUÆANSTVO;        0.00;        0.00
SUPER PAWER SOFT SNACKS DUO 150g        ;663954    ;SUPER PAWER    ;        0.15;kg ;        1.49;        9.93;'3858894141616';PROIZVODI ZA KUÆANSTVO;        0.00;        0.00
FRISKIES SP ACTIVE 500g                 ;70960     ;FRISKIES       ;        0.50;kg ;        2.19;        4.38;'7613031395460';PROIZVODI ZA KUÆANSTVO;        0.00;        0.00
FRISKIES SP BALANCE 10kg                ;73775     ;FRISKIES       ;       10.00;kg ;       36.99;        3.70;'7613031395491';PROIZVODI ZA KUÆANSTVO;        0.00;        0.00
FRISKIES SP ACTIVE 10kg                 ;73798     ;FRISKIES       ;       10.00;kg ;       36.99;        3.70;'7613031395484';PROIZVODI ZA KUÆANSTVO;        0.00;        0.00
FOLIJA PRIJANJ.30m ALUPACK              ;107514    ;ALU PACK PLASTIC D.O.O.;       30.00;m  ;        1.19;        0.04;'3856004917304';PROIZVODI ZA KUÆANSTVO;        0.00;        0.00
ALUFOLIJA 10m ALUPACK                   ;115122    ;ALU PACK PLASTIC D.O.O.;       10.00;m  ;        0.00;        0.15;'3856004911104';PROIZVODI ZA KUÆANSTVO;        1.99;        1.49
ALUFOLIJA 20m ALUPACK                   ;115123    ;ALU PACK PLASTIC D.O.O.;       20.00;m  ;        2.99;        0.15;'3856004911203';PROIZVODI ZA KUÆANSTVO;        0.00;        0.00
ALUFOLIJA 30m ALUPACK                   ;115124    ;ALU PACK PLASTIC D.O.O.;       30.00;m  ;        3.49;        0.12;'3856004911302';PROIZVODI ZA KUÆANSTVO;        0.00;        0.00
FOLIJA PRIJANJ.60m ALUPACK              ;115324    ;ALU PACK PLASTIC D.O.O.;       60.00;m  ;        1.99;        0.03;'3856004917601';PROIZVODI ZA KUÆANSTVO;        0.00;        0.00
VREÆICE ZA PEÈENJE 12/1 ANAMIL          ;119597    ;ALU PACK PLASTIC D.O.O.;       12.00;KOM;        2.12;        0.18;'3856004915027';PROIZVODI ZA KUÆANSTVO;        0.00;        0.00
VREÆICE ZA PEÈENJE 8/1 ANAMIL           ;119598    ;ALU PACK PLASTIC D.O.O.;        8.00;KOM;        0.00;        0.25;'3856004915065';PROIZVODI ZA KUÆANSTVO;        2.12;        1.99
ALUFOLIJA 50m ALUPACK                   ;125875    ;ALU PACK PLASTIC D.O.O.;       50.00;m  ;        3.98;        0.08;'3856004911500';PROIZVODI ZA KUÆANSTVO;        0.00;        0.00
PAPIR ZA PEÈENJE 8m ALUPACK             ;306550    ;ALU PACK PLASTIC D.O.O.;        8.00;m  ;        1.86;        0.23;'3856004914082';PROIZVODI ZA KUÆANSTVO;        0.00;        0.00
POKLOPCI ZA ZIMNICU FI82 6/1t           ;318491    ;TOTRAL D.O.O.;        0.00;   ;        1.33;        0.00;'3859888388055';PROIZVODI ZA KUÆANSTVO;        0.00;        0.00
POKLOPCI ZA ZIMNICU FI66 6/1t           ;318499    ;TOTRAL D.O.O.;        1.00;KOM;        1.19;        1.19;'3859888388079';PROIZVODI ZA KUÆANSTVO;        0.00;        0.00
VREÈICE ZA PEÈENJE 8/1 B-PACK 18127**   ;424800    ;ALU PACK PLASTIC D.O.O.;        8.00;KOM;        0.46;        0.06;'3856004918127';PROIZVODI ZA KUÆANSTVO;        0.00;        0.00
POKLOPAC ZA STAKLENKU 82mm-10KOM        ;444721    ;BRODPLAST D.O.O.;        0.00;   ;        0.99;        0.00;'3858884351506';PROIZVODI ZA KUÆANSTVO;        0.00;        0.00
ALU FOLIJA 10m 8038**                   ;508685    ;SPARTA TRGOVINA DOO;       10.00;m  ;        1.99;        0.20;'3859893097317';PROIZVODI ZA KUÆANSTVO;        0.00;        0.00
CELOFAN ZA ZIMNICU SA GUMICAMA          ;515467    ;BRODPLAST D.O.O.;        0.00;   ;        0.66;        0.00;'3858884350165';PROIZVODI ZA KUÆANSTVO;        0.00;        0.00
ROYAL AL.FOLIJA 50m                     ;525662    ;TRGOMIX d.o.o.SPLIT;       50.00;m  ;        5.31;        0.11;'3858888964405';PROIZVODI ZA KUÆANSTVO;        0.00;        0.00
ROYAL AL.FOLIJA 30m                     ;525663    ;TRGOMIX d.o.o.SPLIT;       30.00;m  ;        3.32;        0.11;'3858888964399';PROIZVODI ZA KUÆANSTVO;        0.00;        0.00
ALUFOLIJA 20m ROYAL                     ;535585    ;TRGOMIX d.o.o.SPLIT;       20.00;m  ;        2.12;        0.11;'3858888964382';PROIZVODI ZA KUÆANSTVO;        0.00;        0.00
PRIJANJAJUÆA FOLIJA 30m ROYAL           ;535586    ;TRGOMIX d.o.o.SPLIT;       30.00;m  ;        0.93;        0.03;'3858888964412';PROIZVODI ZA KUÆANSTVO;        0.00;        0.00
PAPIR ZA PEÈENJE 8m 38cm                ;543545    ;TRGOMIX d.o.o.SPLIT;        0.00;   ;        1.19;        0.00;'3858888964443';PROIZVODI ZA KUÆANSTVO;        0.00;        0.00
PAPIR ZA PEÈENJE U ROLI 8m FINO         ;557861    ;FILIR D.O.O.;        8.00;m  ;        2.25;        0.28;'5201314971016';PROIZVODI ZA KUÆANSTVO;        0.00;        0.00
PRIJANJAJUÆA FOLIJA 30m FINO            ;557862    ;FILIR D.O.O.;       30.00;m  ;        2.19;        0.07;'5201314951117';PROIZVODI ZA KUÆANSTVO;        0.00;        0.00
ALUMINIJSKA FOLIJA 10m PLUS             ;564045    ;TRGOMIX d.o.o.SPLIT;        0.00;   ;        1.59;        0.00;'3858888964559';PROIZVODI ZA KUÆANSTVO;        0.00;        0.00
PAPIR ZA PEÈENJE U LISTOVIMA 16/1       ;611881    ;FILIR D.O.O.;        0.00;   ;        2.49;        0.00;'5201314094838';PROIZVODI ZA KUÆANSTVO;        0.00;        0.00
VREÆICE ZA PEÈENJE 5/1 FINO             ;614960    ;FILIR D.O.O.;        5.00;KOM;        1.72;        0.34;'5201314961109';PROIZVODI ZA KUÆANSTVO;        0.00;        0.00
ALUMINIJSKA FOLIJA 10m VORTEX           ;624988    ;FIBIS D.O.O.;       10.00;m  ;        1.29;        0.13;'4823071624151';PROIZVODI ZA KUÆANSTVO;        0.00;        0.00
ALUMINIJSKA FOLIJA 30mX29cm ALUFIX      ;628102    ;FIBIS D.O.O.;       30.00;m  ;        4.49;        0.15;'5949509000072';PROIZVODI ZA KUÆANSTVO;        0.00;        0.00
ALU FOLIJA FINO 10m                     ;634576    ;FILIR D.O.O.;        0.00;   ;        2.59;        0.00;'5900536352046';PROIZVODI ZA KUÆANSTVO;        0.00;        0.00
ALUMINIJSKA FOLIJA 20m FINO             ;634578    ;FILIR D.O.O.;        0.00;   ;        4.69;        0.00;'5900536352053';PROIZVODI ZA KUÆANSTVO;        0.00;        0.00
FINO ALUMINIJSKA FOLIJA 30m             ;638741    ;FILIR D.O.O.;        0.00;   ;        5.99;        0.00;'5900536352060';PROIZVODI ZA KUÆANSTVO;        0.00;        0.00
PAPIR ZA PEÈENJE 8m 38cm ALUFIX**       ;638876    ;FIBIS D.O.O.;        0.00;   ;        0.00;        0.00;'5949509001260';PROIZVODI ZA KUÆANSTVO;        2.79;        2.09
ALU FOLIJA 20m + PAPIR ZA PEÈENJE 20/1  ;640323    ;FIBIS D.O.O.;        0.00;   ;        3.99;        0.00;'5949509002595';PROIZVODI ZA KUÆANSTVO;        0.00;        0.00
PAPIR ZA PEÈENJE U ROLI 10m             ;642961    ;TRGOMIX d.o.o.SPLIT;       10.00;m  ;        1.29;        0.13;'3858888963101';PROIZVODI ZA KUÆANSTVO;        0.00;        0.00
PAPIR ZA PEÈENJE U LISTOVIMA 30/1 XXL   ;643555    ;FILIR D.O.O.;        0.00;   ;        3.29;        0.00;'5201314172550';PROIZVODI ZA KUÆANSTVO;        0.00;        0.00
ALUMINIJSKA FOLIJA 40cmX10m ALUFIX**    ;645870    ;FIBIS D.O.O.;        0.00;   ;        0.00;        0.00;'5949509000119';PROIZVODI ZA KUÆANSTVO;        4.99;        4.19
ALU FOLIJA 10m                          ;651273    ;SPARTA TRGOVINA DOO;        0.00;   ;        0.00;        0.00;'3859888668263';PROIZVODI ZA KUÆANSTVO;        1.89;        1.19
ALU FOLIJA 20m                          ;651274    ;SPARTA TRGOVINA DOO;        0.00;   ;        0.00;        0.00;'3859888668270';PROIZVODI ZA KUÆANSTVO;        2.29;        1.79
ALU FOLIJA 30m                          ;651275    ;SPARTA TRGOVINA DOO;        0.00;   ;        0.00;        0.00;'3859888668287';PROIZVODI ZA KUÆANSTVO;        2.89;        2.29
PRIJANJAJUÆA FOLIJA 30m                 ;651276    ;SPARTA TRGOVINA DOO;        0.00;   ;        0.00;        0.00;'3859888668294';PROIZVODI ZA KUÆANSTVO;        1.15;        0.85
PAPIR ZA PEÈENJE 8m 38cm                ;651277    ;SPARTA TRGOVINA DOO;        0.00;   ;        0.00;        0.00;'3859888668300';PROIZVODI ZA KUÆANSTVO;        1.25;        0.99
VREÆICE ZA DOM.4L RAK 25KOM             ;119157    ;RAK D.O.O.;       25.00;KOM;        0.64;        0.03;'3859888452084';PROIZVODI ZA KUÆANSTVO;        0.00;        0.00
VREÆE ZA SMEÆE 500X600 RAK 20/1 40L     ;119207    ;RAK D.O.O.;       20.00;KOM;        0.76;        0.04;'3859888452404';PROIZVODI ZA KUÆANSTVO;        0.00;        0.00
VREÆICE ZA DOM.1kg 50/1V-PROMET         ;143174    ;V-PROMET d.o.o. ZAGREB;       50.00;KOM;        0.59;        0.01;'3859890792093';PROIZVODI ZA KUÆANSTVO;        0.00;        0.00
VREÆICE ZA DOM.2kg 50/1V-PROMET         ;143175    ;V-PROMET d.o.o. ZAGREB;       50.00;KOM;        0.79;        0.02;'3859890792109';PROIZVODI ZA KUÆANSTVO;        0.00;        0.00
VREÆICE ZA DOM.3kg 50/1V-PROMET         ;143176    ;V-PROMET d.o.o. ZAGREB;       50.00;KOM;        1.09;        0.02;'3859890792116';PROIZVODI ZA KUÆANSTVO;        0.00;        0.00
VREÆICE ZA DOM.4kg 50/1V-PROMET         ;143177    ;V-PROMET d.o.o. ZAGREB;       50.00;KOM;        1.29;        0.03;'3859890792123';PROIZVODI ZA KUÆANSTVO;        0.00;        0.00
VREÆICE ZA DOM.5kg 50/1V-PROMET         ;143178    ;V-PROMET d.o.o. ZAGREB;       50.00;KOM;        1.69;        0.03;'3859890792130';PROIZVODI ZA KUÆANSTVO;        0.00;        0.00
VREÆE ZA SMEÆE 800*1200/10 RAK          ;25556     ;RAK D.O.O.;       10.00;KOM;        2.12;        0.21;'3859888452121';PROIZVODI ZA KUÆANSTVO;        0.00;        0.00
VREÆICE ZA DOM.6L RAK 25/1              ;274821    ;RAK D.O.O.;       25.00;KOM;        0.99;        0.04;'3859888452091';PROIZVODI ZA KUÆANSTVO;        0.00;        0.00
VREÆICE ZA DOM.3L RAK 25/1              ;28939     ;RAK D.O.O.;       25.00;KOM;        0.59;        0.02;'3859888452060';PROIZVODI ZA KUÆANSTVO;        0.00;        0.00
VREÆICE ZA DOM.2L RAK 25KOM             ;28940     ;RAK D.O.O.;       25.00;KOM;        0.39;        0.02;'3859888452022';PROIZVODI ZA KUÆANSTVO;        0.00;        0.00
VREÆICE ZA DOM.5L RAK 25/1              ;29156     ;RAK D.O.O.;       25.00;KOM;        0.79;        0.03;'3859888452015';PROIZVODI ZA KUÆANSTVO;        0.00;        0.00
VREÆICE ZA DOM.1L RAK 25/1              ;29157     ;RAK D.O.O.;       25.00;KOM;        0.34;        0.01;'3859888452053';PROIZVODI ZA KUÆANSTVO;        0.00;        0.00
VREÆE ZA SMEÆE 700X1100 HD 10/1 RAK     ;29771     ;RAK D.O.O.;       10.00;KOM;        1.19;        0.12;'3859888452428';PROIZVODI ZA KUÆANSTVO;        0.00;        0.00
VREÆE ZA SMEÆE 500X1000 RAK             ;29772     ;RAK D.O.O.;        1.00;KOM;        0.80;        0.80;'3859888452411';PROIZVODI ZA KUÆANSTVO;        0.00;        0.00
VREÆE ZA SMEÆE 530*640 15/1 S VEZ(40L)  ;360721    ;RAK D.O.O.;        0.00;   ;        1.19;        0.00;'3859888452268';PROIZVODI ZA KUÆANSTVO;        0.00;        0.00
VREÆICE ZA DOM.8L RAK 15/1              ;403412    ;RAK D.O.O.;       25.00;KOM;        0.79;        0.03;'3859888452497';PROIZVODI ZA KUÆANSTVO;        0.00;        0.00
VREÆE ZA SMEÆE 20/1 50X65 ROLA TRGOMIX  ;406567    ;TRGOMIX d.o.o.SPLIT;        0.00;   ;        0.80;        0.00;'3859890120032';PROIZVODI ZA KUÆANSTVO;        0.00;        0.00
VREÆE ZA SMEÆE 15/1 53X64 VRPCA TRGOMIX ;406568    ;TRGOMIX d.o.o.SPLIT;        0.00;   ;        1.33;        0.00;'3859890120117';PROIZVODI ZA KUÆANSTVO;        0.00;        0.00
VREÆE ZA SMEÆE 10/1 70X110 LD TRGOMIX   ;406572    ;TRGOMIX d.o.o.SPLIT;        0.00;   ;        0.00;        0.00;'3859890120131';PROIZVODI ZA KUÆANSTVO;        1.33;        1.19
VREÆE ZA SMEÆE 60/10 ALP 56*96          ;441466    ;ALU PACK PLASTIC D.O.O.;        0.00;   ;        0.80;        0.00;'3856004912606';PROIZVODI ZA KUÆANSTVO;        0.00;        0.00
VREÆE ZA SMEÆE 700*1100 HD 20/1         ;449440    ;RAK D.O.O.;       20.00;KOM;        1.99;        0.10;'3859888452541';PROIZVODI ZA KUÆANSTVO;        0.00;        0.00
VREÆE ZA SMEÆE 550*650 HD 20/1          ;449441    ;RAK D.O.O.;       20.00;KOM;        0.86;        0.04;'3859888452534';PROIZVODI ZA KUÆANSTVO;        0.00;        0.00
VEÆA TREGER VREÆICA MESNICA RIBARNICA   ;520312    ;RAK D.O.O.;        0.00;   ;        0.02;        0.00;'3859888452107';PROIZVODI ZA KUÆANSTVO;        0.00;        0.00
VREÆE ZA SMEÆE MIRIS VEZICA 55X65       ;534074    ;TRGOMIX d.o.o.SPLIT;        0.00;   ;        1.19;        0.00;'3858888962500';PROIZVODI ZA KUÆANSTVO;        0.00;        0.00
VREÆE ZA SMEÆE 10/1 /80X120             ;545566    ;TRGOMIX d.o.o.SPLIT;        0.00;   ;        2.12;        0.00;'3858888961732';PROIZVODI ZA KUÆANSTVO;        0.00;        0.00
VREÆICE ZA OTPATKE 100X150 5/1 300L     ;556784    ;TRGOMIX d.o.o.SPLIT;        5.00;KOM;        2.99;        0.60;'3859890120148';PROIZVODI ZA KUÆANSTVO;        0.00;        0.00
VREÆICE ZA LED U KOCKICAMA 240/1        ;557864    ;FILIR D.O.O.;      240.00;KOM;        1.09;        0.00;'5201314981022';PROIZVODI ZA KUÆANSTVO;        0.00;        0.00
VREÆE ZA SMEÆE POJAÈANE 120L 10/1 FINO  ;557867    ;FILIR D.O.O.;        0.00;   ;        3.99;        0.00;'5201314932024';PROIZVODI ZA KUÆANSTVO;        0.00;        0.00
VREÆE ZA SMEÆE 60L 20/1                 ;571210    ;FILIR D.O.O.;        0.00;   ;        2.92;        0.00;'5201314931126';PROIZVODI ZA KUÆANSTVO;        0.00;        0.00
VREÆICE 52X60 25/1 TREGER RUÈKA PEHD    ;588233    ;TRGOMIX d.o.o.SPLIT;       25.00;KOM;        1.33;        0.05;'3858888965938';PROIZVODI ZA KUÆANSTVO;        0.00;        0.00
VREÆICE 60X72 15/1 PEHD TREGER RUÈKA    ;588234    ;TRGOMIX d.o.o.SPLIT;       15.00;KOM;        0.00;        0.07;'3858888965952';PROIZVODI ZA KUÆANSTVO;        1.33;        1.09
VREÆE ZA SMEÆE 64X70 15/1 VEZICA PEHD   ;601272    ;TRGOMIX d.o.o.SPLIT;       15.00;KOM;        1.46;        0.10;'3858888965044';PROIZVODI ZA KUÆANSTVO;        0.00;        0.00
VREÆICE ZA ZAMRZIVAÈ 10L 25/1 PELD      ;601273    ;TRGOMIX d.o.o.SPLIT;       25.00;KOM;        1.33;        0.05;'3858888966492';PROIZVODI ZA KUÆANSTVO;        0.00;        0.00
VREÆICA TREGER R65 51MIC                ;613305    ;RAK D.O.O.;        0.00;   ;        0.24;        0.00;'3859888452787';PROIZVODI ZA KUÆANSTVO;        0.00;        0.00
VREÆICE FLEXO RUÈKA LD50 51 MIC         ;613306    ;RAK D.O.O.;        0.00;   ;        0.32;        0.00;'3859888452114';PROIZVODI ZA KUÆANSTVO;        0.00;        0.00
VREÆE ZA SMEÆE LD 90L POWER 10/1        ;627707    ;FILIR D.O.O.;       10.00;KOM;        2.99;        0.30;'5201314932031';PROIZVODI ZA KUÆANSTVO;        0.00;        0.00
VREÆE ZA SMEÆE 64X70cm 60L 15/1 ALUFIX  ;628104    ;FIBIS D.O.O.;       15.00;KOM;        3.09;        0.21;'4823071655087';PROIZVODI ZA KUÆANSTVO;        0.00;        0.00
VREÆE ZA SMEÆE S RUÈKOM ALUFIX 35L      ;635231    ;FIBIS D.O.O.;        0.00;   ;        2.19;        0.00;'4823071655124';PROIZVODI ZA KUÆANSTVO;        0.00;        0.00
VREÆE ZA SMEÆE TITANIUM 35L 15/1        ;642406    ;FILIR D.O.O.;       15.00;KOM;        2.99;        0.20;'5201314154303';PROIZVODI ZA KUÆANSTVO;        0.00;        0.00
VREÆE ZA SMEÆE FLEX 60L 10/1            ;643558    ;FILIR D.O.O.;       10.00;KOM;        2.99;        0.30;'5201314154327';PROIZVODI ZA KUÆANSTVO;        0.00;        0.00
FINO TERMO VREÆICA  13343               ;645929    ;FILIR D.O.O.;        0.00;   ;        2.29;        0.00;'5201314183426';PROIZVODI ZA KUÆANSTVO;        0.00;        0.00
MANJA TREGER VREÆICA U ROLI VOÆE        ;651269    ;TRGOMIX d.o.o.SPLIT;        0.00;   ;        0.01;        0.00;'3858888968397';PROIZVODI ZA KUÆANSTVO;        0.00;        0.00
VEÆA TREGER VREÆICA NA STALKU VOÆE      ;651272    ;RAK D.O.O.;        0.00;   ;        0.02;        0.00;'3859888452800';PROIZVODI ZA KUÆANSTVO;        0.00;        0.00
MANJA TREGER VREÆICA MESNICA RIBARNICA  ;651476    ;TRGOMIX d.o.o.SPLIT;        0.00;   ;        0.01;        0.00;'3858888968458';PROIZVODI ZA KUÆANSTVO;        0.00;        0.00
TORBA ZA KUPOVINU HEDONA KTC            ;654059    ;HEDONA D.O.O.;        0.00;   ;        6.99;        0.00;'3859891201358';PROIZVODI ZA KUÆANSTVO;        0.00;        0.00
VREÆE ZA SMEÆE 1000X1300 LD 5/1         ;656250    ;RAK D.O.O.;        0.00;   ;        2.13;        0.00;'';PROIZVODI ZA KUÆANSTVO;        0.00;        0.00
VREÆE ZA SMEÆE  S RUÈKAMA 10L 50/1 FINO ;658665    ;FILIR D.O.O.;       50.00;KOM;        1.49;        0.03;'5201314198017';PROIZVODI ZA KUÆANSTVO;        0.00;        0.00
DRESSING VREÆICA 35cm                   ;690024    ;EZERKA OPREMA D.O.O.;        0.00;   ;        2.19;        0.00;'8592381084691';PROIZVODI ZA KUÆANSTVO;        0.00;        0.00
DRESING VREÆICE 21X34                   ;690025    ;EZERKA OPREMA D.O.O.;        0.00;   ;        1.86;        0.00;'8592381087890';PROIZVODI ZA KUÆANSTVO;        0.00;        0.00
DRESSING SET 12/1                       ;690026    ;EZERKA OPREMA D.O.O.;        0.00;   ;        1.99;        0.00;'8592381121648';PROIZVODI ZA KUÆANSTVO;        0.00;        0.00
SPUŽ.KRPA VILEDA 3/1                    ;01690     ;AWTINTERNATIONAL D.O.O. ZAGREB;        3.00;KOM;        3.85;        1.28;'3838447000072';PROIZVODI ZA KUÆANSTVO;        0.00;        0.00
POLLY-FLEX SPUŽVA VELIKA                ;01740     ;REKORD TIM d.o.o. ORIOVAC;        0.00;KOM;        0.99;        0.00;'3859888122024';PROIZVODI ZA KUÆANSTVO;        0.00;        0.00
POLLY-FLEX SPUŽVA MALA                  ;01757     ;REKORD TIM d.o.o. ORIOVAC;        0.00;KOM;        0.69;        0.00;'3859888122017';PROIZVODI ZA KUÆANSTVO;        0.00;        0.00
REKORD SPUŽVA 10/1 10113                ;05577     ;REKORD TIM d.o.o. ORIOVAC;       10.00;KOM;        1.39;        0.14;'3859888122062';PROIZVODI ZA KUÆANSTVO;        0.00;        0.00
POLLY-FLEX SPUŽ.KRPA 3/1 10133          ;05931     ;REKORD TIM d.o.o. ORIOVAC;        3.00;KOM;        2.25;        0.75;'3859888122154';PROIZVODI ZA KUÆANSTVO;        0.00;        0.00
POLLY-FLEX SPUŽ.KRPA 2/1 10132          ;05933     ;REKORD TIM d.o.o. ORIOVAC;        2.00;KOM;        1.69;        0.85;'3859888122147';PROIZVODI ZA KUÆANSTVO;        0.00;        0.00
REKORD MAGIC INOX ŽICA 2/1              ;06431     ;REKORD TIM d.o.o. ORIOVAC;        2.00;KOM;        1.59;        0.80;'3859888122512';PROIZVODI ZA KUÆANSTVO;        0.00;        0.00
POLLY-FLEX SPUŽVA 2/1 10103             ;06612     ;REKORD TIM d.o.o. ORIOVAC;        2.00;KOM;        1.29;        0.65;'3859888122031';PROIZVODI ZA KUÆANSTVO;        0.00;        0.00
KRPA ZA POD 80*50 MARINA 10153          ;06677     ;REKORD TIM d.o.o. ORIOVAC;        0.00;KOM;        2.09;        0.00;'3859888122192';PROIZVODI ZA KUÆANSTVO;        0.00;        0.00
BRAVO SPUŽVA S ABRAZIVOM 3/1            ;141603    ;REKORD TIM d.o.o. ORIOVAC;        3.00;KOM;        0.99;        0.33;'3858882681681';PROIZVODI ZA KUÆANSTVO;        0.00;        0.00
SPUŽVASTA KRPA BRAVO 3/1                ;141604    ;REKORD TIM d.o.o. ORIOVAC;        3.00;KOM;        1.29;        0.43;'3858882681698';PROIZVODI ZA KUÆANSTVO;        0.00;        0.00
BRAVO SPUŽVA S ABRAZIVOM 1/1            ;141605    ;REKORD TIM d.o.o. ORIOVAC;        1.00;KOM;        0.35;        0.35;'3858882681667';PROIZVODI ZA KUÆANSTVO;        0.00;        0.00
BRAVO PAMUÈNA KRPA ZA POD 50*60         ;141606    ;REKORD TIM d.o.o. ORIOVAC;        0.00;KOM;        1.29;        0.00;'3858882681704';PROIZVODI ZA KUÆANSTVO;        0.00;        0.00
BRAVO SPUŽVA S ABRAZIVOM 2/1            ;141607    ;REKORD TIM d.o.o. ORIOVAC;        2.00;KOM;        0.69;        0.35;'3858882681674';PROIZVODI ZA KUÆANSTVO;        0.00;        0.00
BRAVO VIŠENAMJENSKA KRPA 5/1            ;141848    ;REKORD TIM d.o.o. ORIOVAC;        5.00;KOM;        1.29;        0.26;'3858882681889';PROIZVODI ZA KUÆANSTVO;        0.00;        0.00
KRPA MIKRO 30*30 3/1                    ;163614    ;ROX d.o.o. ZAGREB;        3.00;KOM;        3.32;        1.11;'3858885021781';PROIZVODI ZA KUÆANSTVO;        0.00;        0.00
BRAVO SPUŽVA SA ABRAZIVOM 6/1           ;197247    ;REKORD TIM d.o.o. ORIOVAC;        6.00;KOM;        1.69;        0.28;'3858882682831';PROIZVODI ZA KUÆANSTVO;        0.00;        0.00
REKORD ÈELIÈNA ŽICA 18g 2/1             ;254192    ;REKORD TIM d.o.o. ORIOVAC;        2.00;KOM;        1.39;        0.70;'3859888122406';PROIZVODI ZA KUÆANSTVO;        0.00;        0.00
SPUŽVA MULTICOLOR SOFT&STRONG 2+1       ;264449    ;REKORD TIM d.o.o. ORIOVAC;        0.00;   ;        1.19;        0.00;'3858882683227';PROIZVODI ZA KUÆANSTVO;        0.00;        0.00
TIP TOP 3/1 ABRAZIV.SPUŽVA              ;274437    ;AWTINTERNATIONAL D.O.O. ZAGREB;        3.00;KOM;        2.52;        0.84;'4003790023996';PROIZVODI ZA KUÆANSTVO;        0.00;        0.00
SPUŽVA MULTICOLOR REKORD 2/1            ;322196    ;REKORD TIM d.o.o. ORIOVAC;        2.00;KOM;        1.25;        0.63;'3858882683456';PROIZVODI ZA KUÆANSTVO;        0.00;        0.00
SPUŽVA ÈISTAÈ KUPAONICE REKORD 1/1      ;322197    ;REKORD TIM d.o.o. ORIOVAC;        1.00;KOM;        1.19;        1.19;'3858882683449';PROIZVODI ZA KUÆANSTVO;        0.00;        0.00
KRPA ZA POD 50*60cm                     ;322632    ;VIKRIDAN D.O.O.;        1.00;KOM;        1.19;        1.19;'4250430811004';PROIZVODI ZA KUÆANSTVO;        0.00;        0.00
MAGIÈNA KRPA ZA POD 50*60cm             ;338282    ;REKORD TIM d.o.o. ORIOVAC;        0.00;   ;        3.45;        0.00;'3858882683814';PROIZVODI ZA KUÆANSTVO;        0.00;        0.00
INOX ŽICA 1/1 BRAVO                     ;359500    ;REKORD TIM d.o.o. ORIOVAC;        1.00;KOM;        0.65;        0.65;'3858882683845';PROIZVODI ZA KUÆANSTVO;        0.00;        0.00
PURACTIVE ZA ISPIRANJE 2/1              ;364333    ;AWTINTERNATIONAL D.O.O. ZAGREB;        2.00;KOM;        3.05;        1.53;'4023103083943';PROIZVODI ZA KUÆANSTVO;        0.00;        0.00
DUOCLEAN KUHINJSKI ÈISTAÈ               ;364460    ;REKORD TIM d.o.o. ORIOVAC;        0.00;   ;        1.49;        0.00;'3858882683883';PROIZVODI ZA KUÆANSTVO;        0.00;        0.00
POLLY-FLEX SPUŽVA ERGOMAX GOLD          ;387989    ;REKORD TIM d.o.o. ORIOVAC;        0.00;   ;        1.19;        0.00;'3858882684026';PROIZVODI ZA KUÆANSTVO;        0.00;        0.00
SPUŽVA STANDARD 1/1                     ;416298    ;ÈULJAK D.O.O.;        0.00;   ;        0.29;        0.00;'3856007701801';PROIZVODI ZA KUÆANSTVO;        0.00;        0.00
SPUŽVA STANDARD 2/1                     ;416299    ;ÈULJAK D.O.O.;        0.00;   ;        0.59;        0.00;'3856007700132';PROIZVODI ZA KUÆANSTVO;        0.00;        0.00
SPUŽVA STANDARD 3/1                     ;416354    ;ÈULJAK D.O.O.;        0.00;   ;        0.89;        0.00;'3856007700149';PROIZVODI ZA KUÆANSTVO;        0.00;        0.00
SPUŽVA KLASIK MINI 10/1                 ;416355    ;ÈULJAK D.O.O.;       10.00;KOM;        0.69;        0.07;'3856007701535';PROIZVODI ZA KUÆANSTVO;        0.00;        0.00
KRPA ZA POD 50X60cm                     ;416358    ;ÈULJAK D.O.O.;        0.00;   ;        0.99;        0.00;'3856007701290';PROIZVODI ZA KUÆANSTVO;        0.00;        0.00
SPUŽVICA GLITZI POWER INOX 2/1          ;416962    ;AWTINTERNATIONAL D.O.O. ZAGREB;        0.00;   ;        3.98;        0.00;'4023103172036';PROIZVODI ZA KUÆANSTVO;        0.00;        0.00
SPUŽVA POLLY FLEX MEDIUM 6/1            ;424020    ;REKORD TIM d.o.o. ORIOVAC;        6.00;KOM;        1.99;        0.33;'3858882683869';PROIZVODI ZA KUÆANSTVO;        0.00;        0.00
INOX JASTUÈIÆI POWERMAX                 ;427320    ;REKORD TIM d.o.o. ORIOVAC;        0.00;   ;        1.59;        0.00;'3858882684170';PROIZVODI ZA KUÆANSTVO;        0.00;        0.00
SPUŽVA ZA SUÐE 10/1                     ;432286    ;VIKRIDAN D.O.O.;       10.00;KOM;        2.39;        0.24;'3859892050856';PROIZVODI ZA KUÆANSTVO;        0.00;        0.00
POLLY-FLEX SPUŽVA MEDIUM 4/1 SOS DJ.SELO;441554    ;REKORD TIM d.o.o. ORIOVAC;        4.00;KOM;        1.79;        0.45;'3858882680523';PROIZVODI ZA KUÆANSTVO;        0.00;        0.00
POLLY-FLEX SPUŽ.KRPA 4/1 SOS DJ.SELO    ;441555    ;REKORD TIM d.o.o. ORIOVAC;        4.00;KOM;        2.79;        0.70;'3858882682732';PROIZVODI ZA KUÆANSTVO;        0.00;        0.00
TRENDY SPUŽVASTA KRPA 3/1               ;513495    ;REKORD TIM d.o.o. ORIOVAC;        3.00;KOM;        2.39;        0.80;'3858882681438';PROIZVODI ZA KUÆANSTVO;        0.00;        0.00
PURACTIVE ÈISTAÈ POSUÐA 2/1 4700017     ;517158    ;AWTINTERNATIONAL D.O.O. ZAGREB;        2.00;KOM;        3.85;        1.93;'4023103070240';PROIZVODI ZA KUÆANSTVO;        0.00;        0.00
MAGIÈNA KRPA 4/1 REKORD                 ;519692    ;REKORD TIM d.o.o. ORIOVAC;        0.00;   ;        4.49;        0.00;'3858882681391';PROIZVODI ZA KUÆANSTVO;        0.00;        0.00
SPUŽVA ZA SUÐE ACTIVE SHINE             ;521048    ;ALU PACK PLASTIC D.O.O.;        0.00;   ;        0.46;        0.00;'3856004940012';PROIZVODI ZA KUÆANSTVO;        0.00;        0.00
SPUŽVA ZA SUÐE 3/1 ACTIVE SHINE         ;521050    ;ALU PACK PLASTIC D.O.O.;        0.00;   ;        1.06;        0.00;'3856004940036';PROIZVODI ZA KUÆANSTVO;        0.00;        0.00
SPUŽVA ZA SUÐE 10/1 MULTICLEAN 10/1     ;521051    ;ALU PACK PLASTIC D.O.O.;       10.00;KOM;        0.00;        0.13;'3856004940050';PROIZVODI ZA KUÆANSTVO;        1.45;        1.29
SPUŽVASTA KRPA 3/1 HYDRA                ;521053    ;ALU PACK PLASTIC D.O.O.;        0.00;   ;        1.33;        0.00;'3856004940524';PROIZVODI ZA KUÆANSTVO;        0.00;        0.00
SPUŽVASTA KRPA 5/1 HYDRA                ;521054    ;ALU PACK PLASTIC D.O.O.;        5.00;KOM;        1.72;        0.34;'3856004940517';PROIZVODI ZA KUÆANSTVO;        0.00;        0.00
KRPA ZA POD COLORS                      ;533830    ;AWTINTERNATIONAL D.O.O. ZAGREB;        0.00;   ;        4.91;        0.00;'4023103196506';PROIZVODI ZA KUÆANSTVO;        0.00;        0.00
ŽICA ÈELIÈNA REKORD 3/1                 ;536690    ;REKORD TIM d.o.o. ORIOVAC;        0.00;   ;        1.59;        0.00;'3858882680752';PROIZVODI ZA KUÆANSTVO;        0.00;        0.00
SPUŽVASTA KRPA 5/1 23105                ;543541    ;AWTINTERNATIONAL D.O.O. ZAGREB;        0.00;   ;        5.31;        0.00;'3838447000133';PROIZVODI ZA KUÆANSTVO;        0.00;        0.00
ABRAZIVNA SPUŽVA GLITZI CRYST 3/1       ;543881    ;AWTINTERNATIONAL D.O.O. ZAGREB;        0.00;   ;        3.71;        0.00;'3838447000331';PROIZVODI ZA KUÆANSTVO;        0.00;        0.00
ABRAZIVNA SPUŽVA GLITZI CRYSTAL 1/1     ;544795    ;AWTINTERNATIONAL D.O.O. ZAGREB;        1.00;KOM;        1.59;        1.59;'3838447000294';PROIZVODI ZA KUÆANSTVO;        0.00;        0.00
SPUŽVASTA KRPA 8+2 23118                ;548570    ;AWTINTERNATIONAL D.O.O. ZAGREB;       10.00;KOM;        9.02;        0.90;'3838447000195';PROIZVODI ZA KUÆANSTVO;        0.00;        0.00
SPUŽVA KUHINJSKA 5+1 FINO               ;557873    ;FILIR D.O.O.;        6.00;KOM;        1.99;        0.33;'5900536279121';PROIZVODI ZA KUÆANSTVO;        0.00;        0.00
ŽICA ZA POSUÐE S DRŠKOM 1/1 FINO        ;557876    ;FILIR D.O.O.;        0.00;   ;        2.39;        0.00;'5201314040675';PROIZVODI ZA KUÆANSTVO;        0.00;        0.00
ŽICA ZA METALNE POVRŠINE 2/1 FINO       ;557879    ;FILIR D.O.O.;        2.00;KOM;        1.59;        0.80;'5201314911173';PROIZVODI ZA KUÆANSTVO;        0.00;        0.00
KRPA ZA DOMAÆINSTVO 3/1 FINO            ;557881    ;FILIR D.O.O.;        3.00;KOM;        1.59;        0.53;'5201314913023';PROIZVODI ZA KUÆANSTVO;        0.00;        0.00
VLAŽNE KRPE 3+1                         ;571211    ;FILIR D.O.O.;        0.00;   ;        3.05;        0.00;'8606013475440';PROIZVODI ZA KUÆANSTVO;        0.00;        0.00
ABRAZ.ANTIBAKT.SPUŽVA ULTRA FRESCH 2/1* ;572952    ;AWTINTERNATIONAL D.O.O. ZAGREB;        0.00;   ;        3.18;        0.00;'4023103200982';PROIZVODI ZA KUÆANSTVO;        0.00;        0.00
SPUŽVASTA KRPA 3/1 PEREX                ;576352    ;VM2 d.o.o.ZAGREB;        3.00;KOM;        1.99;        0.66;'3872292000023';PROIZVODI ZA KUÆANSTVO;        0.00;        0.00
SPUŽVASTA KRPA 5/1 PEREX                ;576353    ;VM2 d.o.o.ZAGREB;        5.00;KOM;        3.45;        0.69;'3872292000030';PROIZVODI ZA KUÆANSTVO;        0.00;        0.00
SPUŽVA SA ABRAZIVOM 1/1 PEREX           ;576354    ;VM2 d.o.o.ZAGREB;        0.00;   ;        0.66;        0.00;'3872292000047';PROIZVODI ZA KUÆANSTVO;        0.00;        0.00
SPUŽVA SA ABRAZIVOM 1/1 RINF PEREX      ;576355    ;VM2 d.o.o.ZAGREB;        0.00;   ;        0.46;        0.00;'3872292000498';PROIZVODI ZA KUÆANSTVO;        0.00;        0.00
SPUŽVA SA ABRAZIVOM 3/1 PEREX           ;576356    ;VM2 d.o.o.ZAGREB;        3.00;KOM;        1.72;        0.57;'3872292000054';PROIZVODI ZA KUÆANSTVO;        0.00;        0.00
MARATON SPUŽVA ZA KUP.I MAS.10121       ;58309     ;REKORD TIM d.o.o. ORIOVAC;        0.00;   ;        1.59;        0.00;'3859888122093';PROIZVODI ZA KUÆANSTVO;        0.00;        0.00
MASER SPUŽVA S VEZICOM                  ;58310     ;REKORD TIM d.o.o. ORIOVAC;        0.00;   ;        1.69;        0.00;'3859888122437';PROIZVODI ZA KUÆANSTVO;        0.00;        0.00
AUTO SPUŽVA JUMBO ZA AUTO               ;58311     ;REKORD TIM d.o.o. ORIOVAC;        0.00;   ;        2.09;        0.00;'3858882680479';PROIZVODI ZA KUÆANSTVO;        0.00;        0.00
REKORD MAGIÈNA KRPA 40X30               ;58322     ;REKORD TIM d.o.o. ORIOVAC;        0.00;   ;        1.69;        0.00;'3858882680615';PROIZVODI ZA KUÆANSTVO;        0.00;        0.00
POLLY-FLEX SPUŽVA 5/1 10149             ;58328     ;REKORD TIM d.o.o. ORIOVAC;        5.00;KOM;        2.19;        0.44;'3858882680349';PROIZVODI ZA KUÆANSTVO;        0.00;        0.00
POLLY-FLEX SPUŽVA 3/1 10104             ;58331     ;REKORD TIM d.o.o. ORIOVAC;        3.00;KOM;        1.89;        0.63;'3859888122314';PROIZVODI ZA KUÆANSTVO;        0.00;        0.00
ÈELIÈNA ŽICA 30g 10229                  ;58491     ;REKORD TIM d.o.o. ORIOVAC;        0.03;kg ;        1.06;       35.33;'3859888122451';PROIZVODI ZA KUÆANSTVO;        0.00;        0.00
REKORD MAXI 5/1                         ;58856     ;REKORD TIM d.o.o. ORIOVAC;        5.00;KOM;        1.49;        0.30;'3858882680035';PROIZVODI ZA KUÆANSTVO;        0.00;        0.00
POLLY-FLEX SPUŽ.KRPA 5/1 10135          ;58857     ;REKORD TIM d.o.o. ORIOVAC;        5.00;KOM;        3.59;        0.72;'3859888122444';PROIZVODI ZA KUÆANSTVO;        0.00;        0.00
INOX ŽICA 2+1g                          ;592400    ;REKORD TIM d.o.o. ORIOVAC;        0.00;   ;        1.19;        0.00;'3858882680165';PROIZVODI ZA KUÆANSTVO;        0.00;        0.00
INOX SPIRALA ZA RIBANJE 2/1 VILEDA      ;601324    ;AWTINTERNATIONAL D.O.O. ZAGREB;        0.00;   ;        3.05;        0.00;'4023103210370';PROIZVODI ZA KUÆANSTVO;        0.00;        0.00
FINO SPUŽVA KUHINJ.PROFILNA PREMIUM 1/1 ;607899    ;FILIR D.O.O.;        0.00;   ;        0.99;        0.00;'8606013476850';PROIZVODI ZA KUÆANSTVO;        0.00;        0.00
KRPA ZA STAKLO 40X40 CRYSTAL PREMIUM    ;610145    ;REKORD TIM d.o.o. ORIOVAC;        0.00;   ;        4.69;        0.00;'3858882683760';PROIZVODI ZA KUÆANSTVO;        0.00;        0.00
SPUŽVA PJENASTA ABRAZIVNA 4/1           ;610813    ;VM2 d.o.o.ZAGREB;        0.00;   ;        1.86;        0.00;'3872292011371';PROIZVODI ZA KUÆANSTVO;        0.00;        0.00
SPUŽVA ZA INOX I TEFLON PEREX           ;611295    ;VM2 d.o.o.ZAGREB;        0.00;   ;        1.19;        0.00;'3872292000085';PROIZVODI ZA KUÆANSTVO;        0.00;        0.00
PEREX ŽICA ZA POSUÐE 1/1                ;613027    ;VM2 d.o.o.ZAGREB;        0.00;   ;        0.93;        0.00;'3872292001860';PROIZVODI ZA KUÆANSTVO;        0.00;        0.00
SPUŽVA ABRAZ. VILEDA GLITZI PLUS 3KOM   ;613071    ;AWTINTERNATIONAL D.O.O. ZAGREB;        3.00;KOM;        3.05;        1.02;'4003790001444';PROIZVODI ZA KUÆANSTVO;        0.00;        0.00
POLLY FLEX SPUŽVASTA KRPA 10/1          ;614237    ;REKORD TIM d.o.o. ORIOVAC;       10.00;KOM;        6.55;        0.66;'3859888122161';PROIZVODI ZA KUÆANSTVO;        0.00;        0.00
SPUŽVA KUHINJSKA PROFILNA PREMIUM 2+1   ;614961    ;FILIR D.O.O.;        3.00;KOM;        1.69;        0.56;'8606013476607';PROIZVODI ZA KUÆANSTVO;        0.00;        0.00
ÈELIÈNA ŽICA XXL GRILL&OUTDOOR          ;615130    ;REKORD TIM d.o.o. ORIOVAC;        0.00;   ;        1.19;        0.00;'3859888122185';PROIZVODI ZA KUÆANSTVO;        0.00;        0.00
ODSTRANJIVAÈ MRLJA 2/1 EXPRESS CLEAN    ;616593    ;REKORD TIM d.o.o. ORIOVAC;        2.00;KOM;        1.59;        0.80;'3859888122208';PROIZVODI ZA KUÆANSTVO;        0.00;        0.00
VILEDA STEAM PARNI ÈISTAÈ REFIL 2/1     ;625374    ;AWTINTERNATIONAL D.O.O. ZAGREB;        0.00;   ;        0.00;        0.00;'4023103181281';PROIZVODI ZA KUÆANSTVO;       21.99;       19.99
VIŠENAMJENSKA KRPA PEREX 3/1            ;640218    ;VM2 d.o.o.ZAGREB;        3.00;KOM;        1.49;        0.50;'3872292000207';PROIZVODI ZA KUÆANSTVO;        0.00;        0.00
VILEDA ABRAZIVNE SPUŽVE RAINBOW 10/1    ;640807    ;AWTINTERNATIONAL D.O.O. ZAGREB;       10.00;KOM;        0.00;        0.22;'4023103242944';PROIZVODI ZA KUÆANSTVO;        3.18;        2.19
SPUŽVA SA ABRAZIVOM PEREX 2/1           ;640897    ;VM2 d.o.o.ZAGREB;        2.00;KOM;        0.99;        0.50;'3872292012927';PROIZVODI ZA KUÆANSTVO;        0.00;        0.00
SPUŽVA PREMIUM 2/1 REKORD               ;649386    ;REKORD TIM d.o.o. ORIOVAC;        0.00;   ;        1.49;        0.00;'3858882684606';PROIZVODI ZA KUÆANSTVO;        0.00;        0.00
SPUŽVICE 6/1 MELAMIN 10*7cm             ;650474    ;EZERKA OPREMA D.O.O.;        0.00;   ;        2.59;        0.00;'8592381201739';PROIZVODI ZA KUÆANSTVO;        0.00;        0.00
ROVUS SPUŽVA 5KOM                       ;653401    ;HOME OF BRANDS D.O.O.;        0.00;   ;        5.99;        0.00;'3856029705146';PROIZVODI ZA KUÆANSTVO;        0.00;        0.00
ROVUS DODATNE KRPICE ZA MULTI CLEANER   ;653402    ;HOME OF BRANDS D.O.O.;        0.00;   ;        7.99;        0.00;'3856029705207';PROIZVODI ZA KUÆANSTVO;        0.00;        0.00
KRPA ZA PRAŠINU I POLIRANJE 30X30cm     ;653435    ;REKORD TIM d.o.o. ORIOVAC;        0.00;   ;        2.89;        0.00;'3858882680158';PROIZVODI ZA KUÆANSTVO;        0.00;        0.00
SPUŽVICE ZA POSUÐE 5/1 MIX              ;659633    ;EZERKA OPREMA D.O.O.;        0.00;   ;        1.29;        0.00;'8592381200671';PROIZVODI ZA KUÆANSTVO;        0.00;        0.00
ÈUDESNA KRPA 35X35 BRAVO                ;67850     ;REKORD TIM d.o.o. ORIOVAC;        0.00;   ;        1.69;        0.00;'3859888122307';PROIZVODI ZA KUÆANSTVO;        0.00;        0.00
REKORD SPUŽVA 3/1 STANDARD              ;71115     ;REKORD TIM d.o.o. ORIOVAC;        3.00;KOM;        0.89;        0.30;'3859888122260';PROIZVODI ZA KUÆANSTVO;        0.00;        0.00
REKORD SPUŽVA ANATOMIC 3/1              ;97060     ;REKORD TIM d.o.o. ORIOVAC;        3.00;KOM;        1.49;        0.50;'3859888122079';PROIZVODI ZA KUÆANSTVO;        0.00;        0.00
AUTO SPUŽVA REKORD                      ;97061     ;REKORD TIM d.o.o. ORIOVAC;        0.00;   ;        1.49;        0.00;'3859888122109';PROIZVODI ZA KUÆANSTVO;        0.00;        0.00
UNIVERZALNA KRPA 50*100 MARINA          ;97066     ;REKORD TIM d.o.o. ORIOVAC;        0.00;   ;        2.39;        0.00;'3858882680226';PROIZVODI ZA KUÆANSTVO;        0.00;        0.00
PAMPERS PREMIUM CARE MIDI 60 S3         ;285992    ;PAMPERS        ;       60.00;KOM;       21.23;        0.35;'4015400274780';TOALETNE POTREPŠTINE;        0.00;        0.00
PAMPERS PREMIUM CARE MAXI 52 S4         ;285993    ;PAMPERS        ;       52.00;KOM;       21.23;        0.41;'4015400278818';TOALETNE POTREPŠTINE;        0.00;        0.00
PAMPERS PREMIUM CARE JUNIOR 44 S5       ;285994    ;PAMPERS        ;       44.00;KOM;       21.23;        0.48;'4015400278870';TOALETNE POTREPŠTINE;        0.00;        0.00
VIOLETA PELENE AIR DRY JUNIOR 5 52/1    ;503322    ;VIOLETA D.O.O.;       52.00;KOM;        0.00;        0.21;'3870128010291';TOALETNE POTREPŠTINE;       15.59;       10.99
VIOLETA PELENE AIR DRY MAXI 4 60/1 JUMBO;503323    ;VIOLETA D.O.O.;       60.00;KOM;        0.00;        0.18;'3870128010253';TOALETNE POTREPŠTINE;       15.93;       10.99
VIOLETA PELENE AIR DRY JUNIOR +6 48/1   ;503486    ;VIOLETA D.O.O.;       48.00;KOM;        0.00;        0.23;'3870128010314';TOALETNE POTREPŠTINE;       14.39;       10.99
VIOLETA PELENE AIR DRY MIDI 3 66/1      ;503688    ;VIOLETA D.O.O.;       66.00;KOM;        0.00;        0.17;'3870128010222';TOALETNE POTREPŠTINE;       15.93;       10.99
VIOLETA PELENE AIR DRY MAXI PLUS 56/1   ;504379    ;VIOLETA D.O.O.;       56.00;KOM;        0.00;        0.20;'3870128010277';TOALETNE POTREPŠTINE;       15.93;       10.99
PAMPERS AB MAXI PACK S3 6-10kg 70KOM    ;562376    ;PAMPERS        ;       70.00;KOM;       20.99;        0.30;'8001090948656';TOALETNE POTREPŠTINE;        0.00;        0.00
PAMPERS AB MAXI PACK S4 9-14kg 62KOM    ;563619    ;PAMPERS        ;       62.00;KOM;       18.60;        0.30;'8001090948731';TOALETNE POTREPŠTINE;        0.00;        0.00
PAMPERS PELENE MEGA PACK S3 152KOM      ;568874    ;PAMPERS        ;      152.00;KOM;        0.00;        0.17;'8001090951533';TOALETNE POTREPŠTINE;       30.53;       25.99
PAMPERS PELENE PREMIUM S2 68KOM VP      ;570915    ;PAMPERS        ;       68.00;KOM;       19.38;        0.29;'8001841104874';TOALETNE POTREPŠTINE;        0.00;        0.00
PAMPERS PREMIUM S2 MINI 23KOM           ;571240    ;PAMPERS        ;       23.00;KOM;        7.30;        0.32;'8001841104652';TOALETNE POTREPŠTINE;        0.00;        0.00
VIOLETA PELENE AD NEWBORN 44/1 PREMIUM  ;600216    ;VIOLETA D.O.O.;       44.00;KOM;        0.00;        0.18;'3870128024342';TOALETNE POTREPŠTINE;       11.89;        7.99
VIOLETA PELENE AD MINI 2 64KOM COTTON   ;601289    ;VIOLETA D.O.O.;       64.00;KOM;        0.00;        0.16;'3870128024373';TOALETNE POTREPŠTINE;       13.29;       10.39
PAMPERS PANTS JUMBO PACK S6 44          ;604265    ;PAMPERS        ;       44.00;KOM;       21.23;        0.48;'8006540069356';TOALETNE POTREPŠTINE;        0.00;        0.00
PAMPERS PANTS JUMBO PACK S7 38          ;604266    ;PAMPERS        ;       38.00;KOM;       21.23;        0.56;'8006540069387';TOALETNE POTREPŠTINE;        0.00;        0.00
PAMPERS PANTS JUMBO  PACK S5 48         ;604271    ;PAMPERS        ;       48.00;KOM;       21.23;        0.44;'8006540069325';TOALETNE POTREPŠTINE;        0.00;        0.00
PAMPERS PANTS JUMBO PACK S4 52KOM       ;604965    ;PAMPERS        ;       52.00;KOM;       21.23;        0.41;'8006540069264';TOALETNE POTREPŠTINE;        0.00;        0.00
PAMPERS PANTS JUMBO PACK S3 62KOM       ;606786    ;PAMPERS        ;       62.00;KOM;       21.23;        0.34;'8006540069233';TOALETNE POTREPŠTINE;        0.00;        0.00
VIOLETA PELENE AD MIDI 3 64/1 PREM.COTT ;614855    ;VIOLETA D.O.O.;       64.00;KOM;        0.00;        0.21;'3870128031586';TOALETNE POTREPŠTINE;       17.99;       13.49
VIOLETA PELENE AD MAXI 4 58/1 PREM.COTT ;614856    ;VIOLETA D.O.O.;       58.00;KOM;        0.00;        0.23;'3870128031616';TOALETNE POTREPŠTINE;       17.99;       13.49
VIOLETA PELENE DOUB.CARE PANTS 52 (9-15);616046    ;VIOLETA D.O.O.;       52.00;KOM;       15.93;        0.31;'3870128031777';TOALETNE POTREPŠTINE;        0.00;        0.00
VIOLETA PELENE DOUB. CARE PANTS 48 (12-1;616048    ;VIOLETA D.O.O.;       48.00;KOM;       15.93;        0.33;'3870128031807';TOALETNE POTREPŠTINE;        0.00;        0.00
VIOLETA PELENE DC AD 5 48/1 JUNIOR      ;617765    ;VIOLETA D.O.O.;       48.00;KOM;        0.00;        0.28;'3870128031944';TOALETNE POTREPŠTINE;       17.99;       13.49
PAMPERS PREMIUM CARE S1 72CT            ;633384    ;PAMPERS        ;       72.00;KOM;       19.38;        0.27;'8006540858073';TOALETNE POTREPŠTINE;        0.00;        0.00
VIOLETA PELENE AD GIANT PACK 120/1 4MAXI;638849    ;VIOLETA D.O.O.;      120.00;KOM;       35.99;        0.30;'3870128032965';TOALETNE POTREPŠTINE;        0.00;        0.00
VIOLETA PELENE AD GIANT PACK 104/1 5JUNI;638850    ;VIOLETA D.O.O.;      104.00;KOM;       31.19;        0.30;'3870128033023';TOALETNE POTREPŠTINE;        0.00;        0.00
VIOLETA PELENE AD GIANT PACK 96/1 6JUNIO;638851    ;VIOLETA D.O.O.;       96.00;KOM;       28.79;        0.30;'3870128033054';TOALETNE POTREPŠTINE;        0.00;        0.00
PAMPERS PREMIUM CARE S7 32              ;652161    ;PAMPERS        ;       32.00;KOM;       21.23;        0.66;'8700216423915';TOALETNE POTREPŠTINE;        0.00;        0.00
BABY COOL VL.MARAMICE 72/1              ;168734    ;BABY COOL      ;       72.00;KOM;        1.33;        0.02;'8690510000502';TOALETNE POTREPŠTINE;        0.00;        0.00
BECUTAN VL.MARAMICE 72KOM               ;203120    ;BECUTAN        ;       72.00;KOM;        2.35;        0.03;'5310001910730';TOALETNE POTREPŠTINE;        0.00;        0.00
HOPS BABY VL.MARAMICE  72/1             ;278812    ;HOPS           ;       72.00;KOM;        0.99;        0.01;'8690510010754';TOALETNE POTREPŠTINE;        0.00;        0.00
VIOLETA BABY VL.MARAM.S KOZJIM ML 72/1  ;345991    ;VIOLETA        ;       72.00;KOM;        2.09;        0.03;'3870128000957';TOALETNE POTREPŠTINE;        0.00;        0.00
BECUTAN VL.MARAMICE 20/1 KAMILICA       ;373051    ;BECUTAN        ;       20.00;KOM;        1.15;        0.06;'5310001217648';TOALETNE POTREPŠTINE;        0.00;        0.00
HIGI VL.MARAMICE 72/1                   ;397402    ;HIGI           ;       72.00;KOM;        0.00;        0.01;'3870128001299';TOALETNE POTREPŠTINE;        1.29;        1.05
VIOLETA BABY VL.MARAM.BADEM 56/1        ;405952    ;VIOLETA        ;       56.00;KOM;        1.85;        0.03;'3870128006690';TOALETNE POTREPŠTINE;        0.00;        0.00
BECUTAN VL.MARAMICE 4X72KOM             ;413201    ;BECUTAN        ;      288.00;KOM;        7.59;        0.03;'5310001224103';TOALETNE POTREPŠTINE;        0.00;        0.00
BIBO VL.MARAMICE 80/1 KAMILICA          ;417573    ;BIBO           ;       72.00;KOM;        1.33;        0.02;'3859890063353';TOALETNE POTREPŠTINE;        0.00;        0.00
HIGI BABY VL.MARAM.54/1 S NEVENOM       ;434254    ;HIGI           ;       54.00;KOM;        0.00;        0.02;'3870128007635';TOALETNE POTREPŠTINE;        1.19;        0.95
VIOLETA BABY VL.M.BADEM 2X56            ;441511    ;VIOLETA        ;      112.00;KOM;        3.59;        0.03;'3870128007284';TOALETNE POTREPŠTINE;        0.00;        0.00
VIOLETA BABY VL.M.BADEM 5-PACK          ;448523    ;VIOLETA        ;      280.00;KOM;        0.00;        0.02;'3870128009462';TOALETNE POTREPŠTINE;        7.95;        5.69
VIOLETA BABY VL.MAR.99% WATER CARE 56/1 ;536210    ;VIOLETA        ;       56.00;KOM;        2.49;        0.04;'3870128012677';TOALETNE POTREPŠTINE;        0.00;        0.00
BIBO VL.MARAMICE 22KOM TRAVEL PACK      ;537910    ;BIBO           ;       22.00;KOM;        0.59;        0.03;'3859890063445';TOALETNE POTREPŠTINE;        0.00;        0.00
VIOLETA BABY VL.MAR.BADEM 3-PACK        ;540845    ;VIOLETA        ;      168.00;KOM;        5.19;        0.03;'3870128012882';TOALETNE POTREPŠTINE;        0.00;        0.00
PAMPERS VL.MARAMICE FRESH CLEAN 80KOM   ;578561    ;PAMPERS        ;       80.00;KOM;        2.79;        0.03;'8001841077598';TOALETNE POTREPŠTINE;        0.00;        0.00
PAMPERS VL.MARAMICE SENSITIVE 80KOM     ;578562    ;PAMPERS        ;       80.00;KOM;        2.79;        0.03;'8001841041421';TOALETNE POTREPŠTINE;        0.00;        0.00
PAMPERS VL.MARAMICE FRESH 4X80KOM       ;578751    ;PAMPERS        ;      320.00;KOM;        9.95;        0.03;'8001841078052';TOALETNE POTREPŠTINE;        0.00;        0.00
PAMPERS VL.MARAMICE SENSITIVE 4X80KOM   ;578754    ;PAMPERS        ;      320.00;KOM;        9.95;        0.03;'8001841062754';TOALETNE POTREPŠTINE;        0.00;        0.00
BECUTAN VL. MARAMICE 2*64               ;606595    ;BECUTAN        ;      128.00;KOM;        3.85;        0.03;'5310001234775';TOALETNE POTREPŠTINE;        0.00;        0.00
BIBO DJ.VL.MARAMICE MASLIN.ULJE 60/1    ;617004    ;BIBO           ;       60.00;KOM;        1.19;        0.02;'3859890063339';TOALETNE POTREPŠTINE;        0.00;        0.00
BIBO DJ. VLAŽNE MARAMICE 5*60 MASLINA   ;619257    ;BIBO           ;      300.00;KOM;        5.29;        0.02;'3859890063513';TOALETNE POTREPŠTINE;        0.00;        0.00
VIOLETA BABY VL.MARAMICE 5 PACK 51*5    ;633537    ;VIOLETA        ;      255.00;KOM;        5.99;        0.02;'3870128036543';TOALETNE POTREPŠTINE;        0.00;        0.00
VIOLETA BABY VL.MARAMICE 51/1 MED I KAMI;634658    ;VIOLETA        ;       51.00;KOM;        1.49;        0.03;'3870128036512';TOALETNE POTREPŠTINE;        0.00;        0.00
DJEÈJE VL. MARAMICE HAPPY 72/1 ALOE VERA;642195    ;HAPPY          ;       72.00;KOM;        1.19;        0.02;'3904429580181';TOALETNE POTREPŠTINE;        0.00;        0.00
PAMPERS VL.MARAMICE 6*52 FRESH          ;645384    ;PAMPERS        ;      312.00;KOM;       12.99;        0.04;'8001841078175';TOALETNE POTREPŠTINE;        0.00;        0.00
PAMPERS VL.MARAMICE 6*52 SENSITIVE      ;645385    ;PAMPERS        ;      312.00;KOM;        5.99;        0.02;'8001841041452';TOALETNE POTREPŠTINE;        0.00;        0.00
PRENS BABY VL. MARAMICE 100/1 RUŽA      ;645625    ;PRENS          ;      100.00;KOM;        0.00;        0.01;'8697434120972';TOALETNE POTREPŠTINE;        1.59;        1.19
NIVEA BABY MARAMICE SOFT&CREAM 57KOM    ;646727    ;NIVEA          ;       57.00;KOM;        4.09;        0.07;'9005800374406';TOALETNE POTREPŠTINE;        0.00;        0.00
NIVEA BABY SOFT&CREAM MARAMICE 2*57     ;646728    ;NIVEA          ;      114.00;KOM;        6.99;        0.06;'9005800374413';TOALETNE POTREPŠTINE;        0.00;        0.00
NIVEA BABY MARAMICE 99% PURE WATER 57KOM;646729    ;NIVEA          ;       57.00;KOM;        4.19;        0.07;'9005800369228';TOALETNE POTREPŠTINE;        0.00;        0.00
BIBO VLAŽNE MARAMICE 4*80 KAMILICA      ;652140    ;BIBO           ;      320.00;KOM;        4.75;        0.01;'3859890063520';TOALETNE POTREPŠTINE;        0.00;        0.00
BECUTAN VLAŽNE MARAMICE 3*56 AQUA       ;655430    ;BECUTAN        ;      168.00;KOM;        5.99;        0.04;'5310001273156';TOALETNE POTREPŠTINE;        0.00;        0.00
DJEÈJE VL. MARAMICE 120/1 SENSITIVE     ;656126    ;WHITEDAY       ;      120.00;KOM;        1.79;        0.01;'8684718450375';TOALETNE POTREPŠTINE;        0.00;        0.00
BABY VLAŽNE MARAMICE 60/1 99,9% VODE    ;664221    ;WHITE DAY      ;       60.00;KOM;        2.19;        0.04;'8684718450108';TOALETNE POTREPŠTINE;        0.00;        0.00
SIGNAL ÈETKICA ESSENTIAL DUOPACK        ;286486    ;SIGNAL         ;        2.00;KOM;        1.89;        0.95;'8718114047928';KOZMETIKA;        0.00;        0.00
SIGNAL WHITE SYSTEM ÈETKICA ZA ZUBE     ;303511    ;SIGNAL         ;        1.00;KOM;        3.29;        3.29;'8718114198903';KOZMETIKA;        0.00;        0.00
SIGNAL ÈETKICA DJEÈJA MINI              ;304723    ;SIGNAL         ;        0.00;   ;        2.29;        0.00;'8718114201641';KOZMETIKA;        0.00;        0.00
COLGATE ÈETKICA ZA ZUBE MAX WHITE 1+1   ;318029    ;COLGATE        ;        2.00;KOM;        3.69;        1.85;'8714789490113';KOZMETIKA;        0.00;        0.00
SIGNAL ÈETKICA CLASSIC FRESH            ;335085    ;SIGNAL         ;        0.00;   ;        1.89;        0.00;'8413300264270';KOZMETIKA;        0.00;        0.00
COLGATE ÈETKICA ZA ZUBE EXTRA CLEAN 1+1 ;367646    ;COLGATE        ;        0.00;   ;        2.79;        0.00;'8714789732244';KOZMETIKA;        0.00;        0.00
COLGATE ÈETKICA ZA ZUBE MAX FRESH 1+1   ;399926    ;COLGATE        ;        0.00;   ;        3.69;        0.00;'8714789292915';KOZMETIKA;        0.00;        0.00
SENSODYNE ÈETKICA COMPL.PROTE           ;418653    ;SENSODYNE      ;        0.00;   ;        6.39;        0.00;'3830029294756';KOZMETIKA;        0.00;        0.00
ORAL B ÈETKICA 3EFF NATURALS 1+1        ;438474    ;ORAL B         ;        0.00;   ;        0.00;        0.00;'3014260022839';KOZMETIKA;        2.65;        1.59
INDOR ZUBNA ÈETKICA MEDIUM  CN          ;513179    ;INDOR          ;        0.00;   ;        0.89;        0.00;'3858885847374';KOZMETIKA;        0.00;        0.00
SIGNAL ÈETKICA SENSITIVE SOFT           ;514458    ;SIGNAL         ;        0.00;   ;        2.59;        0.00;'8712561937917';KOZMETIKA;        0.00;        0.00
LACALUT INTERDENTALNA ÈETKICA XS 5/1    ;517757    ;LACALUT        ;        5.00;KOM;        0.00;        0.59;'4016369546352';KOZMETIKA;        4.55;        2.96
LACALUT ÈETKICA ZA ZUBE AKTIV           ;528332    ;LACALUT        ;        0.00;   ;        0.00;        0.00;'4016369506271';KOZMETIKA;        4.15;        2.70
PARODONTAX ÈETKICA ZA ZUBE GUMS EX.SOFT ;561211    ;PARODONTAX     ;        0.00;   ;        5.49;        0.00;'5054563049490';KOZMETIKA;        0.00;        0.00
ORAL B ÈETKICA CHAROAL BLACK 3KOM       ;572874    ;ORAL B         ;        3.00;KOM;        0.00;        0.85;'3014260101503';KOZMETIKA;        4.25;        2.55
SENSODYNE ÈETKICA EXPERT SOFT           ;576183    ;SENSODYNE      ;        1.00;KOM;        5.39;        5.39;'5054563029720';KOZMETIKA;        0.00;        0.00
ELMEX ÈETKICA ULTRA SOFT                ;600801    ;ELMEX          ;        0.00;   ;        0.00;        0.00;'8718951187658';KOZMETIKA;        5.79;        4.19
ELMEX ÈETKICA ZA ZUBE JUNIOR            ;600802    ;ELMEX          ;        0.00;   ;        0.00;        0.00;'7610108043583';KOZMETIKA;        3.99;        2.99
ELMEX ÈETKICE ULTRA SOFT TRIPACK        ;600803    ;ELMEX          ;        3.00;KOM;        0.00;        3.33;'8718951188075';KOZMETIKA;       12.99;        9.99
AQ ÈETKICA TRIPE PROTECT.MED DUOPACK    ;611190    ;AQUAFRESH      ;        0.00;   ;        3.99;        0.00;'5054563931771';KOZMETIKA;        0.00;        0.00
PLIDENTA ÈETKICA CLEAN&WHITE            ;615294    ;PLIDENTA       ;        0.00;   ;        2.39;        0.00;'3856007909511';KOZMETIKA;        0.00;        0.00
AQ ÈETKICA ZUBNA CLEAN&FLEX 1+1         ;616605    ;AQUAFRESH      ;        0.00;   ;        3.79;        0.00;'5054563931870';KOZMETIKA;        0.00;        0.00
SENSODYNE ÈETKICA EXPERT MEDIUM         ;617114    ;SENSODYNE      ;        0.00;   ;        5.59;        0.00;'3830029296118';KOZMETIKA;        0.00;        0.00
BIOREPAIR INTERD.ÈETKICA FINE 40/1      ;618227    ;BIOREPAIR      ;       40.00;KOM;        0.00;        0.07;'8017331058329';KOZMETIKA;        3.99;        2.89
ELINA DENT ZUB.ÈETKICA 2/1 MEDIUM       ;625211    ;ELINA          ;        0.00;   ;        1.33;        0.00;'4326470442598';KOZMETIKA;        0.00;        0.00
AQ ÈETKICA FLEX MEDIUM TRIOPACK         ;626410    ;AQUAFRESH      ;        0.00;   ;        3.99;        0.00;'5054563124272';KOZMETIKA;        0.00;        0.00
LACALUT INTERDENTALNA ÈETKICA S 5/1     ;627926    ;LACALUT        ;        5.00;KOM;        0.00;        0.59;'4016369546369';KOZMETIKA;        4.55;        2.96
COLGATE ÈETKICA 360 CHARCOAL 1+1        ;627977    ;COLGATE        ;        2.00;KOM;        5.19;        2.60;'8718951197183';KOZMETIKA;        0.00;        0.00
COLGATE ÈETKICA TRIPLE ACTION 1+1       ;634641    ;COLGATE        ;        2.00;KOM;        1.89;        0.95;'8718951309609';KOZMETIKA;        0.00;        0.00
COLGATE ÈETKICA 360 DEEP CLEAN MED 1+1  ;637499    ;COLGATE        ;        0.00;   ;        5.19;        0.00;'8718951561441';KOZMETIKA;        0.00;        0.00
PARODONTAX ÈETKICA EX.SOFT 3KOM/PAK     ;642277    ;PARODONTAX     ;        3.00;KOM;       11.99;        4.00;'5054563049889';KOZMETIKA;        0.00;        0.00
COLGATE ÈETKICA EXTRA CLEAN 4PACK       ;645370    ;COLGATE        ;        4.00;KOM;        4.49;        1.12;'8714789235356';KOZMETIKA;        0.00;        0.00
COLGATE ÈETKICA MW1+1 +PASTA MFW75ML**  ;650749    ;COLGATE        ;        0.00;   ;        3.29;        0.00;'3830075444174';KOZMETIKA;        0.00;        0.00
COLGATE ÈETKICA KIDS SMIL.6-9SOFT       ;654718    ;COLGATE        ;        0.00;   ;        2.99;        0.00;'8718951613966';KOZMETIKA;        0.00;        0.00
AQ ÈETKICA EXTREME CL.MEDIUM DUO        ;657222    ;AQUAFRESH      ;        0.00;   ;        3.99;        0.00;'5054563247810';KOZMETIKA;        0.00;        0.00
AQ KIDS ÈETKICA ADVANCE 9-12g           ;657343    ;AQ             ;        0.00;   ;        3.69;        0.00;'5054563210449';KOZMETIKA;        0.00;        0.00
COLGATE ÈETKICA ZIG ZAG FLEXI MED       ;79196     ;COLGATE        ;        1.00;KOM;        2.65;        2.65;'7610196003544';KOZMETIKA;        0.00;        0.00
GILLETTE SIST.BRIJAÈ MACH 3 2UP         ;330208    ;GILLETTE       ;        0.00;   ;       15.93;        0.00;'7702018020676';KOZMETIKA;        0.00;        0.00
GILLETTE SIST.BRIJAÈ +2CRT              ;446114    ;GILLETTE       ;        0.00;   ;       26.54;        0.00;'7702018390816';KOZMETIKA;        0.00;        0.00
GILLETTE SIST.BRIJAÈ VENUS BRIJAÈ 2     ;75727     ;GILLETTE       ;        0.00;   ;       11.94;        0.00;'3014260262693';KOZMETIKA;        0.00;        0.00
PALOMA RUÈNICI MULTIFUN 2/1 TISAK 2SL   ;124871    ;PALOMA         ;        2.00;KOM;        1.65;        0.83;'3838952013468';TOALETNE POTREPŠTINE;        0.00;        0.00
PALOMA RUÈNIK 2/1 MAXI 2.SL.BIJELI      ;209244    ;PALOMA         ;        2.00;KOM;        2.89;        1.45;'3838952014656';TOALETNE POTREPŠTINE;        0.00;        0.00
PERFEX RUÈNICI KUH.2/1 2SL.ŽUTI         ;286912    ;PERFEX         ;        2.00;KOM;        1.59;        0.80;'8600101745330';TOALETNE POTREPŠTINE;        0.00;        0.00
VIOLETA RUÈNICI PAP. 4/1 BONUS PACK 3SL ;345986    ;VIOLETA        ;        4.00;KOM;        2.99;        0.75;'3859892288112';TOALETNE POTREPŠTINE;        0.00;        0.00
OLA LA RUÈNICI KUH. JAGODA 2/1 2SL 23cm ;346014    ;OLALA          ;        2.00;KOM;        0.99;        0.50;'3859892232269';TOALETNE POTREPŠTINE;        0.00;        0.00
PERFEX RUÈNICI KUH.2/1 3SL DELUXE       ;355538    ;PERFEX         ;        2.00;KOM;        1.29;        0.65;'8606102287381';TOALETNE POTREPŠTINE;        0.00;        0.00
VIOLETA RUÈNICI 2/1 3SL PICNIC CLEVER   ;369218    ;VIOLETA        ;        2.00;KOM;        2.19;        1.10;'3859892288488';TOALETNE POTREPŠTINE;        0.00;        0.00
VIOLETA RUÈNICI JUMBO 2/1 3SL XXL       ;370002    ;VIOLETA        ;        2.00;KOM;        2.99;        1.50;'3859892288136';TOALETNE POTREPŠTINE;        0.00;        0.00
OLA LA RUÈNIK VINO 3SL 2/1              ;387229    ;OLALA          ;        2.00;KOM;        1.79;        0.90;'3859892232245';TOALETNE POTREPŠTINE;        0.00;        0.00
PALOMA RUÈNICI KUH.MEGA 2/1 3SL TISAK   ;390132    ;PALOMA         ;        2.00;KOM;        1.59;        0.80;'3838952018814';TOALETNE POTREPŠTINE;        0.00;        0.00
OLA LA KUH. RUÈNIK LIMUN MAXI 2/1 3-SL  ;395287    ;OLALA          ;        2.00;KOM;        0.00;        1.10;'3859892232719';TOALETNE POTREPŠTINE;        2.99;        2.19
VIOLETA PAP.RUÈNIK 2/1 LEM.CHEESECAKE 2 ;408477    ;VIOLETA        ;        2.00;KOM;        2.39;        1.20;'3859892288624';TOALETNE POTREPŠTINE;        0.00;        0.00
OLA LA KUH.RUÈ.MAXI ROLL 400 LISTIÆA    ;500183    ;OLALA          ;        1.00;KOM;        4.19;        4.19;'3859892832339';TOALETNE POTREPŠTINE;        0.00;        0.00
PERFEX RUÈNICI KUH.MEGA 2/1 2SL         ;507264    ;PERFEX         ;        2.00;KOM;        2.65;        1.33;'8606102287848';TOALETNE POTREPŠTINE;        0.00;        0.00
PALOMA RUÈNICI KUH 2-SL.4/1             ;513492    ;PALOMA         ;        4.00;KOM;        2.92;        0.73;'3838952025775';TOALETNE POTREPŠTINE;        0.00;        0.00
VIOLETA RUÈNICI LOVE 3/1 3-SL.          ;538544    ;VIOLETA        ;        3.00;KOM;        2.99;        1.00;'3859892288952';TOALETNE POTREPŠTINE;        0.00;        0.00
VIOLETA MEGA ROLA 1/1 2SL 460LIST.      ;589172    ;VIOLETA        ;        1.00;KOM;        0.00;        3.29;'3870128011946';TOALETNE POTREPŠTINE;        4.99;        3.29
PERFEX KUH.RUÈNIK 3SL 1/1 MEGA          ;614616    ;PERFEX         ;        1.00;KOM;        2.65;        2.65;'8606110850133';TOALETNE POTREPŠTINE;        0.00;        0.00
PERFEX KUH.RUÈNIK PROFES. 1/1 3SL       ;615379    ;PERFEX         ;        0.00;   ;        3.32;        0.00;'8606110850287';TOALETNE POTREPŠTINE;        0.00;        0.00
RUÈNIK PAPIRNATI ROSA EXTRA SOFT 2/1 2SL;617811    ;EURO ROSA      ;        2.00;KOM;        0.89;        0.45;'3858892750070';TOALETNE POTREPŠTINE;        0.00;        0.00
PERFEX DELUXE MONO ROLA 1/1 3SL         ;617912    ;PERFEX         ;        1.00;KOM;        2.59;        2.59;'8606110850027';TOALETNE POTREPŠTINE;        0.00;        0.00
VIOLETA PAP.RUÈNIK MAXI ROLA 1/1 2SL    ;625637    ;VIOLETA        ;        1.00;KOM;        2.99;        2.99;'3858893660620';TOALETNE POTREPŠTINE;        0.00;        0.00
PAPIRNATI RUÈNIK FLORA LIMUN 3SL 2/1    ;625779    ;EURO ROSA      ;        2.00;KOM;        0.00;        0.90;'3858892750742';TOALETNE POTREPŠTINE;        2.65;        1.79
VIOLETA RUÈNIK PAPIRNATI EXPERT PLUS    ;636717    ;VIOLETA        ;        1.00;KOM;        4.35;        4.35;'3858893660804';TOALETNE POTREPŠTINE;        0.00;        0.00
VIOLETA PAP. RUÈNICI 4/1 2SL ECONOMY    ;639402    ;VIOLETA        ;        4.00;KOM;        2.95;        0.74;'3870128000094';TOALETNE POTREPŠTINE;        0.00;        0.00
VIOLETA RUÈNICI PAP. 2/1 2SL ECONOMY    ;641485    ;VIOLETA        ;        2.00;KOM;        1.35;        0.68;'3870128000100';TOALETNE POTREPŠTINE;        0.00;        0.00
PERFEX KUH.RUÈNIK JUMBO 1/1             ;645839    ;PERFEX         ;        1.00;KOM;        1.39;        1.39;'5999860406075';TOALETNE POTREPŠTINE;        0.00;        0.00
VIOLETA PAP.RUÈNIK JUMBO SOFT 1/1 2SL   ;655364    ;VIOLETA D.O.O.;        0.00;KOM;        2.69;        0.00;'3858893661139';TOALETNE POTREPŠTINE;        0.00;        0.00
OOOPS! MAXI RUÈNIK 1/1 2SL**            ;655613    ;VAJDA-PAPIR KFT.;        1.00;KOM;        3.99;        3.99;'5998648704181';TOALETNE POTREPŠTINE;        0.00;        0.00
PALOMA RUÈNICI BIG SIZE 6/1 3SL         ;658412    ;PALOMA         ;        6.00;KOM;        5.99;        1.00;'3838952033978';TOALETNE POTREPŠTINE;        0.00;        0.00
MARAMICE ZEWA ANIMAL 10/1               ;139250    ;ZEWA           ;       10.00;KOM;        2.49;        0.25;'7322540043440';TOALETNE POTREPŠTINE;        0.00;        0.00
PALOMA RUPÈIÆI CLASSIC 10/1             ;223322    ;PALOMA         ;       10.00;KOM;        1.29;        0.13;'3838952001991';TOALETNE POTREPŠTINE;        0.00;        0.00
ZEWA 3D ZOO BOX MARAMICE 3-SL           ;299703    ;ZEWA           ;       60.00;KOM;        2.09;        0.03;'7322540413977';TOALETNE POTREPŠTINE;        0.00;        0.00
VIOLETA MARAMICE LJUBIÈICA 10/1         ;345988    ;VIOLETA D.O.O.;       10.00;KOM;        1.99;        0.20;'3870128000742';TOALETNE POTREPŠTINE;        0.00;        0.00
VIOLETA MARAMICE KAMILICA 10/1 3-SL     ;345989    ;VIOLETA D.O.O.;       10.00;KOM;        1.99;        0.20;'3870128000582';TOALETNE POTREPŠTINE;        0.00;        0.00
VIOLETA MARAMICE LAVANDA 10/1           ;345990    ;VIOLETA D.O.O.;       10.00;KOM;        1.99;        0.20;'3870128000667';TOALETNE POTREPŠTINE;        0.00;        0.00
VIOLETA MARAMICE CLASSIC 10/1 3SL       ;375043    ;VIOLETA D.O.O.;       10.00;KOM;        1.99;        0.20;'3870128000070';TOALETNE POTREPŠTINE;        0.00;        0.00
VIOLETA MARAM.COLOR 3SL 15/1            ;529085    ;VIOLETA D.O.O.;        0.00;   ;        2.99;        0.00;'3870128012615';TOALETNE POTREPŠTINE;        0.00;        0.00
MARAMICE ZEWA DELUXE 3SL.10/1           ;53185     ;ZEWA           ;       10.00;KOM;        2.49;        0.25;'7322540061475';TOALETNE POTREPŠTINE;        0.00;        0.00
VIOLETA MARAMICE U KUTIJI 60/1          ;554514    ;VIOLETA D.O.O.;       60.00;KOM;        1.99;        0.03;'3870128009172';TOALETNE POTREPŠTINE;        0.00;        0.00
VIOLETA MARAMICE MENTOL 10/1 3SL.       ;576367    ;VIOLETA D.O.O.;       10.00;KOM;        1.99;        0.20;'3870128000537';TOALETNE POTREPŠTINE;        0.00;        0.00
MARAMICE ZEWA SOFTIS NEUTRAL 6+2**      ;578633    ;ZEWA           ;        8.00;KOM;        0.00;        0.25;'7322541113081';TOALETNE POTREPŠTINE;        2.49;        1.99
MARAMICE ZEWA SOFTIS NEUTRAL 15KOM      ;578640    ;ZEWA           ;       15.00;KOM;        3.15;        0.21;'7322541112671';TOALETNE POTREPŠTINE;        0.00;        0.00
MARAMICE ZEWA SOFTIS NEUTRAL 1/10       ;582426    ;ZEWA           ;        1.00;KOM;        0.33;        0.33;'7322541112268';TOALETNE POTREPŠTINE;        0.00;        0.00
PERFEX MARAMICE PAP. 10/1 3SLOJNE**     ;595053    ;PERFEX         ;       10.00;KOM;        1.45;        0.15;'8606102287138';TOALETNE POTREPŠTINE;        0.00;        0.00
MARAMICE 1KOM ZEWA SOFTIS MENTOL        ;59845     ;ZEWA           ;       10.00;KOM;        0.33;        0.03;'4006670360204';TOALETNE POTREPŠTINE;        0.00;        0.00
MARAMICE KOZMETIÈKE HARMONY 100/1       ;613290    ;HARMONY        ;      100.00;KOM;        0.00;        0.01;'8584014825238';TOALETNE POTREPŠTINE;        1.19;        0.99
ZEWA SOFTIS MENTOL 8*9KOM               ;654008    ;ZEWA           ;        8.00;KOM;        2.49;        0.31;'7322542528747';TOALETNE POTREPŠTINE;        0.00;        0.00
ZEWA SOFTIS NEUTRAL 8*9KOM              ;654009    ;ZEWA           ;        8.00;KOM;        2.49;        0.31;'7322542529591';TOALETNE POTREPŠTINE;        0.00;        0.00
VIOLETA MARAMICE 30/1 3SL FAMILY        ;654163    ;VIOLETA D.O.O.;       30.00;KOM;        3.99;        0.13;'3870128034839';TOALETNE POTREPŠTINE;        0.00;        0.00
MARAMICE 10/1 ZEWA PLUS                 ;90627     ;ZEWA           ;       10.00;KOM;        2.49;        0.25;'9011111516145';TOALETNE POTREPŠTINE;        0.00;        0.00
PALOMA TP MIRIS+TISAK 10/1 3-SL         ;271472    ;PALOMA         ;       10.00;KOM;        2.99;        0.30;'3838952016315';TOALETNE POTREPŠTINE;        0.00;        0.00
PERFEX TP 24/1 3SL SOFT&LIGHT           ;302170    ;PERFEX         ;       24.00;KOM;        0.00;        0.20;'8606102287039';TOALETNE POTREPŠTINE;        5.97;        4.79
PALOMA TP BIJELI 10/1 3-SL              ;307825    ;PALOMA         ;       10.00;KOM;        2.99;        0.30;'3838952016643';TOALETNE POTREPŠTINE;        0.00;        0.00
VIOLETA TOAL.PAPIR LAVANDA 10/1 3SL     ;345982    ;VIOLETA        ;       10.00;KOM;        3.99;        0.40;'3859892288280';TOALETNE POTREPŠTINE;        0.00;        0.00
VIOLETA TOAL.PAPIR PREMIUM 16/1 3SL     ;345983    ;VIOLETA        ;       16.00;KOM;        6.99;        0.44;'3859892288075';TOALETNE POTREPŠTINE;        0.00;        0.00
VIOLETA TOAL.PAPIR 8/1 2SL ECONOMY      ;345984    ;VIOLETA        ;        8.00;KOM;        1.79;        0.22;'3870128000186';TOALETNE POTREPŠTINE;        0.00;        0.00
VIOLETA TOAL.PAPIR LAVANDA 16/1 3SL     ;357540    ;VIOLETA        ;       16.00;KOM;        6.99;        0.44;'3859892288051';TOALETNE POTREPŠTINE;        0.00;        0.00
PERFEX TP 10/1 3SL.                     ;362626    ;PERFEX         ;       10.00;KOM;        1.99;        0.20;'8606102287022';TOALETNE POTREPŠTINE;        0.00;        0.00
PERFEX TP BRESKVA 10/1 3SL.             ;372314    ;PERFEX         ;       10.00;KOM;        2.99;        0.30;'8600101745941';TOALETNE POTREPŠTINE;        0.00;        0.00
VIOLETA TOAL.PAPIR BRESKVA 10/1 3SL.    ;393915    ;VIOLETA        ;       10.00;KOM;        1.99;        0.20;'3859892288600';TOALETNE POTREPŠTINE;        0.00;        0.00
PALOMA TP ZELENI ÈAJ 3SL.16/1 DELUXE    ;511232    ;PALOMA         ;       16.00;KOM;        5.49;        0.34;'3838952024150';TOALETNE POTREPŠTINE;        0.00;        0.00
VIOLETA TOAL.PAP.KAM.16/1 3-SL          ;514093    ;VIOLETA        ;       16.00;KOM;        3.49;        0.22;'3859892288686';TOALETNE POTREPŠTINE;        0.00;        0.00
VIOLETA TOAL.PAP.PURE&STRONG 10/1 3SL   ;526111    ;VIOLETA        ;       10.00;KOM;        1.99;        0.20;'3859892288761';TOALETNE POTREPŠTINE;        0.00;        0.00
VIOLETA TOAL.PAPIR PAMUK 10/1 3-SL      ;538525    ;VIOLETA        ;       10.00;KOM;        3.99;        0.40;'3859892288044';TOALETNE POTREPŠTINE;        0.00;        0.00
VIOLETA TOAL.PAPIR 20/1 BRESKVA STRONG&S;572094    ;VIOLETA        ;       20.00;KOM;        4.49;        0.22;'3859892289652';TOALETNE POTREPŠTINE;        0.00;        0.00
ZEWA TP DELUXE BRESKVA 8/1 3SL.         ;580515    ;ZEWA           ;        8.00;KOM;        0.00;        0.35;'7322541171791';TOALETNE POTREPŠTINE;        2.69;        2.79
PALOMA TP ZELENI ÈAJ 20/1 DELUXE 3SL    ;605892    ;PALOMA         ;       20.00;KOM;        6.99;        0.35;'3838952028790';TOALETNE POTREPŠTINE;        0.00;        0.00
VIOLETA TOAL.PAPIR 24/1 PURE&STRONG     ;611654    ;VIOLETA        ;       24.00;KOM;        0.00;        0.20;'3858893660255';TOALETNE POTREPŠTINE;        5.99;        4.69
OLA LA TOAL. PAPIR PURE WHITE 10/1 3SL  ;612427    ;OLALA          ;       10.00;KOM;        2.99;        0.30;'3858893272854';TOALETNE POTREPŠTINE;        0.00;        0.00
VIOLETA TP 12/1 3SL STRONG&SOFT*        ;613070    ;VIOLETA        ;       12.00;KOM;        4.65;        0.39;'3870128003699';TOALETNE POTREPŠTINE;        0.00;        0.00
PALOMA TP CLASSIC 10/1 3SL              ;619021    ;PALOMA         ;       10.00;KOM;        2.19;        0.22;'3838952023740';TOALETNE POTREPŠTINE;        0.00;        0.00
TOALETNI PAPIR PERFEX COTTON NATURAL 10/;619596    ;PERFEX         ;       10.00;KOM;        2.39;        0.24;'8606110850294';TOALETNE POTREPŠTINE;        0.00;        0.00
TOALETNI PAPIR KAMILICA 10/1 3SL FLORA  ;625780    ;EURO ROSA      ;       10.00;KOM;        2.99;        0.30;'3858892750803';TOALETNE POTREPŠTINE;        0.00;        0.00
PALOMA TOAL. PAPIR EXCLUSIVE XXL 20/1   ;627441    ;PALOMA         ;       20.00;KOM;        4.49;        0.22;'3838952034005';TOALETNE POTREPŠTINE;        0.00;        0.00
PERFEX COTTON NATURAL TOAL.PAPIR 10/1** ;634968    ;PERFEX         ;       10.00;KOM;        2.99;        0.30;'8606110850607';TOALETNE POTREPŠTINE;        0.00;        0.00
ZEWA TOAL. PAPIR PURE WHITE 8/1         ;638122    ;ZEWA           ;        8.00;KOM;        0.00;        0.35;'7322541171739';TOALETNE POTREPŠTINE;        2.69;        2.79
ZEWA TOAL. PAPIR 12/1 BIJELI DELUXE**   ;644809    ;ZEWA           ;       12.00;KOM;        4.49;        0.37;'7322540989779';TOALETNE POTREPŠTINE;        0.00;        0.00
ZEWA TOAL.PAPIR 12/1 BRESKVA DELUXE     ;644810    ;ZEWA           ;       12.00;KOM;        4.49;        0.37;'7322541396026';TOALETNE POTREPŠTINE;        0.00;        0.00
PERFEX TOAL.PAPIR 10/1 3SL ALOE VERA    ;646605    ;PERFEX         ;       10.00;KOM;        2.99;        0.30;'5999860406938';TOALETNE POTREPŠTINE;        0.00;        0.00
PALOMA TP CLASSIC 24/1 3SLOJNI**        ;649128    ;PALOMA         ;       24.00;KOM;        0.00;        0.17;'3838952030847';TOALETNE POTREPŠTINE;        7.49;        3.99
OOOPS! TP 20/1 EXCELLENCE SENSITIVE     ;649969    ;VAJDA          ;       20.00;KOM;        6.99;        0.35;'5998648706000';TOALETNE POTREPŠTINE;        0.00;        0.00
TOALETNI PAPIR FLORA 16/1 KAMILICA      ;654469    ;EURO ROSA      ;       16.00;KOM;        3.49;        0.22;'3858892751374';TOALETNE POTREPŠTINE;        0.00;        0.00
TOALETNI PAPIR OLALA 20/1 PREMIUM       ;655048    ;DELT PAPIR DOO;        1.00;KOM;        4.29;        4.29;'3858893276913';TOALETNE POTREPŠTINE;        0.00;        0.00
PALOMA TP FLOWER 12/1  3SL              ;655658    ;PALOMA D.D.;       12.00;KOM;        0.00;        0.20;'3838952036276';TOALETNE POTREPŠTINE;        2.99;        2.39
PERFEX TP 16/1 BRESKVA SOFT&LIGHT 3SL   ;655678    ;PERFEX         ;       16.00;KOM;        5.99;        0.37;'8606034950148';TOALETNE POTREPŠTINE;        0.00;        0.00
OOOPS! TOAL. PAPIR 20/1 3SL LOTION      ;656108    ;VAJDA-PAPIR KFT.;       20.00;KOM;        6.99;        0.35;'5998648708745';TOALETNE POTREPŠTINE;        0.00;        0.00
TOALETNI PAP. LAVANDA FLORA 10/1 3SL    ;657189    ;EURO ROSA IP D.O.O.;       10.00;KOM;        2.99;        0.30;'3858892750834';TOALETNE POTREPŠTINE;        0.00;        0.00
VIOLETA TOAL.PAPIR 16/1 3SL LIMITED ED  ;663418    ;VIOLETA        ;       16.00;KOM;        4.99;        0.31;'3858893661160';TOALETNE POTREPŠTINE;        0.00;        0.00
SALVETE PAINTER SOFT LILA 40/1 38X38cm  ;311438    ;DELFIN d.o.o.;       40.00;KOM;        2.12;        0.05;'3858887180288';TOALETNE POTREPŠTINE;        0.00;        0.00
SALVETE PAINTER SV. ŽUTA 40/1 38X38cm   ;311439    ;DELFIN d.o.o.;       40.00;KOM;        2.12;        0.05;'3858887180295';TOALETNE POTREPŠTINE;        0.00;        0.00
SALVETE PAINTER SOFT NARANÐ. 40/1 38X38 ;311440    ;DELFIN d.o.o.;       40.00;KOM;        2.39;        0.06;'3858887180301';TOALETNE POTREPŠTINE;        0.00;        0.00
SALVETE PAINTER SV. ZELENA 40/1 38X38cm ;311442    ;DELFIN d.o.o.;       40.00;KOM;        2.39;        0.06;'3858887180318';TOALETNE POTREPŠTINE;        0.00;        0.00
SALVETE PAINTER SOFT BEŽ 40/1 38X38cm   ;311444    ;DELFIN d.o.o.;       40.00;KOM;        2.12;        0.05;'3858887180387';TOALETNE POTREPŠTINE;        0.00;        0.00
SALVETE PAINTER CIKLAMA 40/1 38*38      ;326086    ;DELFIN d.o.o.;       40.00;KOM;        2.39;        0.06;'3858887180578';TOALETNE POTREPŠTINE;        0.00;        0.00
SALVETE PAINTER LOSOS 40/1 38*38        ;326101    ;DELFIN d.o.o.;       40.00;KOM;        2.12;        0.05;'3858887180585';TOALETNE POTREPŠTINE;        0.00;        0.00
SALVETE PAINTER T.LJUBIÈASTA 40/1 38*38 ;326103    ;DELFIN d.o.o.;       40.00;KOM;        2.39;        0.06;'3858887180592';TOALETNE POTREPŠTINE;        0.00;        0.00
SALVETE PAINTER ÈOKOLADA 40/1 38*38     ;326105    ;DELFIN d.o.o.;       40.00;KOM;        2.39;        0.06;'3858887180608';TOALETNE POTREPŠTINE;        0.00;        0.00
SALVETE PAINTER BIJELE 40/1 38*38       ;326106    ;DELFIN d.o.o.;       40.00;KOM;        1.99;        0.05;'3858887180622';TOALETNE POTREPŠTINE;        0.00;        0.00
SALVETE PAINTER CRVENE 40/1 38*38       ;332173    ;DELFIN d.o.o.;       40.00;KOM;        2.39;        0.06;'3858887180561';TOALETNE POTREPŠTINE;        0.00;        0.00
SALVETE PAINTER BORDO 40/1 38X38        ;332926    ;DELFIN d.o.o.;       40.00;KOM;        2.39;        0.06;'3858887180615';TOALETNE POTREPŠTINE;        0.00;        0.00
SALVETE PAINTER ZLATNE 20/1 38*38cm     ;338318    ;DELFIN d.o.o.;       20.00;KOM;        2.92;        0.15;'3858887180653';TOALETNE POTREPŠTINE;        0.00;        0.00
SALVETE PAINTER SOFT SV.ROZE 40/1 38*38 ;349734    ;DELFIN d.o.o.;       40.00;KOM;        2.12;        0.05;'3858887180790';TOALETNE POTREPŠTINE;        0.00;        0.00
SALVETE PAINTER T.ZELENA 40/1 38X38     ;374414    ;DELFIN d.o.o.;       40.00;KOM;        2.39;        0.06;'3858887180899';TOALETNE POTREPŠTINE;        0.00;        0.00
SALVETE PAINTER SOFT SV.PLAVE 40/1 38X38;399325    ;DELFIN d.o.o.;       40.00;KOM;        2.12;        0.05;'3858887180783';TOALETNE POTREPŠTINE;        0.00;        0.00
SALVETE PAINTER SOFT ŽUTE 40/1 38X38cm  ;399326    ;DELFIN d.o.o.;       40.00;KOM;        2.39;        0.06;'3858887180776';TOALETNE POTREPŠTINE;        0.00;        0.00
PAINTER SOFT SALVETE LJUB.40/1 25*25    ;420793    ;DELFIN d.o.o.;       40.00;KOM;        1.59;        0.04;'3858887181070';TOALETNE POTREPŠTINE;        0.00;        0.00
PAINTER SOFT SALVETE CRVENE 40/1 25*25  ;420795    ;DELFIN d.o.o.;       40.00;KOM;        1.59;        0.04;'3858887181049';TOALETNE POTREPŠTINE;        0.00;        0.00
PAINTER SOFT SALVETE BIJELE 40/1 25*25  ;420797    ;DELFIN d.o.o.;       40.00;KOM;        1.59;        0.04;'3858887181087';TOALETNE POTREPŠTINE;        0.00;        0.00
PAINTER SOFT SALVETE LILA 40/1 25*25    ;420798    ;DELFIN d.o.o.;       40.00;KOM;        1.59;        0.04;'3858887181063';TOALETNE POTREPŠTINE;        0.00;        0.00
SALVETE PAINTER SREBRNE 20/1 38X38      ;422447    ;DELFIN d.o.o.;       20.00;KOM;        2.92;        0.15;'3858887181018';TOALETNE POTREPŠTINE;        0.00;        0.00
SALVETE PAINTER SOFT ZELENA KEDAR 40/1  ;504302    ;DELFIN d.o.o.;       40.00;KOM;        2.39;        0.06;'3858887181155';TOALETNE POTREPŠTINE;        0.00;        0.00
SALVETE PAINTER SOFT PLAVE 40/1         ;504303    ;DELFIN d.o.o.;       40.00;KOM;        2.39;        0.06;'3858887181162';TOALETNE POTREPŠTINE;        0.00;        0.00
SALVETE PAINTER SOFT SIVE 40/1          ;504304    ;DELFIN d.o.o.;       40.00;KOM;        2.39;        0.06;'3858887181179';TOALETNE POTREPŠTINE;        0.00;        0.00
SALVETE PAINTER SOFT CRNE 40/1          ;504305    ;DELFIN d.o.o.;       40.00;KOM;        2.39;        0.06;'3858887181186';TOALETNE POTREPŠTINE;        0.00;        0.00
VIOLETA SALVETE SOFT 38*38 ROZE 25/1    ;526195    ;VIOLETA D.O.O.;       25.00;KOM;        1.46;        0.06;'3870128001176';TOALETNE POTREPŠTINE;        0.00;        0.00
VIOLETA SALVETE SOFT 38*38 BEŽ 25/1     ;526196    ;VIOLETA D.O.O.;       25.00;KOM;        1.46;        0.06;'3870128001183';TOALETNE POTREPŠTINE;        0.00;        0.00
VIOLETA SALVETE SOFT 38*38 LILA 25/1    ;526197    ;VIOLETA D.O.O.;       25.00;KOM;        1.46;        0.06;'3870128003651';TOALETNE POTREPŠTINE;        0.00;        0.00
VIOLETA SALVETE SOFT 38X38 PLAVE 25/1   ;540603    ;VIOLETA D.O.O.;       25.00;KOM;        1.46;        0.06;'3870128001152';TOALETNE POTREPŠTINE;        0.00;        0.00
SALVETE SOFT PLAVE 20/1 1/8 33*33cm     ;552433    ;DELFIN d.o.o.;       20.00;KOM;        1.33;        0.07;'3858887181506';TOALETNE POTREPŠTINE;        0.00;        0.00
PAINTERSALVETE SOFT BORDO 20/1 1/8 33*33;552436    ;DELFIN d.o.o.;       20.00;KOM;        1.33;        0.07;'3858887181469';TOALETNE POTREPŠTINE;        0.00;        0.00
SALVETE SOFT CRVENE 20/1 1/8 33*33cm    ;552437    ;DELFIN d.o.o.;       20.00;KOM;        1.33;        0.07;'3858887181452';TOALETNE POTREPŠTINE;        0.00;        0.00
SALVETE BOŽIÆ ANÐELI                    ;564513    ;DUPIN d.o.o. ZAGREB;       20.00;KOM;        1.29;        0.06;'5901646022812';TOALETNE POTREPŠTINE;        0.00;        0.00
PAINTER SOFT SALVETE BIJELE 20/1        ;589990    ;DELFIN d.o.o.;       20.00;KOM;        1.33;        0.07;'3858887181407';TOALETNE POTREPŠTINE;        0.00;        0.00
PAINTER SOFT SALVETE LILA 20/1          ;589991    ;DELFIN d.o.o.;       20.00;KOM;        1.33;        0.07;'3858887181414';TOALETNE POTREPŠTINE;        0.00;        0.00
PAINTER SOFT SALVETE SV.ROZE 20/1       ;589993    ;DELFIN d.o.o.;       20.00;KOM;        1.33;        0.07;'3858887181438';TOALETNE POTREPŠTINE;        0.00;        0.00
SALVETE SRETAN ROÐENDAN 20/1            ;605405    ;DELFIN d.o.o.;       20.00;KOM;        2.12;        0.11;'3858887180875';TOALETNE POTREPŠTINE;        0.00;        0.00
VIOLETA SALVETE 40/ 2SL 38*38 BIJELE PR ;617342    ;VIOLETA D.O.O.;       40.00;KOM;        1.59;        0.04;'3870128032750';TOALETNE POTREPŠTINE;        0.00;        0.00
VIOLETA SALVETE 40/1 2SL 38*38 BORDO PR ;617343    ;VIOLETA D.O.O.;       40.00;KOM;        1.86;        0.05;'3870128032781';TOALETNE POTREPŠTINE;        0.00;        0.00
VIOLETA SALVETE 40/1 2SL 38*38 CRNE PRE ;617344    ;VIOLETA D.O.O.;       40.00;KOM;        2.25;        0.06;'3870128032811';TOALETNE POTREPŠTINE;        0.00;        0.00
VIOLETA SALVETE 25/1 38/38 BIJELE       ;641079    ;VIOLETA D.O.O.;       25.00;KOM;        1.46;        0.06;'3870128001169';TOALETNE POTREPŠTINE;        0.00;        0.00
SALVETE BOŽIÆ SVIJEÆE KONJIÆ            ;645928    ;DUPIN d.o.o. ZAGREB;       20.00;KOM;        1.29;        0.06;'5901646034693';TOALETNE POTREPŠTINE;        0.00;        0.00
SALVETE PAINTER SOFT BORDO 40/1 25*25   ;651450    ;DELFIN d.o.o.;       40.00;KOM;        1.59;        0.04;'3858887182985';TOALETNE POTREPŠTINE;        0.00;        0.00
SALVETE SWEET CARROTS&HEARTS 20/1       ;653456    ;DUPIN d.o.o. ZAGREB;       20.00;KOM;        1.39;        0.07;'5901720765222';TOALETNE POTREPŠTINE;        0.00;        0.00
SALVETE HAPPY EASTER  20/1              ;653460    ;DUPIN d.o.o. ZAGREB;       20.00;KOM;        1.39;        0.07;'5901720765208';TOALETNE POTREPŠTINE;        0.00;        0.00
SALVETE OOOPS! 100/1 30*30**            ;658013    ;OOOPS          ;      100.00;KOM;        1.05;        0.01;'5998648706383';TOALETNE POTREPŠTINE;        0.00;        0.00
BIJELI TANJURI 50/1 23cm                ;208225    ;DELFIN d.o.o.;       50.00;KOM;        3.58;        0.07;'3858887180035';PROIZVODI ZA KUÆANSTVO;        0.00;        0.00
TACNE PAPIRNATE 3/1 24X33cm             ;310312    ;DELFIN d.o.o.;        3.00;KOM;        2.92;        0.97;'3858887180516';PROIZVODI ZA KUÆANSTVO;        0.00;        0.00
TACNE BIJELE PAP.100/1 13X20cm          ;311886    ;DELFIN d.o.o.;      100.00;KOM;        4.78;        0.05;'3858887180349';PROIZVODI ZA KUÆANSTVO;        0.00;        0.00
TACNE BIJELE PAP.20/1 13X20             ;311889    ;DELFIN d.o.o.;       20.00;KOM;        1.33;        0.07;'3858887180332';PROIZVODI ZA KUÆANSTVO;        0.00;        0.00
TANJURI BIJELI 20/1 23cm                ;311890    ;DELFIN d.o.o.;       20.00;KOM;        1.72;        0.09;'3858887180325';PROIZVODI ZA KUÆANSTVO;        0.00;        0.00
TACNE PAPIRNATE 2/1 35cm                ;360374    ;DELFIN d.o.o.;        0.00;   ;        2.92;        0.00;'3858887180523';PROIZVODI ZA KUÆANSTVO;        0.00;        0.00
ZDJELICE BIJELE PAP 20/1 19cm 2,5dcL    ;446571    ;DELFIN d.o.o.;        0.00;   ;        3.32;        0.00;'3858887181094';PROIZVODI ZA KUÆANSTVO;        0.00;        0.00
PODMETAÈI ZA TORTE BIJELI 36cm 12/1     ;446572    ;DELFIN d.o.o.;        0.00;   ;        1.33;        0.00;'3858887181100';PROIZVODI ZA KUÆANSTVO;        0.00;        0.00
PODMETAÈI ZA TORTE BIJELI 40X30cm 6/1   ;446573    ;DELFIN d.o.o.;        0.00;   ;        1.33;        0.00;'3858887181117';PROIZVODI ZA KUÆANSTVO;        0.00;        0.00
PAPIRNATI TANJUR FI23 25/1              ;652001    ;SPARTA TRGOVINA DOO;       25.00;KOM;        1.59;        0.06;'3859888668348';PROIZVODI ZA KUÆANSTVO;        0.00;        0.00
DUREX LOVE 4/1                          ;245514    ;DUREX          ;        4.00;KOM;        4.65;        1.16;'5999005966662';KOZMETIKA;        0.00;        0.00
DUREX CLASSIC 12/1                      ;396146    ;DUREX          ;       12.00;KOM;       13.99;        1.17;'5010232964624';KOZMETIKA;        0.00;        0.00
DUREX MASS.GEL YLANG 2U1 200mL          ;396149    ;DUREX          ;        0.20;L  ;       13.99;       69.95;'5038483957387';KOZMETIKA;        0.00;        0.00
DUREX FEEL ULTRA THIN 3/1               ;397952    ;DUREX          ;        3.00;KOM;        6.09;        2.03;'5038483866047';KOZMETIKA;        0.00;        0.00
DUREX EXTRA SAFE 3/1 NEW                ;536289    ;DUREX          ;        3.00;KOM;        4.65;        1.55;'5010232968028';KOZMETIKA;        0.00;        0.00
DUREX FEEL THIN 3/1                     ;540059    ;DUREX          ;        3.00;KOM;        5.39;        1.80;'5010232967441';KOZMETIKA;        0.00;        0.00
DUREX MUTUAL 3/1                        ;543596    ;DUREX          ;        3.00;KOM;        7.49;        2.50;'5052197017298';KOZMETIKA;        0.00;        0.00
DUREX CLASSIC 3/1                       ;545535    ;DUREX          ;        3.00;KOM;        4.65;        1.55;'5038483159941';KOZMETIKA;        0.00;        0.00
PREZERVATIV YOU&ME LUBRICATED 3/1       ;615437    ;YOU&ME         ;        3.00;KOM;        2.35;        0.78;'8594068382519';KOZMETIKA;        0.00;        0.00
PREZERVATIV YOU&ME JAGODA 3/1           ;615438    ;YOU&ME         ;        3.00;KOM;        2.35;        0.78;'8594068382533';KOZMETIKA;        0.00;        0.00
YOU&ME LUBRICANT WATERLUBE 150mL        ;615440    ;YOU&ME         ;        0.15;L  ;        7.99;       53.27;'8594068382595';KOZMETIKA;        0.00;        0.00
PREZERVATIV YOU&ME RIBBED 3/1           ;615441    ;YOU&ME         ;        3.00;KOM;        2.35;        0.78;'8594068382557';KOZMETIKA;        0.00;        0.00
PREZERVATIV YOU&ME SENSITIVE 3/1        ;615443    ;YOU&ME         ;        3.00;KOM;        2.35;        0.78;'8594068382571';KOZMETIKA;        0.00;        0.00
PREZERVATIV YOU&ME LUBRICATED 12/1      ;615444    ;YOU&ME         ;       12.00;KOM;        0.00;        0.22;'8594068382526';KOZMETIKA;        4.49;        2.69
PREZERVATIV YOU&ME RIBBED 12/1          ;615446    ;YOU&ME         ;       12.00;KOM;        0.00;        0.22;'8594068382564';KOZMETIKA;        4.49;        2.69
YOU&ME LUBRICANT JAGODA 150mL           ;617461    ;YOU&ME         ;        0.15;L  ;        7.99;       53.27;'8594068382601';KOZMETIKA;        0.00;        0.00
DUREX FEEL INTIMATE 3/1                 ;646478    ;DUREX          ;        3.00;KOM;        5.39;        1.80;'5010232967830';KOZMETIKA;        0.00;        0.00
ŽARULJA SVIJEÆA PROZIRNA HALOGENA 42W   ;408713    ;BY-PASS D.O.O. ÈAKOVEC;        0.00;   ;        1.46;        0.00;'5994100247913';PROIZVODI ZA KUÆANSTVO;        0.00;        0.00
ŽARULJA H7 2V 70W FINISHLINE            ;428297    ;ROX d.o.o. ZAGREB;        0.00;   ;        3.58;        0.00;'3858890570984';PROIZVODI ZA KUÆANSTVO;        0.00;        0.00
ŽARULJA PROZ.IND.60W 240V E27           ;504222    ;BY-PASS D.O.O. ÈAKOVEC;        0.00;   ;        0.73;        0.00;'8588006246056';PROIZVODI ZA KUÆANSTVO;        0.00;        0.00
ŽARULJA PROZ.IND.SVIJ.40W 230V E14      ;504225    ;BY-PASS D.O.O. ÈAKOVEC;        0.00;   ;        0.86;        0.00;'8588006246179';PROIZVODI ZA KUÆANSTVO;        0.00;        0.00
OSRAM LED 8,5W E27                      ;506203    ;ROX d.o.o. ZAGREB;        0.00;   ;        2.65;        0.00;'4052899326842';PROIZVODI ZA KUÆANSTVO;        0.00;        0.00
OSRAM LED 6W E27                        ;506204    ;ROX d.o.o. ZAGREB;        0.00;   ;        2.65;        0.00;'4052899326927';PROIZVODI ZA KUÆANSTVO;        0.00;        0.00
OSRAM LED 5,7W E14                      ;506205    ;ROX d.o.o. ZAGREB;        0.00;   ;        2.65;        0.00;'4052899326453';PROIZVODI ZA KUÆANSTVO;        0.00;        0.00
REFLEKTA ŽARULJA R50 230V E14           ;511040    ;BY-PASS D.O.O. ÈAKOVEC;        0.00;   ;        1.33;        0.00;'8588006246353';PROIZVODI ZA KUÆANSTVO;        0.00;        0.00
ŽARULJA IND.REFL.R50 60W E14            ;517968    ;BY-PASS D.O.O. ÈAKOVEC;        0.00;   ;        1.33;        0.00;'8588006246377';PROIZVODI ZA KUÆANSTVO;        0.00;        0.00
OSRAM LED ŽARULJA 7W E27                ;540698    ;ROX d.o.o. ZAGREB;        0.00;   ;        3.05;        0.00;'4058075819658';PROIZVODI ZA KUÆANSTVO;        0.00;        0.00
OSRAM LED ŽARULJA 10W E27               ;543197    ;ROX d.o.o. ZAGREB;        0.00;   ;        3.45;        0.00;'4052899971028';PROIZVODI ZA KUÆANSTVO;        0.00;        0.00
ŽARULJA IND.INFRA SATIN 150W 230V E27   ;580371    ;BY-PASS D.O.O. ÈAKOVEC;        1.00;KOM;        5.17;        5.17;'8588006246209';PROIZVODI ZA KUÆANSTVO;        0.00;        0.00
LED ŽARULJA FILAMENT 8W OSRAM           ;580837    ;ROX d.o.o. ZAGREB;        0.00;   ;        4.78;        0.00;'4058075288669';PROIZVODI ZA KUÆANSTVO;        0.00;        0.00
ŽARULJA PROZ.IND.100W 240V E27          ;584126    ;BY-PASS D.O.O. ÈAKOVEC;        0.00;   ;        0.73;        0.00;'3859893345227';PROIZVODI ZA KUÆANSTVO;        0.00;        0.00
ŽARULJA LED PHILIPS 8W A60 E27 WW FR    ;611790    ;FILIR D.O.O.;        0.00;   ;        1.99;        0.00;'8719514257566';PROIZVODI ZA KUÆANSTVO;        0.00;        0.00
LED ŽARULJA 8,5W A60 E27 4000K 3/1      ;616389    ;ELEKTROPROFI KSA D.O.O.;        3.00;KOM;        3.89;        1.30;'3800157680271';PROIZVODI ZA KUÆANSTVO;        0.00;        0.00
LED ŽARULJA 5W GU10 SMD 400LM 4000K     ;618146    ;ELEKTROPROFI KSA D.O.O.;        0.00;   ;        1.19;        0.00;'3800157682053';PROIZVODI ZA KUÆANSTVO;        0.00;        0.00
LED ŽARULJA U BOJI LED STAR             ;618386    ;ROX d.o.o. ZAGREB;        0.00;   ;        9.99;        0.00;'4058075430754';PROIZVODI ZA KUÆANSTVO;        0.00;        0.00
INFA RUBIN ŽARULJA 150W 230V E27        ;619880    ;BY-PASS D.O.O. ÈAKOVEC;        0.00;   ;        5.31;        0.00;'5999097907208';PROIZVODI ZA KUÆANSTVO;        0.00;        0.00
LED ŽARULJA 8.5W E27 A60                ;622980    ;ELEKTROPROFI KSA D.O.O.;        0.00;   ;        0.99;        0.00;'3800157677868';PROIZVODI ZA KUÆANSTVO;        0.00;        0.00
LED ŽARULJA 8.5W E27 A60                ;622981    ;ELEKTROPROFI KSA D.O.O.;        0.00;   ;        0.79;        0.00;'3800157677875';PROIZVODI ZA KUÆANSTVO;        0.00;        0.00
OSRAM LED VALUE A 100=13W 827 E27       ;623272    ;ROX d.o.o. ZAGREB;        0.00;   ;        4.64;        0.00;'4052899971097';PROIZVODI ZA KUÆANSTVO;        0.00;        0.00
LED ŽARULJA 3,7W E14 SVIJEÆA 4000K      ;625179    ;ELEKTROPROFI KSA D.O.O.;        0.00;   ;        1.99;        0.00;'3800157665421';PROIZVODI ZA KUÆANSTVO;        0.00;        0.00
ŽARULJA LED SVIJEÆA 5W 470LM E14 SYLVANI;625278    ;BY-PASS D.O.O. ÈAKOVEC;        0.00;   ;        1.33;        0.00;'5410288269313';PROIZVODI ZA KUÆANSTVO;        0.00;        0.00
ŽARULJA LED REFLEKTOR 9W E27 R80        ;625322    ;BY-PASS D.O.O. ÈAKOVEC;        0.00;   ;        1.49;        0.00;'5410288285221';PROIZVODI ZA KUÆANSTVO;        0.00;        0.00
LED ŽARULJA 4,5W E27 G45 4000K          ;625436    ;ELEKTROPROFI KSA D.O.O.;        0.00;   ;        1.99;        0.00;'3800157682626';PROIZVODI ZA KUÆANSTVO;        0.00;        0.00
LED ŽARULJA 4,5W E14 P45 4000K          ;625437    ;ELEKTROPROFI KSA D.O.O.;        0.00;   ;        1.39;        0.00;'3800157682602';PROIZVODI ZA KUÆANSTVO;        0.00;        0.00
INFRA SATIN ŽARULJA 100W 230V E27       ;625631    ;BY-PASS D.O.O. ÈAKOVEC;        0.00;   ;        5.31;        0.00;'5999097907246';PROIZVODI ZA KUÆANSTVO;        0.00;        0.00
LED ŽARULJA 4,5W E14 SVIJEÆA 4000K      ;625785    ;ELEKTROPROFI KSA D.O.O.;        0.00;   ;        1.39;        0.00;'3800157682565';PROIZVODI ZA KUÆANSTVO;        0.00;        0.00
ŽARULJA PEÆ/HLADNJAK 15W E14            ;626817    ;BY-PASS D.O.O. ÈAKOVEC;        0.00;   ;        1.99;        0.00;'5999097917085';PROIZVODI ZA KUÆANSTVO;        0.00;        0.00
INFRA SATIN ŽARULJA 150W 230V E27       ;632342    ;BY-PASS D.O.O. ÈAKOVEC;        0.00;   ;        5.25;        0.00;'5999097911007';PROIZVODI ZA KUÆANSTVO;        0.00;        0.00
LED ŽARULJA 8,5W A60 E27 3000K 3/1      ;632591    ;ELEKTROPROFI KSA D.O.O.;        3.00;KOM;        3.99;        1.33;'3800157680264';PROIZVODI ZA KUÆANSTVO;        0.00;        0.00
INFRA RUBIN 100W 230V E27               ;637519    ;BY-PASS D.O.O. ÈAKOVEC;        0.00;   ;        5.29;        0.00;'5999097907307';PROIZVODI ZA KUÆANSTVO;        0.00;        0.00
ŽARULJA LED 9W 4000K E27 A60            ;638151    ;HERRERA D.O.O.;        0.00;   ;        1.09;        0.00;'5949097711367';PROIZVODI ZA KUÆANSTVO;        0.00;        0.00
ŽARULJA LED 11W 4000K E27 A60           ;638152    ;HERRERA D.O.O.;        0.00;   ;        1.59;        0.00;'5949097723490';PROIZVODI ZA KUÆANSTVO;        0.00;        0.00
ŽARULJA LED 13W4000K E27 A65            ;638153    ;HERRERA D.O.O.;        0.00;   ;        1.99;        0.00;'5949097723520';PROIZVODI ZA KUÆANSTVO;        0.00;        0.00
ŽARULJA LED 5W 4000K E27                ;638156    ;HERRERA D.O.O.;        0.00;   ;        1.49;        0.00;'5949097707025';PROIZVODI ZA KUÆANSTVO;        0.00;        0.00
ŽARULJA LED 5W 4000K E-14 P45           ;638158    ;HERRERA D.O.O.;        0.00;   ;        1.49;        0.00;'5949097707018';PROIZVODI ZA KUÆANSTVO;        0.00;        0.00
ŽARULJA LED 5W 4000K E14 IP20           ;638160    ;HERRERA D.O.O.;        0.00;   ;        1.39;        0.00;'5949097704628';PROIZVODI ZA KUÆANSTVO;        0.00;        0.00
ŽARULJA LED 7W 4000K E14 IP20           ;638162    ;HERRERA D.O.O.;        0.00;   ;        1.69;        0.00;'5949097707001';PROIZVODI ZA KUÆANSTVO;        0.00;        0.00
ŽARULJA LED 5W 4000K GU10 IP20          ;638166    ;HERRERA D.O.O.;        0.00;   ;        1.49;        0.00;'5949097704758';PROIZVODI ZA KUÆANSTVO;        0.00;        0.00
ŽARULJA LED 15W E27 A65 3000K 3/1       ;638348    ;ELEKTROPROFI KSA D.O.O.;        3.00;KOM;        7.99;        2.66;'3800157689236';PROIZVODI ZA KUÆANSTVO;        0.00;        0.00
LED ŽARULJA 10.5W E27 A60 3000K         ;638461    ;ELEKTROPROFI KSA D.O.O.;        0.00;   ;        1.45;        0.00;'3800157693639';PROIZVODI ZA KUÆANSTVO;        0.00;        0.00
LED ŽARULJA 10W E27 3000K 860LM 3/1     ;638880    ;BY-PASS D.O.O. ÈAKOVEC;        3.00;KOM;        3.89;        1.30;'5999097923987';PROIZVODI ZA KUÆANSTVO;        0.00;        0.00
LED ŽARULJA-17W A65 E27 4000K 214457    ;638953    ;ELEKTROPROFI KSA D.O.O.;        0.00;   ;        1.99;        0.00;'3800170211377';PROIZVODI ZA KUÆANSTVO;        0.00;        0.00
ŽARULJA PROZIRNA DEKOR 25W E14          ;639779    ;BY-PASS D.O.O. ÈAKOVEC;        0.00;   ;        0.85;        0.00;'8588006246216';PROIZVODI ZA KUÆANSTVO;        0.00;        0.00
LED AV SVIJEÆA ŽAR.3/ 5W                ;639864    ;BY-PASS D.O.O. ÈAKOVEC;        0.00;   ;        3.49;        0.00;'5999097930664';PROIZVODI ZA KUÆANSTVO;        0.00;        0.00
LED ŽARULJA E27 7W 3000K                ;640324    ;BY-PASS D.O.O. ÈAKOVEC;        0.00;   ;        1.69;        0.00;'8588008865385';PROIZVODI ZA KUÆANSTVO;        0.00;        0.00
LED ŽARULJA E27 9W 3000K                ;640328    ;BY-PASS D.O.O. ÈAKOVEC;        0.00;   ;        1.79;        0.00;'8588008865408';PROIZVODI ZA KUÆANSTVO;        0.00;        0.00
LED ŽARULJA E27 9W 4000K                ;640329    ;BY-PASS D.O.O. ÈAKOVEC;        0.00;   ;        1.29;        0.00;'8588008865415';PROIZVODI ZA KUÆANSTVO;        0.00;        0.00
LED ŽARULJA E27 11W 3000K               ;640330    ;BY-PASS D.O.O. ÈAKOVEC;        0.00;   ;        1.99;        0.00;'8588008865439';PROIZVODI ZA KUÆANSTVO;        0.00;        0.00
LED ŽARULJA E27 11W 4000K               ;640331    ;BY-PASS D.O.O. ÈAKOVEC;        0.00;   ;        1.59;        0.00;'8588008865446';PROIZVODI ZA KUÆANSTVO;        0.00;        0.00
LED ŽARULJA E27 15W 3000K               ;640332    ;BY-PASS D.O.O. ÈAKOVEC;        0.00;   ;        2.79;        0.00;'8588008865460';PROIZVODI ZA KUÆANSTVO;        0.00;        0.00
LED ŽARULJA SVIJEÆA E14 5W 4000K        ;640335    ;BY-PASS D.O.O. ÈAKOVEC;        0.00;   ;        1.25;        0.00;'8588008865507';PROIZVODI ZA KUÆANSTVO;        0.00;        0.00
LED ŽARULJA DEKOR E14 5W 4000K          ;640336    ;BY-PASS D.O.O. ÈAKOVEC;        0.00;   ;        1.25;        0.00;'8588008865569';PROIZVODI ZA KUÆANSTVO;        0.00;        0.00
LED ŽARULJA DEKOR E27 5W 4000K          ;640337    ;BY-PASS D.O.O. ÈAKOVEC;        0.00;   ;        1.25;        0.00;'8588008865620';PROIZVODI ZA KUÆANSTVO;        0.00;        0.00
LED ŽARULJA GU10 4,5W 4000K             ;640338    ;BY-PASS D.O.O. ÈAKOVEC;        0.00;   ;        1.25;        0.00;'8588008865712';PROIZVODI ZA KUÆANSTVO;        0.00;        0.00
LED ŽARULJA 3/1 10W E27 4000K           ;640792    ;BY-PASS D.O.O. ÈAKOVEC;        3.00;KOM;        3.99;        1.33;'5999097926841';PROIZVODI ZA KUÆANSTVO;        0.00;        0.00
INFRA RUBIN ŽARULJA 250W 230V E27       ;640803    ;BY-PASS D.O.O. ÈAKOVEC;        0.00;   ;        5.49;        0.00;'5999097907222';PROIZVODI ZA KUÆANSTVO;        0.00;        0.00
LED ŽARULJA SVIJEÆA E14 5W 3000K        ;641071    ;BY-PASS D.O.O. ÈAKOVEC;        0.00;   ;        1.59;        0.00;'8588008865491';PROIZVODI ZA KUÆANSTVO;        0.00;        0.00
ŽARULJA LED 8,5W E27 OSRAM 3KOM/PAK     ;641406    ;ROX d.o.o. ZAGREB;        3.00;KOM;        5.99;        2.00;'4058075127531';PROIZVODI ZA KUÆANSTVO;        0.00;        0.00
PATULJASTA ŽARULJA ZA NAPU/LED 40W230V  ;641539    ;BY-PASS D.O.O. ÈAKOVEC;        0.00;   ;        2.09;        0.00;'5999097956343';PROIZVODI ZA KUÆANSTVO;        0.00;        0.00
LED ŽARULJA SAMSUNG 4.5W 400K           ;642531    ;ELEKTROPROFI KSA D.O.O.;        0.00;   ;        1.69;        0.00;'3800157682084';PROIZVODI ZA KUÆANSTVO;        0.00;        0.00
LED ŽARULJA-SAMSUNG ÈIP 17W3 E27        ;642742    ;ELEKTROPROFI KSA D.O.O.;        0.00;   ;        3.49;        0.00;'3800170216129';PROIZVODI ZA KUÆANSTVO;        0.00;        0.00
LED ŽARULJA 4W FILAMENT SVIJEÆA E14     ;644105    ;ELEKTROPROFI KSA D.O.O.;        0.00;   ;        2.99;        0.00;'3800157675697';PROIZVODI ZA KUÆANSTVO;        0.00;        0.00
LED ŽARULJA 10,5W E27 A60 4000K         ;644106    ;ELEKTROPROFI KSA D.O.O.;        0.00;   ;        2.19;        0.00;'3800157693646';PROIZVODI ZA KUÆANSTVO;        0.00;        0.00
OSRAM LED ŽARULJA 8,5W E27 3/1          ;644113    ;ROX d.o.o. ZAGREB;        3.00;KOM;        5.99;        2.00;'4099854046797';PROIZVODI ZA KUÆANSTVO;        0.00;        0.00
ŽARULJA LED 28W 4000K E27 T100 IP20     ;644903    ;HERRERA D.O.O.;        0.00;   ;        8.99;        0.00;'5949097731037';PROIZVODI ZA KUÆANSTVO;        0.00;        0.00
ŽARULJA IND. SVIJEÆA 25W E14 MO         ;645938    ;BY-PASS D.O.O. ÈAKOVEC;        0.00;   ;        0.75;        0.00;'5999574561640';PROIZVODI ZA KUÆANSTVO;        0.00;        0.00
ŽARULJA IND SVIJEÆA 60W E14 MO          ;645939    ;BY-PASS D.O.O. ÈAKOVEC;        0.00;   ;        0.75;        0.00;'5999574561633';PROIZVODI ZA KUÆANSTVO;        0.00;        0.00
ŽARULJA LED 15W E27 A65 6500K           ;646575    ;ELEKTROPROFI KSA D.O.O.;        3.00;KOM;        7.99;        2.66;'3800157689250';PROIZVODI ZA KUÆANSTVO;        0.00;        0.00
LED ŽARULJA 15W E27 A65 3000K           ;647470    ;ELEKTROPROFI KSA D.O.O.;        0.00;   ;        1.69;        0.00;'3800157627726';PROIZVODI ZA KUÆANSTVO;        0.00;        0.00
LED ŽARULJA 8,5W E27 A60 4000K 10/1     ;647581    ;ELEKTROPROFI KSA D.O.O.;       10.00;KOM;       13.99;        1.40;'3858894794751';PROIZVODI ZA KUÆANSTVO;        0.00;        0.00
ŽARULJA INDUSTRIJSKA 75W E27 230V       ;648078    ;BY-PASS D.O.O. ÈAKOVEC;        0.00;   ;        0.73;        0.00;'5999565656706';PROIZVODI ZA KUÆANSTVO;        0.00;        0.00
LED ŽARULJA 17W A65 E27                 ;648547    ;ELEKTROPROFI KSA D.O.O.;        0.00;   ;        1.99;        0.00;'3800170217614';PROIZVODI ZA KUÆANSTVO;        0.00;        0.00
LED ŽARULJA-SAMSUNG ÈIP 15W E27         ;648548    ;ELEKTROPROFI KSA D.O.O.;        0.00;   ;        2.19;        0.00;'3800170216105';PROIZVODI ZA KUÆANSTVO;        0.00;        0.00
ŽARULJA LED 13W E27 A60 PHILIPS         ;648644    ;FILIR D.O.O.;        0.00;   ;        3.19;        0.00;'8720169253155';PROIZVODI ZA KUÆANSTVO;        0.00;        0.00
ŽARULJA LED 8W E27 A60 PHILIPS          ;648645    ;FILIR D.O.O.;        0.00;   ;        2.09;        0.00;'8719514257580';PROIZVODI ZA KUÆANSTVO;        0.00;        0.00
ŽARULJA LED 10W E27 A60 PHILIPS         ;648646    ;FILIR D.O.O.;        0.00;   ;        2.59;        0.00;'8720169253131';PROIZVODI ZA KUÆANSTVO;        0.00;        0.00
ŽARULJA 12V 60-55W 64193-018 P43T H4    ;650619    ;ROX d.o.o. ZAGREB;        0.00;   ;        4.49;        0.00;'4062172395601';PROIZVODI ZA KUÆANSTVO;        0.00;        0.00
ŽARULJA PHILIPS A60 1W FR ND            ;653987    ;FILIR D.O.O.;        0.00;   ;        2.39;        0.00;'8720169253841';PROIZVODI ZA KUÆANSTVO;        0.00;        0.00
ŽARULJA PHILIPS A60 13W WW FR ND        ;653988    ;FILIR D.O.O.;        0.00;   ;        3.19;        0.00;'8720169253216';PROIZVODI ZA KUÆANSTVO;        0.00;        0.00
ŽARULJA PHILIPS P45 4,9W E14 WW FR ND   ;653989    ;FILIR D.O.O.;        0.00;   ;        1.99;        0.00;'8719514312661';PROIZVODI ZA KUÆANSTVO;        0.00;        0.00
ŽARULJA PHILIPS E14 4,9W SVIJEÆA WW FR  ;653990    ;FILIR D.O.O.;        0.00;   ;        1.99;        0.00;'8719514312524';PROIZVODI ZA KUÆANSTVO;        0.00;        0.00
ŽARULJA IND. 60W E27 MO                 ;654599    ;BY-PASS D.O.O. ÈAKOVEC;        0.00;   ;        0.73;        0.00;'5999565656690';PROIZVODI ZA KUÆANSTVO;        0.00;        0.00
LED ŽARULJA 9W E27 A60 4000K            ;658671    ;FEROTEHNA D.O.O.;        0.00;   ;        1.59;        0.00;'3856023910218';PROIZVODI ZA KUÆANSTVO;        0.00;        0.00
LED ŽARULJA 12W E27 A60 4000K           ;658672    ;FEROTEHNA D.O.O.;        0.00;   ;        1.79;        0.00;'3856023910232';PROIZVODI ZA KUÆANSTVO;        0.00;        0.00
LED FILAMENT ŽARULJA E27 4W 2700K EDISON;658673    ;FEROTEHNA D.O.O.;        0.00;   ;        3.99;        0.00;'3856023910256';PROIZVODI ZA KUÆANSTVO;        0.00;        0.00
LED ŽARULJA 7W E14 G45 4000K            ;658689    ;FEROTEHNA D.O.O.;        0.00;   ;        1.59;        0.00;'3856023910249';PROIZVODI ZA KUÆANSTVO;        0.00;        0.00
LED ŽARULJA -15W E27 A65 4000K          ;691868    ;ELEKTROPROFI KSA D.O.O.;        0.00;   ;        1.89;        0.00;'3800170202665';PROIZVODI ZA KUÆANSTVO;        0.00;        0.00
PUNJIVE BATERIJE R2U AAA 2/1            ;174850    ;VARTA CONSUMER HRVATSKA D.O.O.;        2.00;KOM;        0.00;        3.35;'4008496550579';PROIZVODI ZA KUÆANSTVO;        7.96;        6.69
VARTA ACCU HR 6/AA 2100MAH MIGNON       ;174851    ;VARTA CONSUMER HRVATSKA D.O.O.;        0.00;   ;        0.00;        0.00;'4008496550654';PROIZVODI ZA KUÆANSTVO;        7.95;        6.69
VARTA BAT.CINK R14P/C SUPERL.BABY 2/1   ;181545    ;VARTA CONSUMER HRVATSKA D.O.O.;        2.00;KOM;        0.00;        1.35;'4008496556304';PROIZVODI ZA KUÆANSTVO;        3.18;        2.69
VARTA BAT.CINK 6F22 SUPERL.9VOLT 1/1    ;181548    ;VARTA CONSUMER HRVATSKA D.O.O.;        1.00;KOM;        0.00;        2.69;'4008496556427';PROIZVODI ZA KUÆANSTVO;        3.18;        2.69
VARTA BATERIJE HIGH ENERGY AAA LR03 4/1 ;185204    ;VARTA CONSUMER HRVATSKA D.O.O.;        4.00;KOM;        5.29;        1.32;'4008496559749';PROIZVODI ZA KUÆANSTVO;        0.00;        0.00
VARTA BATERIJE HIGH ENERGY AA LR6 4/1   ;186248    ;VARTA CONSUMER HRVATSKA D.O.O.;        4.00;KOM;        5.29;        1.32;'4008496559435';PROIZVODI ZA KUÆANSTVO;        0.00;        0.00
DURACELL C K2 IMPR.B LR14 411105        ;220586    ;ATLANTIC TRADE d.o.o.;        2.00;KOM;        6.29;        3.15;'5000394076761';PROIZVODI ZA KUÆANSTVO;        0.00;        0.00
DURACELL D K2 IMPR.B.LR20 411106        ;220587    ;ATLANTIC TRADE d.o.o.;        2.00;KOM;        6.59;        3.30;'5000394076730';PROIZVODI ZA KUÆANSTVO;        0.00;        0.00
DURACELL 9V IMPR.B.6LR61 411107         ;220588    ;ATLANTIC TRADE d.o.o.;        1.00;KOM;        6.19;        6.19;'5000394077225';PROIZVODI ZA KUÆANSTVO;        0.00;        0.00
VARTA BAT V 23 GA ELEKTRONICS 1/10/100  ;266594    ;VARTA CONSUMER HRVATSKA D.O.O.;        0.00;   ;        0.00;        0.00;'4008496261628';PROIZVODI ZA KUÆANSTVO;        2.39;        1.99
VARTA BATT CR 2032 ELECTRONICS 1/10/100 ;266595    ;VARTA CONSUMER HRVATSKA D.O.O.;        0.00;   ;        0.00;        0.00;'4008496276882';PROIZVODI ZA KUÆANSTVO;        2.39;        1.99
VARTA ALKALINE LONGLIFE AA BL14 LR6     ;289573    ;VARTA CONSUMER HRVATSKA D.O.O.;        4.00;KOM;        0.00;        0.92;'4008496525157';PROIZVODI ZA KUÆANSTVO;        4.39;        3.69
DUGMASTE BATERIJE CR2025 1/1            ;293897    ;VARTA CONSUMER HRVATSKA D.O.O.;        0.00;   ;        0.00;        0.00;'4008496276875';PROIZVODI ZA KUÆANSTVO;        2.39;        1.99
VARTA BATT V13GA ELECTRONICS BLI 1/10/10;328594    ;VARTA CONSUMER HRVATSKA D.O.O.;        0.00;   ;        0.00;        0.00;'4008496297641';PROIZVODI ZA KUÆANSTVO;        2.39;        1.99
VARTA ENERGY AAA BLI4                   ;343317    ;VARTA CONSUMER HRVATSKA D.O.O.;        4.00;KOM;        1.99;        0.50;'4008496626458';PROIZVODI ZA KUÆANSTVO;        0.00;        0.00
DURACELL BASIC AAA K4 DURALOCK          ;409393    ;ATLANTIC TRADE d.o.o.;        4.00;KOM;        5.99;        1.50;'5000394077164';PROIZVODI ZA KUÆANSTVO;        0.00;        0.00
DURACELL BASIC AA K4 DURALOCK 4/1       ;413329    ;ATLANTIC TRADE d.o.o.;        4.00;KOM;        5.99;        1.50;'5000394076952';PROIZVODI ZA KUÆANSTVO;        0.00;        0.00
VARTA BATERIJE ENERGY AA 8 KOM.         ;510953    ;VARTA CONSUMER HRVATSKA D.O.O.;        8.00;KOM;        3.98;        0.50;'4008496626496';PROIZVODI ZA KUÆANSTVO;        0.00;        0.00
VARTA BATERIJE CR2032                   ;518963    ;VARTA CONSUMER HRVATSKA D.O.O.;        2.00;KOM;        0.00;        1.65;'4008496746460';PROIZVODI ZA KUÆANSTVO;        3.98;        3.29
VARTA BATERIJE SUPERLIFE AAA BLI 8      ;531455    ;VARTA CONSUMER HRVATSKA D.O.O.;        0.00;   ;        2.52;        0.00;'4008496886654';PROIZVODI ZA KUÆANSTVO;        0.00;        0.00
DURACELL DL 2032 B2                     ;573653    ;ATLANTIC TRADE d.o.o.;        0.00;   ;        3.99;        0.00;'5000394054967';PROIZVODI ZA KUÆANSTVO;        0.00;        0.00
BATERIJE ENERGIZER R6 AA CINK 4/1       ;576785    ;FILIR D.O.O.;        4.00;KOM;        1.99;        0.50;'7638900083590';PROIZVODI ZA KUÆANSTVO;        0.00;        0.00
BATERIJE ENERGIZER R03 AAA CINK 4/1     ;576786    ;FILIR D.O.O.;        4.00;KOM;        1.99;        0.50;'7638900227550';PROIZVODI ZA KUÆANSTVO;        0.00;        0.00
DURACELL BASIC AA K6                    ;607663    ;ATLANTIC TRADE d.o.o.;        6.00;KOM;        7.59;        1.27;'5000394142183';PROIZVODI ZA KUÆANSTVO;        0.00;        0.00
DURACELL BASIC AAA K6                   ;607664    ;ATLANTIC TRADE d.o.o.;        6.00;KOM;        7.59;        1.27;'5000394142404';PROIZVODI ZA KUÆANSTVO;        0.00;        0.00
NIMH BATERY/2XAAA MICRO/R4              ;628537    ;PRO-TRADE D.O.O.;        0.00;   ;        7.99;        0.00;'4047443488961';PROIZVODI ZA KUÆANSTVO;        0.00;        0.00
VARTA BATERIJA CR2025 BLISTER 2         ;634656    ;VARTA CONSUMER HRVATSKA D.O.O.;        0.00;   ;        0.00;        0.00;'4008496746422';PROIZVODI ZA KUÆANSTVO;        4.19;        3.39
BATERIJA TOSHIBA LR06 AA 8KOM ALKALINE  ;637569    ;ORBICO d.o.o.;        8.00;KOM;        4.49;        0.56;'4904530592560';PROIZVODI ZA KUÆANSTVO;        0.00;        0.00
BATERIJA TOSHIBA LR06 AAA 8KOM ALKALINE ;637571    ;ORBICO d.o.o.;        8.00;KOM;        4.49;        0.56;'4904530592621';PROIZVODI ZA KUÆANSTVO;        0.00;        0.00
NIMH BATTERY/2XAAA/700MAH/MICRO         ;640523    ;PRO-TRADE D.O.O.;        0.00;   ;        5.99;        0.00;'4047443488909';PROIZVODI ZA KUÆANSTVO;        0.00;        0.00
DURACELL OPTIMUM AA                     ;690481    ;ATLANTIC TRADE d.o.o.;        0.00;   ;        7.39;        0.00;'5000394158696';PROIZVODI ZA KUÆANSTVO;        0.00;        0.00
DURACELL OPTIMUM AAA                    ;690482    ;ATLANTIC TRADE d.o.o.;        0.00;   ;        7.39;        0.00;'5000394158726';PROIZVODI ZA KUÆANSTVO;        0.00;        0.00
CINK KLORID 1,5V BATERIJA               ;691856    ;ELEKTROPROFI KSA D.O.O.;        0.00;   ;        1.89;        0.00;'8595159876979';PROIZVODI ZA KUÆANSTVO;        0.00;        0.00
RUKAVICE SEMPERIT VEL.7 S               ;03357     ;ALCA ZAGREB D.O.O.;        0.00;KOM;        1.72;        0.00;'9001570497666';PROIZVODI ZA KUÆANSTVO;        0.00;        0.00
VILEDA RUKAVICE SENSITIVE M             ;09274     ;AWTINTERNATIONAL D.O.O. ZAGREB;        0.00;KOM;        3.99;        0.00;'8001940003320';PROIZVODI ZA KUÆANSTVO;        0.00;        0.00
RUKAVICE SEMPERIT VEL.8                 ;15515     ;ALCA ZAGREB D.O.O.;        0.00;KOM;        1.72;        0.00;'9001570497673';PROIZVODI ZA KUÆANSTVO;        0.00;        0.00
RUKAVICE SEMPERIT VEL.9                 ;15516     ;ALCA ZAGREB D.O.O.;        0.00;KOM;        1.72;        0.00;'9001570497680';PROIZVODI ZA KUÆANSTVO;        0.00;        0.00
RUKAVICE SEMPERIT VEL.10 XL             ;18697     ;ALCA ZAGREB D.O.O.;        0.00;   ;        1.72;        0.00;'9001570497697';PROIZVODI ZA KUÆANSTVO;        0.00;        0.00
VILEDA RUKAVICE SENSITIVE L             ;22243     ;AWTINTERNATIONAL D.O.O. ZAGREB;        0.00;   ;        3.99;        0.00;'8001940003337';PROIZVODI ZA KUÆANSTVO;        0.00;        0.00
RUKAVICE LATEX BIJELE S PUDEROM S       ;281398    ;VIKRIDAN D.O.O.;      100.00;KOM;        9.99;        0.10;'3850297019585';PROIZVODI ZA KUÆANSTVO;        0.00;        0.00
RUKAVICE LATEX BIJELE S PUDEROM M       ;281399    ;VIKRIDAN D.O.O.;        1.00;KOM;        9.99;        9.99;'3850297019592';PROIZVODI ZA KUÆANSTVO;        0.00;        0.00
RUKAVICE LATEX BIJELE S PUDEROM L       ;281400    ;VIKRIDAN D.O.O.;      100.00;KOM;        9.99;        0.10;'3850297019608';PROIZVODI ZA KUÆANSTVO;        0.00;        0.00
RUKAVICE LATEX BIJELE S PUDEROM XL 100/ ;281401    ;VIKRIDAN D.O.O.;      100.00;KOM;        9.49;        0.09;'3850297019615';PROIZVODI ZA KUÆANSTVO;        0.00;        0.00
RUKAVICE DOMAÆINSKE VEL.M               ;429178    ;VIKRIDAN D.O.O.;        0.00;   ;        1.39;        0.00;'8591806000025';PROIZVODI ZA KUÆANSTVO;        0.00;        0.00
RUKAVICE JEDNOKRATNE SREDNJE 10/1 FINO  ;557883    ;FILIR D.O.O.;       10.00;KOM;        2.39;        0.24;'8606013471435';PROIZVODI ZA KUÆANSTVO;        0.00;        0.00
RUKAVICE JEDNOKRATNE VELIKE 10/1 FINO   ;557887    ;FILIR D.O.O.;       10.00;KOM;        2.29;        0.23;'8606013471442';PROIZVODI ZA KUÆANSTVO;        0.00;        0.00
RUKAVICE DOMAÆINSKE VEL:XL-10           ;578656    ;VIKRIDAN D.O.O.;        0.00;   ;        1.39;        0.00;'8591806000049';PROIZVODI ZA KUÆANSTVO;        0.00;        0.00
RUKAVICE ZA DOMAÆINSTVO M               ;604312    ;ÈULJAK D.O.O.;        0.00;   ;        1.39;        0.00;'3245421124172';PROIZVODI ZA KUÆANSTVO;        0.00;        0.00
RUKAVICE ZA DOMAÆINSTVO L               ;604313    ;ÈULJAK D.O.O.;        0.00;   ;        1.39;        0.00;'3245421124189';PROIZVODI ZA KUÆANSTVO;        0.00;        0.00
RUKAVICE ZA DOMAÆINSTVO S               ;604316    ;ÈULJAK D.O.O.;        0.00;   ;        1.39;        0.00;'3245421124165';PROIZVODI ZA KUÆANSTVO;        0.00;        0.00
RUKAVICE EXTRA SENSATION M              ;609718    ;AWTINTERNATIONAL D.O.O. ZAGREB;        0.00;   ;        3.89;        0.00;'4023103073937';PROIZVODI ZA KUÆANSTVO;        0.00;        0.00
RUKAVICE VILEDA EXTRA SENS. L           ;614098    ;AWTINTERNATIONAL D.O.O. ZAGREB;        0.00;   ;        0.00;        0.00;'4023103073944';PROIZVODI ZA KUÆANSTVO;        2.49;        2.45
RUKAVICE LATEX S-M 10/1 PEREX           ;640898    ;VM2 d.o.o.ZAGREB;       10.00;KOM;        1.99;        0.20;'3872292004298';PROIZVODI ZA KUÆANSTVO;        0.00;        0.00
RUKAVICE NITRIL L BP 100/1              ;645317    ;VIKRIDAN D.O.O.;      100.00;KOM;        6.49;        0.06;'8034055914557';PROIZVODI ZA KUÆANSTVO;        0.00;        0.00
RUKAVICE NITRIL M BP 100/1              ;645320    ;VIKRIDAN D.O.O.;      100.00;KOM;        6.49;        0.06;'8034055914564';PROIZVODI ZA KUÆANSTVO;        0.00;        0.00
RUKAVICE NITRIL XL BP 100/1             ;645322    ;VIKRIDAN D.O.O.;      100.00;KOM;        6.49;        0.06;'8034055914571';PROIZVODI ZA KUÆANSTVO;        0.00;        0.00
RUKAVICE LATEX L SP 200/1               ;662296    ;VIKRIDAN D.O.O.;      200.00;KOM;       10.99;        0.05;'8605039105799';PROIZVODI ZA KUÆANSTVO;        0.00;        0.00
RUKAVICE LATEX M SP 200/1               ;663600    ;VIKRIDAN D.O.O.;        0.00;   ;       10.99;        0.00;'8605039105805';PROIZVODI ZA KUÆANSTVO;        0.00;        0.00
RUKAVICE LATEX S SP 200/1               ;663601    ;VIKRIDAN D.O.O.;        0.00;   ;       10.99;        0.00;'8605039105812';PROIZVODI ZA KUÆANSTVO;        0.00;        0.00
PLADANJ ZA SERVIR.2/1 45X30             ;110280    ;VIKRIDAN D.O.O.;        2.00;KOM;        2.52;        1.26;'9001376088839';PROIZVODI ZA KUÆANSTVO;        0.00;        0.00
BIJELI TANJUR 10/1 23cm                 ;208223    ;DELFIN d.o.o.;       10.00;KOM;        1.33;        0.13;'3858887180011';PROIZVODI ZA KUÆANSTVO;        0.00;        0.00
BIJELE ÈAŠE 10/1 2DC                    ;208224    ;DELFIN d.o.o.;       10.00;KOM;        1.19;        0.12;'3858887180028';PROIZVODI ZA KUÆANSTVO;        0.00;        0.00
BIJELE ÈAŠE 50/1 2DC                    ;208226    ;DELFIN d.o.o.;       50.00;KOM;        4.91;        0.10;'3858887180042';PROIZVODI ZA KUÆANSTVO;        0.00;        0.00
POKLOPAC PVC 20X30cm                    ;243169    ;BRODPLAST D.O.O.;        0.00;   ;        0.60;        0.00;'3858884351315';PROIZVODI ZA KUÆANSTVO;        0.00;        0.00
MUHOMLAT 1/1 TOTRAL                     ;318494    ;TOTRAL D.O.O.;        0.00;   ;        0.49;        0.00;'3859888388086';PROIZVODI ZA KUÆANSTVO;        0.00;        0.00
KUTIJA PVC 300g                         ;431961    ;BRODPLAST D.O.O.;        0.00;   ;        0.40;        0.00;'3858884354095';PROIZVODI ZA KUÆANSTVO;        0.00;        0.00
KUTIJA PVC 500g                         ;431962    ;BRODPLAST D.O.O.;        1.00;KOM;        0.46;        0.46;'3858884353937';PROIZVODI ZA KUÆANSTVO;        0.00;        0.00
PVC KUTIJA 750g 854                     ;432273    ;BRODPLAST D.O.O.;        0.00;   ;        0.66;        0.00;'3858884354101';PROIZVODI ZA KUÆANSTVO;        0.00;        0.00
TACNA 15X25cm                           ;440876    ;BRODPLAST D.O.O.;        0.00;   ;        0.80;        0.00;'3858884355207';PROIZVODI ZA KUÆANSTVO;        0.00;        0.00
PVC POKLOPAC 15X25cm                    ;440877    ;BRODPLAST D.O.O.;        0.00;   ;        0.46;        0.00;'3858884355221';PROIZVODI ZA KUÆANSTVO;        0.00;        0.00
TACNA 30X40cm                           ;440878    ;BRODPLAST D.O.O.;        0.00;   ;        2.25;        0.00;'3858884352350';PROIZVODI ZA KUÆANSTVO;        0.00;        0.00
PVC POKLOPAC 30X40cm                    ;440879    ;BRODPLAST D.O.O.;        0.00;   ;        1.19;        0.00;'3858884352923';PROIZVODI ZA KUÆANSTVO;        0.00;        0.00
TACNA 26cm                              ;440880    ;BRODPLAST D.O.O.;        0.00;   ;        0.93;        0.00;'3858884355214';PROIZVODI ZA KUÆANSTVO;        0.00;        0.00
PVC POKLOPAC 26cm                       ;440881    ;BRODPLAST D.O.O.;        0.00;   ;        0.66;        0.00;'3858884355238';PROIZVODI ZA KUÆANSTVO;        0.00;        0.00
POKLOP PVC 30X40cm VISOKI               ;444434    ;BRODPLAST D.O.O.;        0.00;   ;        2.65;        0.00;'3858884354279';PROIZVODI ZA KUÆANSTVO;        0.00;        0.00
ÈAŠE 200CC 100/1 PROZIRNE               ;445500    ;V-PROMET d.o.o. ZAGREB;        0.00;   ;        1.99;        0.00;'8001511003735';PROIZVODI ZA KUÆANSTVO;        0.00;        0.00
ALUMINIJSKA PLATA 333X233mm 5/1 OVALNA  ;446007    ;V-PROMET d.o.o. ZAGREB;        5.00;KOM;        3.71;        0.74;'3859890792413';PROIZVODI ZA KUÆANSTVO;        0.00;        0.00
ALUMINIJSKA PLATA 445X295mm 3/1 OVALNA  ;446010    ;V-PROMET d.o.o. ZAGREB;        3.00;KOM;        3.32;        1.11;'3859890792437';PROIZVODI ZA KUÆANSTVO;        0.00;        0.00
PRITISKIVAÈ ZA ZIMNICU 10KOM            ;450750    ;BRODPLAST D.O.O.;       10.00;KOM;        0.53;        0.05;'3858884350189';PROIZVODI ZA KUÆANSTVO;        0.00;        0.00
TACNA 20*30cm                           ;515850    ;BRODPLAST D.O.O.;        0.00;   ;        0.93;        0.00;'3858884351407';PROIZVODI ZA KUÆANSTVO;        0.00;        0.00
ÈAŠA ROYAL PVC 0,2L 100/1 BIJELA        ;535370    ;TRGOMIX d.o.o.SPLIT;      100.00;KOM;        1.59;        0.02;'3858888962838';PROIZVODI ZA KUÆANSTVO;        0.00;        0.00
ÈAŠA PVC 0,3L 50/1 PROZIRNA             ;535372    ;TRGOMIX d.o.o.SPLIT;       50.00;KOM;        1.72;        0.03;'3858888962845';PROIZVODI ZA KUÆANSTVO;        0.00;        0.00
ÈAŠA PVC 0,5L 25/1 PROZIRNA             ;535373    ;TRGOMIX d.o.o.SPLIT;       25.00;KOM;        1.85;        0.07;'3858888962852';PROIZVODI ZA KUÆANSTVO;        0.00;        0.00
ÈAŠA KRISTAL 250mL 50/1                 ;592496    ;V-PROMET d.o.o. ZAGREB;        0.00;   ;        2.92;        0.00;'8001511105453';PROIZVODI ZA KUÆANSTVO;        0.00;        0.00
VILICA DRVENA BIO 10/1                  ;607391    ;V-PROMET d.o.o. ZAGREB;       10.00;KOM;        0.53;        0.05;'3859890792352';PROIZVODI ZA KUÆANSTVO;        0.00;        0.00
TANJUR OVALNI 260X200 BIO PULPA 10/1    ;607398    ;V-PROMET d.o.o. ZAGREB;       10.00;KOM;        2.19;        0.22;'3859890792574';PROIZVODI ZA KUÆANSTVO;        0.00;        0.00
NOŽ DRVENI BIO 100/1                    ;607470    ;V-PROMET d.o.o. ZAGREB;        0.00;   ;        3.32;        0.00;'8001511103749';PROIZVODI ZA KUÆANSTVO;        0.00;        0.00
PAPIRNATE ÈAŠE 0,2 BIJELE 50/1          ;615544    ;SPARTA TRGOVINA DOO;       50.00;KOM;        1.86;        0.04;'3859893797026';PROIZVODI ZA KUÆANSTVO;        0.00;        0.00
TANJURI PAPIRNATI PLITKI 22cm 50/1      ;633552    ;TRGOMIX d.o.o.SPLIT;       50.00;KOM;        3.39;        0.07;'3858888967581';PROIZVODI ZA KUÆANSTVO;        0.00;        0.00
NOŽ BIO VIŠEKRATNI 10/1                 ;635303    ;TRGOMIX d.o.o.SPLIT;       10.00;KOM;        0.79;        0.08;'3858888967567';PROIZVODI ZA KUÆANSTVO;        0.00;        0.00
VILICA BIO VIŠEKRATNA 10/1              ;635305    ;TRGOMIX d.o.o.SPLIT;       10.00;KOM;        0.79;        0.08;'3858888967529';PROIZVODI ZA KUÆANSTVO;        0.00;        0.00
ŽLICA BIO VIŠEKRATNA 10/1               ;635307    ;TRGOMIX d.o.o.SPLIT;       10.00;KOM;        0.79;        0.08;'3858888967543';PROIZVODI ZA KUÆANSTVO;        0.00;        0.00
VILICA DRVENA BIO 100/1                 ;637268    ;V-PROMET d.o.o. ZAGREB;      100.00;KOM;        3.98;        0.04;'3859890792659';PROIZVODI ZA KUÆANSTVO;        0.00;        0.00
ŽLICA DRVENA BIO 100/1                  ;637269    ;V-PROMET d.o.o. ZAGREB;      100.00;KOM;        4.79;        0.05;'3859890792666';PROIZVODI ZA KUÆANSTVO;        0.00;        0.00
PAPIRNATA ÈAŠA 473mL 50/1               ;642730    ;BRODPLAST D.O.O.;       50.00;KOM;        5.39;        0.11;'8697781930903';PROIZVODI ZA KUÆANSTVO;        0.00;        0.00
DESERTNA POSUDA 120CC 50/1              ;642731    ;BRODPLAST D.O.O.;       50.00;KOM;        6.59;        0.13;'8692241040611';PROIZVODI ZA KUÆANSTVO;        0.00;        0.00
DESERTNA POSUDA 200CC 25/1              ;642732    ;BRODPLAST D.O.O.;       25.00;KOM;        4.69;        0.19;'8691134710310';PROIZVODI ZA KUÆANSTVO;        0.00;        0.00
SLAMKA PAPIRNATA FI 6mm 197mm 25/1      ;645993    ;TRGOMIX d.o.o.SPLIT;        0.00;   ;        0.66;        0.00;'3858888968151';PROIZVODI ZA KUÆANSTVO;        0.00;        0.00
ÈAŠA PAPIRNATE BIJELE CCA240ML 50/1     ;646173    ;TRGOMIX d.o.o.SPLIT;        0.00;   ;        0.00;        0.00;'3858888967741';PROIZVODI ZA KUÆANSTVO;        2.09;        1.79
POSUDICE BIO PULPA 50/1                 ;647781    ;V-PROMET d.o.o. ZAGREB;       50.00;KOM;        5.69;        0.11;'3859890792703';PROIZVODI ZA KUÆANSTVO;        0.00;        0.00
TANJUR PAPIRNATI PLITKI 18cm 50/1       ;647795    ;TRGOMIX d.o.o.SPLIT;       50.00;KOM;        2.65;        0.05;'3858888968106';PROIZVODI ZA KUÆANSTVO;        0.00;        0.00
PAPIRNATE ÈAŠE 0,2L BIJELE 50/1         ;651997    ;SPARTA TRGOVINA DOO;       50.00;KOM;        1.49;        0.03;'3859888668317';PROIZVODI ZA KUÆANSTVO;        0.00;        0.00
PAPIRNATE ÈAŠE 0,3L BIJELE 50/1 BAŽDAR  ;651998    ;SPARTA TRGOVINA DOO;       50.00;KOM;        2.49;        0.05;'3859888668324';PROIZVODI ZA KUÆANSTVO;        0.00;        0.00
PAPIRNATI TANJURI FI18 25/1             ;651999    ;SPARTA TRGOVINA DOO;       25.00;KOM;        1.29;        0.05;'3859888668331';PROIZVODI ZA KUÆANSTVO;        0.00;        0.00
VILICA 10/1                             ;652002    ;SPARTA TRGOVINA DOO;       10.00;KOM;        0.99;        0.10;'3859888668355';PROIZVODI ZA KUÆANSTVO;        0.00;        0.00
NOŽ 10/1                                ;652003    ;SPARTA TRGOVINA DOO;       10.00;KOM;        0.99;        0.10;'3859888668379';PROIZVODI ZA KUÆANSTVO;        0.00;        0.00
ŽLICA 10/1                              ;652004    ;SPARTA TRGOVINA DOO;       10.00;KOM;        0.99;        0.10;'3859888668362';PROIZVODI ZA KUÆANSTVO;        0.00;        0.00
ÈAŠE PAPIRNATE BIJELE 300mL 50/1        ;664266    ;TRGOMIX d.o.o.SPLIT;       50.00;KOM;        2.19;        0.04;'3858888968700';PROIZVODI ZA KUÆANSTVO;        0.00;        0.00
ÈAŠE PAPIRNATE BIJELE 400mL 25/1        ;664269    ;TRGOMIX d.o.o.SPLIT;       25.00;KOM;        1.99;        0.08;'3858888968717';PROIZVODI ZA KUÆANSTVO;        0.00;        0.00
ALU ZDJELICE 10/1                       ;692803    ;DELFIN d.o.o.;        0.00;   ;        3.32;        0.00;'8011851101305';PROIZVODI ZA KUÆANSTVO;        0.00;        0.00
ÈAÈKALICE 200/1 PVC INDOR               ;100233    ;INDOR          ;      200.00;KOM;        0.40;        0.00;'3859888427181';PROIZVODI ZA KUÆANSTVO;        0.00;        0.00
ÈAÈKALICE 500/1 NIDAKKO                 ;167094    ;NIDA D.O.O.;      500.00;KOM;        0.86;        0.00;'3858886332442';PROIZVODI ZA KUÆANSTVO;        0.00;        0.00
ÈAÈKALICE HIG.NIDAKKO 200/1             ;206145    ;NIDA D.O.O.;      200.00;KOM;        0.66;        0.00;'3858886331186';PROIZVODI ZA KUÆANSTVO;        0.00;        0.00
ÈAÈKALICE INDOR 300/1                   ;253510    ;INDOR          ;      300.00;KOM;        0.80;        0.00;'3859888427242';PROIZVODI ZA KUÆANSTVO;        0.00;        0.00
ŠTAPIÆI ZA RAŽNJIÆE NIDA 100/1          ;290925    ;NIDA D.O.O.;        0.00;   ;        1.29;        0.00;'3858886332480';PROIZVODI ZA KUÆANSTVO;        0.00;        0.00
SAMURAI ÈAÈKALICE HIG.1000/1            ;347751    ;JARBOLET DOO;    1,000.00;KOM;        7.29;        0.01;'8003350503551';PROIZVODI ZA KUÆANSTVO;        0.00;        0.00
INDOR ÈAÈKALICE 500/1 TULJAK            ;405418    ;INDOR          ;      500.00;KOM;        0.93;        0.00;'3859888427174';PROIZVODI ZA KUÆANSTVO;        0.00;        0.00
ÈAÈKALICE NIDAKKO 250/1                 ;426721    ;NIDA D.O.O.;      250.00;KOM;        0.49;        0.00;'3858886332459';PROIZVODI ZA KUÆANSTVO;        0.00;        0.00
ŠTAPIÆI ZA RAŽNJIÆE 20cm 100/1          ;533156    ;INDOR D.O.O.ZAGREB;      100.00;KOM;        0.93;        0.01;'3859888427235';PROIZVODI ZA KUÆANSTVO;        0.00;        0.00
SAMURAI RAŽNJIÆI 30cm 40/1              ;538032    ;JARBOLET DOO;       40.00;KOM;        1.55;        0.04;'8003350547029';PROIZVODI ZA KUÆANSTVO;        0.00;        0.00
SAMURAI RAŽNJIÆI 20cm 75/1              ;545689    ;JARBOLET DOO;       75.00;KOM;        1.39;        0.02;'8003350546961';PROIZVODI ZA KUÆANSTVO;        0.00;        0.00
SAMURAI RAŽNJIÆI 15cm 100/1             ;545749    ;JARBOLET DOO;      100.00;KOM;        1.45;        0.01;'8003350546930';PROIZVODI ZA KUÆANSTVO;        0.00;        0.00
ÈAÈKALICE HIGIJESKE 200/1               ;645390    ;RADION D.O.O.;      200.00;KOM;        1.09;        0.01;'3858884122229';PROIZVODI ZA KUÆANSTVO;        0.00;        0.00
WHISKAS 300g DRY PILE/POVRÆE            ;153717    ;WHISKAS        ;        0.30;kg ;        2.39;        7.97;'5900951014055';PROIZVODI ZA KUÆANSTVO;        0.00;        0.00
WHISKAS 300g DRY TUNA/POVRÆE            ;160330    ;WHISKAS        ;        0.30;kg ;        2.39;        7.97;'5900951014093';PROIZVODI ZA KUÆANSTVO;        0.00;        0.00
WHISKAS 300g DRY JUNIOR PILETINA        ;160331    ;WHISKAS        ;        0.30;kg ;        2.39;        7.97;'5900951014079';PROIZVODI ZA KUÆANSTVO;        0.00;        0.00
FRISKIES SM MESO+JETRA+POVRÆE 300g      ;254728    ;FRISKIES       ;        0.30;kg ;        2.19;        7.30;'7613031868308';PROIZVODI ZA KUÆANSTVO;        0.00;        0.00
FRISKIES SM PILE+JETRA+POVRÆE 300g      ;254729    ;FRISKIES       ;        0.30;kg ;        2.19;        7.30;'7613031868247';PROIZVODI ZA KUÆANSTVO;        0.00;        0.00
FRISKIES SM JUNIOR 300g                 ;254737    ;FRISKIES       ;        0.30;kg ;        2.19;        7.30;'7613031868384';PROIZVODI ZA KUÆANSTVO;        0.00;        0.00
FRISKIES SM LOS+TUN+ZEL.POV 300g        ;255977    ;FRISKIES       ;        0.30;kg ;        2.19;        7.30;'7613031868063';PROIZVODI ZA KUÆANSTVO;        0.00;        0.00
GOURMET GOLD MM PILETINA 85g            ;271984    ;GOURMET        ;        0.09;kg ;        0.89;       10.47;'7613032816537';PROIZVODI ZA KUÆANSTVO;        0.00;        0.00
GOURMET GOLD GOVEDINA 85g               ;272113    ;GOURMET        ;        0.09;kg ;        0.89;       10.47;'7613032816506';PROIZVODI ZA KUÆANSTVO;        0.00;        0.00
CIUFFI ZA MAÈKE 2kg COMPLETE            ;310301    ;CIUFFI         ;        2.00;kg ;        4.99;        2.50;'8001541001299';PROIZVODI ZA KUÆANSTVO;        0.00;        0.00
CIUFFI ZA MAÈKE 2kg SENSIBLE+           ;310302    ;CIUFFI         ;        2.00;kg ;        4.99;        2.50;'8001541001275';PROIZVODI ZA KUÆANSTVO;        0.00;        0.00
GOURMET GOLD MM TUNA+OSLIÆ 85g NEW      ;320274    ;GOURMET        ;        0.09;kg ;        0.89;       10.47;'7613032814526';PROIZVODI ZA KUÆANSTVO;        0.00;        0.00
GOURMET GOLD MM PURETINA 85g NEW        ;320416    ;GOURMET        ;        0.09;kg ;        0.89;       10.47;'7613032814953';PROIZVODI ZA KUÆANSTVO;        0.00;        0.00
GOURMET GOLD MM JANJETINA+PAÈE 85g      ;320824    ;GOURMET        ;        0.09;kg ;        0.89;       10.47;'7613032814571';PROIZVODI ZA KUÆANSTVO;        0.00;        0.00
GOURMET GOLD MM CIG. CHKN&SMN 85g NEW   ;320825    ;GOURMET        ;        0.09;kg ;        0.89;       10.47;'7613032815318';PROIZVODI ZA KUÆANSTVO;        0.00;        0.00
GOURMET GOLD MM DUOB GOV+PILET 85g NEW  ;320826    ;GOURMET        ;        0.09;kg ;        0.89;       10.47;'7613032816766';PROIZVODI ZA KUÆANSTVO;        0.00;        0.00
GOURMET GOLD CIC PIL.+JETRA 85g         ;330838    ;GOURMET        ;        0.09;kg ;        0.89;       10.47;'7613032814601';PROIZVODI ZA KUÆANSTVO;        0.00;        0.00
FRISKIES SM ZA STERILIZIRANE MAÈKE      ;330975    ;FRISKIES       ;        0.30;kg ;        2.19;        7.30;'7613033000225';PROIZVODI ZA KUÆANSTVO;        0.00;        0.00
FRISKIES SM ADULT MESO&PILE&P 1,5kg     ;374462    ;FRISKIES       ;        1.50;kg ;        6.69;        4.46;'7613033923005';PROIZVODI ZA KUÆANSTVO;        0.00;        0.00
GOURMET GOLD COMP ZEÈETINA 85g          ;383578    ;GOURMET        ;        0.09;kg ;        0.89;       10.47;'7613032816797';PROIZVODI ZA KUÆANSTVO;        0.00;        0.00
FRISKIES SM ADULT LOS/POV 1,5kg         ;389336    ;FRISKIES       ;        1.50;kg ;        6.69;        4.46;'7613033923562';PROIZVODI ZA KUÆANSTVO;        0.00;        0.00
FRISKIES SM ADULT PIL/POV 1,5kg         ;389337    ;FRISKIES       ;        1.50;kg ;        6.69;        4.46;'7613033923586';PROIZVODI ZA KUÆANSTVO;        0.00;        0.00
KITEKAT 300g DRY S PILETINOM I POVRCEM  ;421795    ;KITEKAT        ;        0.30;kg ;        2.09;        6.97;'5900951248481';PROIZVODI ZA KUÆANSTVO;        0.00;        0.00
FELIX PARTY MIX OCEAN 60g               ;443751    ;FELIX          ;        0.06;kg ;        1.45;       24.17;'3858890176919';PROIZVODI ZA KUÆANSTVO;        0.00;        0.00
FELIX PARTY MIX ORIGINAL 60g            ;443753    ;FELIX          ;        0.06;kg ;        1.55;       25.83;'3858890176933';PROIZVODI ZA KUÆANSTVO;        0.00;        0.00
WHISKAS 1,4kg DRY GOVEDINA 1+           ;505848    ;WHISKAS        ;        1.40;kg ;        8.99;        6.42;'5998749129746';PROIZVODI ZA KUÆANSTVO;        0.00;        0.00
WHISKAS 1.4kg DRY PILETINA 1+           ;505849    ;WHISKAS        ;        1.40;kg ;        8.99;        6.42;'5998749129784';PROIZVODI ZA KUÆANSTVO;        0.00;        0.00
WHISKAS 1,4kg DRC TUNA                  ;509640    ;WHISKAS        ;        1.40;kg ;        8.99;        6.42;'5998749129944';PROIZVODI ZA KUÆANSTVO;        0.00;        0.00
WHISKAS 1,4kg DRY STERILE PILETINA      ;509641    ;WHISKAS        ;        1.40;kg ;        8.99;        6.42;'5900951259180';PROIZVODI ZA KUÆANSTVO;        0.00;        0.00
FELIX PARTY MIXED GRILL 60g             ;515352    ;FELIX          ;        0.06;kg ;        1.45;       24.17;'3858890176957';PROIZVODI ZA KUÆANSTVO;        0.00;        0.00
K-9 PILETINA MAÈKE 415g                 ;535113    ;K-9            ;        0.42;kg ;        1.06;        2.55;'8034139713182';PROIZVODI ZA KUÆANSTVO;        0.00;        0.00
K-9 GOVEDINA MAÈKE 415g                 ;545070    ;K-9            ;        0.42;kg ;        1.06;        2.55;'8034139713199';PROIZVODI ZA KUÆANSTVO;        0.00;        0.00
K-9 LOSOS MAÈKE 415g                    ;545071    ;K-9            ;        0.42;kg ;        1.06;        2.55;'8034139713205';PROIZVODI ZA KUÆANSTVO;        0.00;        0.00
DREAMIES GOVEDINA 60g                   ;552441    ;DREAMIES       ;        0.06;kg ;        1.80;       30.00;'5998749130957';PROIZVODI ZA KUÆANSTVO;        0.00;        0.00
DREAMIES PILETINA 60g                   ;552443    ;DREAMIES       ;        0.06;kg ;        1.80;       30.00;'5998749130919';PROIZVODI ZA KUÆANSTVO;        0.00;        0.00
GOURMET GOLD MM DUO PL.R.ŠPIN.85g       ;554624    ;GOURMET        ;        0.09;kg ;        0.89;       10.47;'7613036365284';PROIZVODI ZA KUÆANSTVO;        0.00;        0.00
MOUSTACHE HRANA ZA MAÈKE GOVEDINA 100g  ;558824    ;MOUSTACHE      ;        0.10;kg ;        0.66;        6.60;'8009470156011';PROIZVODI ZA KUÆANSTVO;        0.00;        0.00
MOUSTACHE HRANA ZA MAÈKE PILETINA 100g  ;558825    ;MOUSTACHE      ;        0.10;kg ;        0.66;        6.60;'8009470156028';PROIZVODI ZA KUÆANSTVO;        0.00;        0.00
TOMI CAT VREÆ.GOV/MRKVA 100g            ;559660    ;TOMI           ;        0.10;kg ;        0.69;        6.90;'4003024490860';PROIZVODI ZA KUÆANSTVO;        0.00;        0.00
TOMI CAT 400g PERAD/JETRA               ;560169    ;TOMI           ;        0.40;kg ;        1.55;        3.88;'4003024157060';PROIZVODI ZA KUÆANSTVO;        0.00;        0.00
TROPI HRANA ZA MAÈKE RIBA 830g NEW      ;570952    ;POHIT d.o.o.;        0.83;kg ;        2.35;        2.83;'5902944911839';PROIZVODI ZA KUÆANSTVO;        0.00;        0.00
KITEKAT PILETINA/POVRÆE 1,8kg           ;574896    ;KITEKAT        ;        1.80;kg ;        9.53;        5.29;'5900951137884';PROIZVODI ZA KUÆANSTVO;        0.00;        0.00
KITEKAT GOVEDINA/POVRÆE 1,8kg           ;574897    ;KITEKAT        ;        1.80;kg ;        9.59;        5.33;'5900951137877';PROIZVODI ZA KUÆANSTVO;        0.00;        0.00
FRISKIES MM JUNIOR PILETINA 85g         ;577757    ;FRISKIES       ;        0.09;kg ;        0.59;        6.94;'7613036964661';PROIZVODI ZA KUÆANSTVO;        0.00;        0.00
FRISKIES MM PILETINA 85g                ;577758    ;FRISKIES       ;        0.09;kg ;        0.59;        6.94;'7613036964043';PROIZVODI ZA KUÆANSTVO;        0.00;        0.00
FRISKIES MM GOVEDINA 85g                ;577760    ;FRISKIES       ;        0.09;kg ;        0.59;        6.94;'7613036964166';PROIZVODI ZA KUÆANSTVO;        0.00;        0.00
FRISKIES MM GOVEDINA 4X85g              ;580231    ;FRISKIES       ;        0.34;kg ;        2.29;        6.74;'7613036986250';PROIZVODI ZA KUÆANSTVO;        0.00;        0.00
FRISKIES MM LOSOS 4X85g                 ;580232    ;FRISKIES       ;        0.34;kg ;        2.29;        6.74;'7613036987394';PROIZVODI ZA KUÆANSTVO;        0.00;        0.00
FRISKIES MM PILETINA JUNIOR 4*85g       ;580233    ;FRISKIES       ;        0.34;kg ;        2.29;        6.74;'7613036988124';PROIZVODI ZA KUÆANSTVO;        0.00;        0.00
FRISKIES MM GOVEDINA 12X85g             ;580234    ;FRISKIES       ;        1.02;kg ;        5.99;        5.87;'7613036974301';PROIZVODI ZA KUÆANSTVO;        0.00;        0.00
VK POSLASTICA CAT STICK PURET/JANJE.3KOM;587484    ;VITAKRAFT HOBBY PROGRAM D.O.O.;        3.00;KOM;        0.00;        0.26;'4008239182029';PROIZVODI ZA KUÆANSTVO;        0.99;        0.79
TROPI HRANA ZA MAÈKE RIBA 415g          ;605903    ;TROPI          ;        0.42;kg ;        1.09;        2.63;'5902944910900';PROIZVODI ZA KUÆANSTVO;        0.00;        0.00
TOMI CAT GOVEDINA 400g                  ;606916    ;TOMI           ;        0.40;kg ;        1.55;        3.88;'4003024157046';PROIZVODI ZA KUÆANSTVO;        0.00;        0.00
TOMI CAT LOSOS/PASTRVA 400g             ;606917    ;TOMI           ;        0.40;KOM;        1.55;        3.88;'4003024157053';PROIZVODI ZA KUÆANSTVO;        0.00;        0.00
MICEK 415g PILETINA HRANA ZA MAÈKE      ;608207    ;MICEK          ;        0.42;kg ;        0.89;        2.12;'5999569660631';PROIZVODI ZA KUÆANSTVO;        0.00;        0.00
MICEK 415g GOVEDINA HRANA ZA MAÈKE      ;608208    ;MICEK          ;        0.42;kg ;        0.89;        2.12;'5999569660648';PROIZVODI ZA KUÆANSTVO;        0.00;        0.00
FELIX SENSATIONS GOVEDINA 85g           ;613646    ;FELIX          ;        0.09;kg ;        0.79;        9.29;'7613287490179';PROIZVODI ZA KUÆANSTVO;        0.00;        0.00
FELIX FANTASTIC PILETINA 85g            ;613647    ;FELIX          ;        0.09;kg ;        0.79;        9.29;'7613287489975';PROIZVODI ZA KUÆANSTVO;        0.00;        0.00
FELIX FANTASTIC JUNIOR PILETINA 4*85g   ;613648    ;FELIX          ;        0.34;kg ;        2.79;        8.21;'7613287491640';PROIZVODI ZA KUÆANSTVO;        0.00;        0.00
FELIX SENSATIONS PILETINA 85g           ;613649    ;FELIX          ;        0.09;kg ;        0.79;        9.29;'7613287490223';PROIZVODI ZA KUÆANSTVO;        0.00;        0.00
FELIX FANTASTIC GOVEDINA 85g            ;613650    ;FELIX          ;        0.09;kg ;        0.79;        9.29;'7613287489593';PROIZVODI ZA KUÆANSTVO;        0.00;        0.00
FELIX FANTASTIC LOSOS 85g               ;614067    ;FELIX          ;        0.09;kg ;        0.79;        9.29;'7613287489999';PROIZVODI ZA KUÆANSTVO;        0.00;        0.00
FELIX FANTASTIC ZEC 85g                 ;614068    ;FELIX          ;        0.09;kg ;        0.79;        9.29;'7613287487773';PROIZVODI ZA KUÆANSTVO;        0.00;        0.00
TOMI CAT 100g ALU PERAD/JETRA           ;614166    ;TOMI           ;        0.10;kg ;        0.85;        8.50;'4003024320020';PROIZVODI ZA KUÆANSTVO;        0.00;        0.00
FELIX MM GOVEDINA/PILETINA 4X85g        ;614216    ;FELIX          ;        0.34;kg ;        2.79;        8.21;'7613287491695';PROIZVODI ZA KUÆANSTVO;        0.00;        0.00
FELIX FANTASTIC JUNIOR PILETINA 85g     ;614280    ;FELIX          ;        0.09;kg ;        0.79;        9.29;'7613287490117';PROIZVODI ZA KUÆANSTVO;        0.00;        0.00
FELIX FANTASTIC LOSOS I LIST 4X85g      ;614294    ;FELIX          ;        0.34;kg ;        2.79;        8.21;'7613287491725';PROIZVODI ZA KUÆANSTVO;        0.00;        0.00
SUPER PAWER MAÈKE GOVEDINA 415g         ;614303    ;SUPER PAWER    ;        0.42;kg ;        0.89;        2.14;'3859892918828';PROIZVODI ZA KUÆANSTVO;        0.00;        0.00
SUPER PAWER MAÈKE PERAD 415g            ;614307    ;SUPER PAWER    ;        0.42;kg ;        0.89;        2.12;'3859892918835';PROIZVODI ZA KUÆANSTVO;        0.00;        0.00
FELIX SENSATIONS 4*85g LOSOS/PASTRVA    ;614419    ;FELIX          ;        0.34;kg ;        2.79;        8.21;'7613287491770';PROIZVODI ZA KUÆANSTVO;        0.00;        0.00
FELIX SENSATIONS 4*85g GOVEDINA/PILETINA;614420    ;FELIX          ;        0.34;kg ;        2.79;        8.21;'7613287491749';PROIZVODI ZA KUÆANSTVO;        0.00;        0.00
TROPI HRANA ZA MAÈKE 415g GOVEDINA      ;615080    ;TROPI          ;        0.42;kg ;        1.09;        2.63;'5902944910887';PROIZVODI ZA KUÆANSTVO;        0.00;        0.00
ONE MM ADULT PILETINA&GRAŠAK 85g        ;615633    ;ONE            ;        0.09;kg ;        1.09;       12.82;'7613036936811';PROIZVODI ZA KUÆANSTVO;        0.00;        0.00
ONE MM STERIL LOSOS&MRKVA 85g           ;615634    ;ONE            ;        0.09;kg ;        1.09;       12.82;'7613036936750';PROIZVODI ZA KUÆANSTVO;        0.00;        0.00
TOMI CAT 100g TEL/PURETINA VREÆICA      ;616392    ;TOMI           ;        0.10;kg ;        0.69;        6.90;'4003024465165';PROIZVODI ZA KUÆANSTVO;        0.00;        0.00
TOMI CAT 100g VREÆ. GUSKA/JETRA         ;616447    ;TOMI           ;        0.10;kg ;        0.69;        6.90;'4003024465196';PROIZVODI ZA KUÆANSTVO;        0.00;        0.00
TOMI CAT 100g VREÆ PERAD/KUNIÆ          ;616920    ;TOMI           ;        0.10;KOM;        0.69;        6.90;'4003024465189';PROIZVODI ZA KUÆANSTVO;        0.00;        0.00
FRIEND PAŠTETA ZA MAÈKE 100g PERAD      ;618253    ;FRIEND         ;        0.10;kg ;        0.49;        4.90;'3870547073327';PROIZVODI ZA KUÆANSTVO;        0.00;        0.00
TOMI CAT 100g VREÆ LOSOS/PASTRVA        ;625252    ;TOMI           ;        0.10;kg ;        0.69;        6.90;'4003024465158';PROIZVODI ZA KUÆANSTVO;        0.00;        0.00
SUPER PAWER GOVEDINA 1kg MAÈKE          ;625319    ;SUPER PAWER    ;        1.00;kg ;        3.19;        3.19;'3858894140343';PROIZVODI ZA KUÆANSTVO;        0.00;        0.00
SUPER PAWER PILETINA 1kg MAÈKE          ;625320    ;SUPER PAWER    ;        1.00;kg ;        3.19;        3.19;'3858894140350';PROIZVODI ZA KUÆANSTVO;        0.00;        0.00
WHISKAS 1+ VR IZBOR PERADI 4*85g        ;626066    ;WHISKAS        ;        0.34;kg ;        2.75;        8.09;'4770608263652';PROIZVODI ZA KUÆANSTVO;        0.00;        0.00
WHISKAS 1+ VR GOVEDINA U UMAKU 85g      ;626067    ;WHISKAS        ;        0.09;kg ;        0.89;       10.47;'5900951301919';PROIZVODI ZA KUÆANSTVO;        0.00;        0.00
WHISKAS 1+ VR LOSOS U UMAKU 85g         ;626068    ;WHISKAS        ;        0.09;kg ;        0.89;       10.47;'5900951302046';PROIZVODI ZA KUÆANSTVO;        0.00;        0.00
WHISKAS 1+ VR PILETINA U ŽELEU 85g      ;626069    ;WHISKAS        ;        0.09;kg ;        0.89;       10.47;'5900951302107';PROIZVODI ZA KUÆANSTVO;        0.00;        0.00
WHISKAS PURE DELIGHT 85g VR GOVEDINA    ;626070    ;WHISKAS        ;        0.09;kg ;        0.89;       10.47;'5900951302572';PROIZVODI ZA KUÆANSTVO;        0.00;        0.00
WHISKAS PURE DELIGHT 85g VR PILETINA    ;626071    ;WHISKAS        ;        0.09;kg ;        0.89;       10.47;'5900951302589';PROIZVODI ZA KUÆANSTVO;        0.00;        0.00
WHISKAS 1+ VR KLASIÈNI IZBOR 4*85g      ;626074    ;WHISKAS        ;        0.34;kg ;        2.75;        8.09;'5900951301841';PROIZVODI ZA KUÆANSTVO;        0.00;        0.00
WHISKAS 1+ VR KL IZBOR JUNETINA 4*85g   ;626076    ;WHISKAS        ;        0.34;kg ;        2.75;        8.09;'5900951301780';PROIZVODI ZA KUÆANSTVO;        0.00;        0.00
WHISKAS PURE DELIGHT 4*85g MJ IZBOR     ;626077    ;WHISKAS        ;        0.34;kg ;        2.75;        8.09;'5900951303319';PROIZVODI ZA KUÆANSTVO;        0.00;        0.00
WHISKAS PURE DELIGHT 4*85g IZB PERADI   ;626078    ;WHISKAS        ;        0.34;kg ;        2.75;        8.09;'5900951303210';PROIZVODI ZA KUÆANSTVO;        0.00;        0.00
WHISKAS PURE DELIGHT 4*85g IZBOR RIBE   ;626079    ;WHISKAS        ;        0.34;kg ;        2.75;        8.09;'5900951303166';PROIZVODI ZA KUÆANSTVO;        0.00;        0.00
WHISKAS VR.IZB. PERADI SENIOR 4*85g     ;626080    ;WHISKAS        ;        0.34;kg ;        2.75;        8.09;'5900951301759';PROIZVODI ZA KUÆANSTVO;        0.00;        0.00
WHISKAS VR KLASIÈNI IZBOR 12*85g        ;626081    ;WHISKAS        ;        1.02;kg ;        0.00;        5.87;'4008429155987';PROIZVODI ZA KUÆANSTVO;        7.89;        5.99
WHISKAS VR IZBOR PERADI 12*85g          ;626082    ;WHISKAS        ;        1.02;kg ;        0.00;        5.87;'4008429156052';PROIZVODI ZA KUÆANSTVO;        7.89;        5.99
WHISKAS TASTY MIX 4*85g KREMASTA KREACIJ;626083    ;WHISKAS        ;        0.34;kg ;        2.75;        8.09;'4770608262655';PROIZVODI ZA KUÆANSTVO;        0.00;        0.00
WHISKAS TASTY MIX 85g IZBOR KUHARA      ;626084    ;WHISKAS        ;        0.09;kg ;        0.89;       10.47;'4770608262419';PROIZVODI ZA KUÆANSTVO;        0.00;        0.00
WHISKAS TASTY MIX 4*85g IZBOR KUHARA    ;626086    ;WHISKAS        ;        0.34;kg ;        2.75;        8.09;'4770608262662';PROIZVODI ZA KUÆANSTVO;        0.00;        0.00
WHISKAS 1+ GOVEDINA 300g                ;626087    ;WHISKAS        ;        0.30;kg ;        2.39;        7.97;'5998749144183';PROIZVODI ZA KUÆANSTVO;        0.00;        0.00
WHISKAS 1+ JANJETINA 300g               ;626088    ;WHISKAS        ;        0.30;kg ;        2.39;        7.97;'5900951305719';PROIZVODI ZA KUÆANSTVO;        0.00;        0.00
ONE SM LOSOS 800g                       ;627003    ;ONE            ;        0.80;kg ;        5.65;        7.06;'8445290080028';PROIZVODI ZA KUÆANSTVO;        0.00;        0.00
ONE SM STERILCAT MESO 800g              ;627102    ;ONE            ;        0.80;kg ;        5.65;        7.06;'8445290246813';PROIZVODI ZA KUÆANSTVO;        0.00;        0.00
ONE SM SENSITIVE PURETINA 800g          ;627201    ;ONE            ;        0.80;kg ;        5.65;        7.06;'7613035467903';PROIZVODI ZA KUÆANSTVO;        0.00;        0.00
TOMI CAT 400g TELETINA                  ;627516    ;TOMI           ;        0.40;kg ;        1.55;        3.88;'4003024157084';PROIZVODI ZA KUÆANSTVO;        0.00;        0.00
POSLASTICA CAT YUMS JETRA 40g           ;633329    ;VITAKRAFT HOBBY PROGRAM D.O.O.;        0.04;kg ;        0.00;       39.75;'4008239588982';PROIZVODI ZA KUÆANSTVO;        1.99;        1.59
POSLASTICA GOVEDINA+MAÈJA TRAVA 6*15g   ;633333    ;VITAKRAFT HOBBY PROGRAM D.O.O.;        0.09;kg ;        0.00;       24.44;'4008239235213';PROIZVODI ZA KUÆANSTVO;        2.75;        2.20
SHEBA VREÆICA MIX 4*85g OBROCI U UMAKU  ;634154    ;SHEBA          ;        0.34;kg ;        3.29;        9.68;'4770608263928';PROIZVODI ZA KUÆANSTVO;        0.00;        0.00
SHEBA LOSOS U ŠTRUCI 85g                ;634156    ;SHEBA          ;        0.09;kg ;        0.99;       11.65;'4008429069772';PROIZVODI ZA KUÆANSTVO;        0.00;        0.00
SHEBA TELETINA/PILETINA U ŠTRUCI 85g    ;634158    ;SHEBA          ;        0.09;kg ;        0.99;       11.65;'4008429069758';PROIZVODI ZA KUÆANSTVO;        0.00;        0.00
FRENDI 4*100g BAKALAR/PASTRVA MAÈKE     ;635580    ;FRENDI         ;        0.40;kg ;        1.99;        4.98;'5904316130961';PROIZVODI ZA KUÆANSTVO;        0.00;        0.00
KITEKAT VREÆICA PILETINA 85g            ;635610    ;KITEKAT        ;        0.09;kg ;        0.75;        8.82;'5900951307355';PROIZVODI ZA KUÆANSTVO;        0.00;        0.00
KITEKAT VREÆICA LOSOS 85g               ;636271    ;KITEKAT        ;        0.09;kg ;        0.75;        8.82;'5900951307348';PROIZVODI ZA KUÆANSTVO;        0.00;        0.00
FRIEND PAŠTETA S OKUSOM LOSOSA 100g     ;636758    ;FRIEND         ;        0.10;kg ;        0.49;        4.90;'3870547074775';PROIZVODI ZA KUÆANSTVO;        0.00;        0.00
ONE SM ADULT LOSOS 450g                 ;636901    ;ONE            ;        0.45;kg ;        3.99;        8.87;'8445290095817';PROIZVODI ZA KUÆANSTVO;        0.00;        0.00
ONE SM ADULT PILETINA 450g              ;636902    ;ONE            ;        0.45;kg ;        3.99;        8.87;'8445290095831';PROIZVODI ZA KUÆANSTVO;        0.00;        0.00
TROPI SUHA HRANA ZA MAÈKE 2kg PERAD**   ;637631    ;TROPI          ;        2.00;kg ;        5.15;        2.58;'5902944913529';PROIZVODI ZA KUÆANSTVO;        0.00;        0.00
HRANA ZA MAÈKE 2kg CHICKEN AND BEEF**   ;638488    ;VOLI VOLI      ;        2.00;kg ;        4.69;        2.35;'3859893822735';PROIZVODI ZA KUÆANSTVO;        0.00;        0.00
SHEBA IZBOR PERADI U ŽELEU 4*85         ;641655    ;SHEBA          ;        0.34;kg ;        3.29;        9.68;'4770608247683';PROIZVODI ZA KUÆANSTVO;        0.00;        0.00
SHEBA IZBOR RIBE U UMAKU 4*85g          ;641656    ;SHEBA          ;        0.34;kg ;        3.29;        9.68;'4770608255725';PROIZVODI ZA KUÆANSTVO;        0.00;        0.00
SHEBA JUNIOR 85g S PILETINOM U UMAKU    ;642377    ;SHEBA          ;        0.09;kg ;        0.99;       11.65;'4770608264567';PROIZVODI ZA KUÆANSTVO;        0.00;        0.00
SHEBA JUNIOR 4*85g MIJ.IZBOR U UMAKU    ;642378    ;SHEBA          ;        0.34;kg ;        3.29;        9.68;'4770608265076';PROIZVODI ZA KUÆANSTVO;        0.00;        0.00
HRANA ZA MAÈKE 10kg VOLI VOLI MIX       ;644016    ;VOLI VOLI      ;       10.00;kg ;       19.99;        2.00;'3859893822742';PROIZVODI ZA KUÆANSTVO;        0.00;        0.00
POSLASTICA VK CAT STICK MINI LOSOS 3KOM ;645108    ;VITAKRAFT HOBBY PROGRAM D.O.O.;        3.00;KOM;        0.00;        0.26;'4008239598967';PROIZVODI ZA KUÆANSTVO;        0.99;        0.79
POESIE DELISAUCE VREÆICA 85g PIL.FILE   ;645110    ;VITAKRAFT HOBBY PROGRAM D.O.O.;        0.09;kg ;        0.00;        8.35;'4008239366627';PROIZVODI ZA KUÆANSTVO;        0.89;        0.71
POESIE DELISAUCE VREÆICA 85g PUR.PRSA   ;645111    ;VITAKRAFT HOBBY PROGRAM D.O.O.;        0.09;kg ;        0.00;        8.35;'4008239366634';PROIZVODI ZA KUÆANSTVO;        0.89;        0.71
POESIE PILETINA S POVRÆEM 85g U UMAKU   ;645112    ;VITAKRAFT HOBBY PROGRAM D.O.O.;        0.09;kg ;        0.00;        8.35;'4008239588937';PROIZVODI ZA KUÆANSTVO;        0.89;        0.71
POESIE PURETINA SA SIROM U UMAKU 85g    ;645113    ;VITAKRAFT HOBBY PROGRAM D.O.O.;        0.09;kg ;        0.00;        8.35;'4008239588913';PROIZVODI ZA KUÆANSTVO;        0.89;        0.71
FELIX TASTY SHREDS TUNA 80g             ;645115    ;FELIX          ;        0.08;kg ;        0.79;        9.88;'7613287249555';PROIZVODI ZA KUÆANSTVO;        0.00;        0.00
FELIX TASTY SHREDS 4*80 MESO I RIBA     ;645116    ;FELIX          ;        0.32;kg ;        2.79;        8.72;'7613287249579';PROIZVODI ZA KUÆANSTVO;        0.00;        0.00
ONE MM SENSITIVE PILETINA&TUNA 4*85g    ;645127    ;ONE            ;        0.34;kg ;        3.49;       10.26;'7613036936859';PROIZVODI ZA KUÆANSTVO;        0.00;        0.00
VITA DRINK PILETINA +TAURIN 5*30g       ;646415    ;VITAKRAFT HOBBY PROGRAM D.O.O.;        0.15;kg ;        0.00;       15.93;'4008239579997';PROIZVODI ZA KUÆANSTVO;        2.99;        2.39
TOMI CAT 100g JUNIOR ALU                ;651388    ;TOMI           ;        0.10;kg ;        0.85;        8.50;'4003024320037';PROIZVODI ZA KUÆANSTVO;        0.00;        0.00
TOMI CAT 100g RAÈIÆI ALU                ;651389    ;TOMI           ;        0.10;kg ;        0.85;        8.50;'4003024320068';PROIZVODI ZA KUÆANSTVO;        0.00;        0.00
TOMI CAT 100g TELETINA/PERAD ALU        ;651390    ;TOMI           ;        0.10;kg ;        0.85;        8.50;'4003024320044';PROIZVODI ZA KUÆANSTVO;        0.00;        0.00
TROPI HRANA ZA MAÈKE 830g PERAD         ;651761    ;TROPI          ;        0.83;kg ;        2.35;        2.83;'5906764000674';PROIZVODI ZA KUÆANSTVO;        0.00;        0.00
TROPI HRANA ZA MAÈKE GOVEDINA 830g      ;651784    ;TROPI          ;        0.83;kg ;        2.35;        2.83;'5906764000636';PROIZVODI ZA KUÆANSTVO;        0.00;        0.00
WHISKAS GOVEDINA +1 800g                ;652441    ;WHISKAS        ;        0.80;kg ;        5.49;        6.86;'5998749146880';PROIZVODI ZA KUÆANSTVO;        0.00;        0.00
WHISKAS PILETINA +1 800g                ;652442    ;WHISKAS        ;        0.80;kg ;        5.49;        6.86;'5998749146897';PROIZVODI ZA KUÆANSTVO;        0.00;        0.00
WHISKAS JUNIOR PURE DELIGHT 4*85g       ;652444    ;WHISKAS        ;        0.34;kg ;        2.75;        8.09;'5900951319211';PROIZVODI ZA KUÆANSTVO;        0.00;        0.00
SHEBA VREÆICA MINI IZBOR PERADI 6*50g   ;652644    ;SHEBA          ;        0.30;kg ;        3.29;       10.97;'4770608265892';PROIZVODI ZA KUÆANSTVO;        0.00;        0.00
WHISKAS TEMPTATIONS PIL/SIR 60g         ;652667    ;WHISKAS        ;        0.06;kg ;        1.89;       31.50;'5998749146798';PROIZVODI ZA KUÆANSTVO;        0.00;        0.00
SHEBA S PILETINOM 85g                   ;652946    ;SHEBA          ;        0.09;kg ;        0.99;       11.65;'4770608257170';PROIZVODI ZA KUÆANSTVO;        0.00;        0.00
KONY CAT PREMIUM 2kg MORSKA RIBA        ;653999    ;KONY           ;        2.00;kg ;        4.39;        2.20;'3858883739206';PROIZVODI ZA KUÆANSTVO;        0.00;        0.00
VOLI VOLI CAT 2,4kg CHICK/BEEF/LIVER    ;654526    ;VOLI VOLI      ;        2.40;kg ;        4.69;        1.95;'3859893822872';PROIZVODI ZA KUÆANSTVO;        0.00;        0.00
FELIX TASTY SHREDS PILETINA 80g         ;655833    ;FELIX          ;        0.08;kg ;        0.79;        9.88;'8445291102156';PROIZVODI ZA KUÆANSTVO;        0.00;        0.00
FELIX JUHA PILETINA 48g                 ;655834    ;FELIX          ;        0.05;kg ;        0.55;       11.46;'7613036665148';PROIZVODI ZA KUÆANSTVO;        0.00;        0.00
FELIX JUHA RIBA 6X48g                   ;655835    ;FELIX          ;        0.29;kg ;        2.99;       10.38;'8445291612433';PROIZVODI ZA KUÆANSTVO;        0.00;        0.00
FELIX JUHA MESO 6X48g                   ;655836    ;FELIX          ;        0.29;kg ;        2.99;       10.38;'8445291612358';PROIZVODI ZA KUÆANSTVO;        0.00;        0.00
GOURMET GOLD KITTEN MSE TELETINA 85g    ;655837    ;GOURMET GOLD   ;        0.09;kg ;        0.89;       10.47;'8445291514096';PROIZVODI ZA KUÆANSTVO;        0.00;        0.00
DENTALIFE LARGE 142g                    ;655840    ;DENTALIFE      ;        0.14;kg ;        2.19;       15.42;'7613035378667';PROIZVODI ZA KUÆANSTVO;        0.00;        0.00
FELIX PARTY MIX DAIRY DELIGHT 60g       ;655841    ;FELIX          ;        0.06;kg ;        1.59;       26.50;'7613036064439';PROIZVODI ZA KUÆANSTVO;        0.00;        0.00
FELIX PARTY MIX PICNIC 60g              ;655842    ;FELIX          ;        0.06;kg ;        1.59;       26.50;'7613034097699';PROIZVODI ZA KUÆANSTVO;        0.00;        0.00
FELIX PLAY TUBES PILETINA 50g           ;655843    ;FELIX          ;        0.05;kg ;        1.59;       31.80;'7613036707381';PROIZVODI ZA KUÆANSTVO;        0.00;        0.00
FELIX PLAY TUBES RIBA&KOZICE 50g        ;655844    ;FELIX          ;        0.05;kg ;        1.59;       31.80;'7613036707480';PROIZVODI ZA KUÆANSTVO;        0.00;        0.00
FELIX PLAY TUBES PURETINA&ŠUNKA 50g     ;655845    ;FELIX          ;        0.05;kg ;        1.59;       31.80;'7613036707503';PROIZVODI ZA KUÆANSTVO;        0.00;        0.00
FELIX DELI MOMENTS PILETINA 4X10g       ;655846    ;FELIX          ;        0.04;kg ;        2.19;       54.75;'8445291532526';PROIZVODI ZA KUÆANSTVO;        0.00;        0.00
FELIX DELI MOMENTS LOSOS 4X10g          ;655847    ;FELIX          ;        0.04;kg ;        2.19;       54.75;'8445291538276';PROIZVODI ZA KUÆANSTVO;        0.00;        0.00
FELIX DELI MOMENTS PATKA 4X10g          ;655848    ;FELIX          ;        0.04;kg ;        2.19;       54.75;'8445291538306';PROIZVODI ZA KUÆANSTVO;        0.00;        0.00
FELIX TASTY SHREDS MESO 4X80g           ;655855    ;FELIX          ;        0.32;kg ;        2.79;        8.72;'7613287249593';PROIZVODI ZA KUÆANSTVO;        0.00;        0.00
WISE CAT GOVEDINA 100g*                 ;656139    ;TOP KAN DOO;        0.10;kg ;        0.59;        5.90;'4820111141098';PROIZVODI ZA KUÆANSTVO;        0.00;        0.00
WISE CAT RIBA 100g*                     ;656141    ;TOP KAN DOO;        0.10;kg ;        0.59;        5.90;'4820111141074';PROIZVODI ZA KUÆANSTVO;        0.00;        0.00
WISE CAT PATKA 100g*                    ;656142    ;TOP KAN DOO;        0.10;kg ;        0.59;        5.90;'4820111141128';PROIZVODI ZA KUÆANSTVO;        0.00;        0.00
SIMBA 415g KOKOŠ/PATKA HRANA ZA MAÈKE   ;657159    ;INSAKO DOO;        0.42;kg ;        0.65;        1.57;'8009470009515';PROIZVODI ZA KUÆANSTVO;        0.00;        0.00
SIMBA 415g TELETINA HRANA ZA MAÈKE      ;657160    ;INSAKO DOO;        0.42;kg ;        0.65;        1.57;'8009470009607';PROIZVODI ZA KUÆANSTVO;        0.00;        0.00
GRAN BONTA 400g PILETINA KROKETI ZA MAÈK;657161    ;INSAKO DOO;        0.40;kg ;        1.79;        4.48;'8009470020374';PROIZVODI ZA KUÆANSTVO;        0.00;        0.00
KITEKAT GOVEDINA/POVRÆE 300g            ;658012    ;KITEKAT        ;        0.30;kg ;        2.09;        6.97;'5900951248818';PROIZVODI ZA KUÆANSTVO;        0.00;        0.00
WISE CAT 2*KUNIÆ/2*GOVEDINA 400g        ;658106    ;TOP KAN        ;        0.40;kg ;        1.49;        3.73;'4820111141876';PROIZVODI ZA KUÆANSTVO;        0.00;        0.00
WISE CAT 2*PATKA/2*PILETINA 400g        ;658107    ;TOP KAN DOO;        0.40;kg ;        1.49;        3.73;'4820111141869';PROIZVODI ZA KUÆANSTVO;        0.00;        0.00
WISE CAT 2*PURETINA/2*PILETINA 400g     ;658108    ;TOP KAN        ;        0.40;kg ;        1.49;        3.73;'4820111141883';PROIZVODI ZA KUÆANSTVO;        0.00;        0.00
WISE CAT 2*RIBA/2*PILETINA 400g         ;658109    ;TOP KAN        ;        0.40;kg ;        1.49;        3.73;'4820111141852';PROIZVODI ZA KUÆANSTVO;        0.00;        0.00
WHISKAS 5*85g PILETINA ŽELE             ;658244    ;WHISKAS        ;        0.43;kg ;        2.75;        6.47;'3856027803035';PROIZVODI ZA KUÆANSTVO;        0.00;        0.00
FELIX FANTASTIC 24*85g MESO**           ;658818    ;FELIX          ;        2.04;kg ;       10.99;        5.39;'7613039733035';PROIZVODI ZA KUÆANSTVO;        0.00;        0.00
POSLASTICA VITA HEARTS 40g GOVEDINA     ;662497    ;VITAKRAFT      ;        0.04;kg ;        0.00;       31.75;'4008239413000';PROIZVODI ZA KUÆANSTVO;        1.59;        1.27
HRANA ZA MALE PAPIGE PERLE S MEDOM 500g ;587486    ;VITAKRAFT HOBBY PROGRAM D.O.O.;        0.50;kg ;        2.52;        5.04;'4008239106193';PROIZVODI ZA KUÆANSTVO;        0.00;        0.00
VK GOLD HRANA ZA ZLATNE RIBE 100mL      ;588961    ;VITAKRAFT HOBBY PROGRAM D.O.O.;        0.10;L  ;        2.49;       24.90;'4008239598097';PROIZVODI ZA KUÆANSTVO;        0.00;        0.00
HOBBY VIT HRANA ZA ZAMORCE 500g         ;603232    ;VITAKRAFT HOBBY PROGRAM D.O.O.;        0.50;kg ;        0.00;        3.30;'3838964055609';PROIZVODI ZA KUÆANSTVO;        1.99;        1.65
HRANA ZA GRLICE 2kg HAPPY FOOD          ;606141    ;VITAKRAFT HOBBY PROGRAM D.O.O.;        2.00;kg ;        4.25;        2.13;'3838964213030';PROIZVODI ZA KUÆANSTVO;        0.00;        0.00
HRANA ZA KANARINCE HOBBY VIT 500g       ;607140    ;VITAKRAFT HOBBY PROGRAM D.O.O.;        0.50;kg ;        0.00;        3.70;'3838964001057';PROIZVODI ZA KUÆANSTVO;        2.39;        1.85
POSLASTICA VK ZA GLODAVCE 500g ROLLIS   ;633334    ;VITAKRAFT HOBBY PROGRAM D.O.O.;        0.50;kg ;        0.00;        6.38;'4008239252470';PROIZVODI ZA KUÆANSTVO;        4.15;        3.19
KREKER ZA ZAMORÈIÆE S MEDOM,VOÆEM 3KOM  ;633335    ;VITAKRAFT HOBBY PROGRAM D.O.O.;        3.00;KOM;        0.00;        0.76;'4008239253392';PROIZVODI ZA KUÆANSTVO;        2.99;        2.29
HOBBY VIT HRANA ZA PAPIGE 500g          ;636003    ;VITAKRAFT HOBBY PROGRAM D.O.O.;        0.50;kg ;        0.00;        4.30;'3838964001200';PROIZVODI ZA KUÆANSTVO;        2.75;        2.15
KREKER VK ZA MALE PAPIGE 3KOM           ;645114    ;VITAKRAFT HOBBY PROGRAM D.O.O.;        3.00;KOM;        0.00;        0.60;'4008239212313';PROIZVODI ZA KUÆANSTVO;        2.39;        1.79
GRANDMIX HRANA ZA TIGRICE 400g          ;651263    ;GRANDMIX       ;        0.40;kg ;        2.39;        5.98;'8001254002767';PROIZVODI ZA KUÆANSTVO;        0.00;        0.00
GRANDMIX HRANA ZA PAPIGE SREDNJE 400g   ;651264    ;GRANDMIX       ;        0.40;kg ;        2.39;        5.98;'8001254002781';PROIZVODI ZA KUÆANSTVO;        0.00;        0.00
NATURIN HRANA ZA KORNJAÈE 250mL         ;651265    ;NATURIN        ;        0.25;L  ;        3.29;       13.16;'3830014860287';PROIZVODI ZA KUÆANSTVO;        0.00;        0.00
GOLD MIX ZLATOMIN HRANA ZA RIBICE 100mL ;651266    ;GOLD MIX       ;        0.10;L  ;        3.29;       32.90;'3830014860058';PROIZVODI ZA KUÆANSTVO;        0.00;        0.00
GRANDMIX HRANA ZA HRÈKE 400g            ;651781    ;GRANDMIX       ;        0.40;kg ;        2.49;        6.23;'8001254004143';PROIZVODI ZA KUÆANSTVO;        0.00;        0.00
GRANDMIX HRANA ZA ZAMORCE 850g          ;651782    ;GRANDMIX       ;        0.85;kg ;        4.39;        5.16;'8001254001906';PROIZVODI ZA KUÆANSTVO;        0.00;        0.00
VIOLETA VLAŽNI PAPIR SA EXT.NEVENA 60KOM;370230    ;VIOLETA D.O.O.;       60.00;KOM;        2.25;        0.04;'3870128001664';TOALETNE POTREPŠTINE;        0.00;        0.00
VIOLETA VL.TOAL.PAPIR 60/1 KIDS         ;420838    ;VIOLETA D.O.O.;       60.00;KOM;        2.25;        0.04;'3870128007833';TOALETNE POTREPŠTINE;        0.00;        0.00
VIOLETA HEMO-CARE 60/1 VLAŽNI TOAL.PAPIR;611448    ;VIOLETA D.O.O.;       60.00;KOM;        2.49;        0.04;'3870128020733';TOALETNE POTREPŠTINE;        0.00;        0.00
VIOLETA TOALETNI VLAŽNI PAPIR 100/1 DC  ;615740    ;VIOLETA D.O.O.;      100.00;KOM;        3.45;        0.03;'3870128031326';TOALETNE POTREPŠTINE;        0.00;        0.00
BIBO VLAŽNI TOALETNI PAPIR 60/1 KAMILICA;616090    ;BIBO           ;       60.00;KOM;        1.59;        0.03;'3859890063742';TOALETNE POTREPŠTINE;        0.00;        0.00
BATHMAN VLAŽNI TP 60/1 ZA MUŠKARCE      ;655534    ;REVISO d.o.o.ZAGREB;       60.00;KOM;        2.99;        0.05;'3859894188175';TOALETNE POTREPŠTINE;        0.00;        0.00
BIBO VLAŽNI TOAL. PAPIR 4*60KOM         ;657048    ;REVISO d.o.o.ZAGREB;      240.00;KOM;        5.29;        0.02;'3859890063537';TOALETNE POTREPŠTINE;        0.00;        0.00
