NAZIV PROIZVODA,ŠIFRA PROIZVODA,MARKA PROIZVODA,NETO KOLIČINA,JEDINICA MJERE,MALOPRODAJNA CIJENA,CIJENA ZA JEDINICU MJERE,MPC ZA VRIJEME POSEBNOG OBLIKA PRODAJE,NAJNIŽA CIJENA U POSLJEDNIH 30 DANA,SIDRENA CIJENA NA 2.5.2025,BARKOD,KATEGORIJA PROIZVODA
REZANCI RIŽINI PAD T. 250 g SHAN SHI,90970544,SHAN SHI,0.25 kg,ko,3.45,13.8,,,3.45,9002600282214,HRANA
SET PANETTONE I NAMAZ BAJADERA 787 g,90970584,BAJADERA,0.79 kg,ko,10,12.71,,,39.99,3850102017089,HRANA
KEKS FINESSE BADEM PVC 600 g,90935050,FINESSE,0.60 kg,ko,2,3.33,,,4.99,3850334440389,HRANA
LISNATO TIJESTO 450 g LEDO,90960368,LEDO,0.45 kg,ko,,4.42,1.99,2.49,2.49,3850116068855,HRANA
PUSLICE MALINA 100 g FANOLA,90960374,FANOLA,0.10 kg,ko,2.99,29.9,,,2.99,3859888257351,HRANA
PRALINE MILKA KUGLICE 100 g,90974826,MILKA,0.10 kg,ko,0.5,5,,,2.79,7622201795603,HRANA
MASLINE CRNE GARDEN GOOD 700/400 g,90935011,GARDEN GOOD,0.40 kg,ko,,6.73,2.69,2.69,3.19,3850334441065,HRANA
BOMBON HARIBO HARRY POTTER 85 g,90955101,HARIBO,0.09 kg,ko,1.59,18.71,,,1.59,4001686017890,HRANA
MUSLI QUARK VOĆNI MIX 375 g EXQUIS,90975283,EXQUISA,0.38 kg,ko,1.99,5.31,,,1.99,4019300171521,HRANA
KEKS TUTKU KAKAO KREMA 120 g ETI,90930142,ETI,0.12 kg,ko,1.49,12.42,,,1.49,8690526387994,HRANA
VAFL MANNER JABUKA CIMET 185 g,90970636,MANNER,0.19 kg,ko,0.5,2.7,,,2.39,9015810000608,HRANA
ADVENTSKI KALENDAR KIT KAT 208 g,90974667,KIT KAT,0.21 kg,ko,2,9.62,,,13.99,8000300408690,HRANA
KAVA MLJ CLASSIC BARCAFFE 300 g,90949949,BARCAFFE,0.30 kg,ko,6.99,23.3,,,6.99,3838471054874,HRANA
MAMINI MLINCI S JAJIMA 400 G,90954839,MAMINI MLINCI S JAJIMA,0.40 kg,ko,1.99,4.98,,,1.99,3859894334015,HRANA
SUHO GROŽĐE 200 g Š EXTRA,90964679,ŠAFRAM,0.20 kg,ko,0.99,4.95,,,0.99,3859892109882,HRANA
PAHULJICE NESQUIK 450 g 20% GRATIS,90974927,NESTLE ŽITAR,0.45 kg,ko,4.49,9.98,,,4.49,5900020049018,HRANA
POLI CLASIC 350 G PERUTNINA,90950036,POLI,0.35 kg,ko,,8.54,2.99,2.99,2.99,3850220431026,HRANA
MAK GIBANICA 430 g MLINAR,90955215,MLINAR,0.43 kg,ko,7.49,17.42,,,7.49,3856028407942,HRANA
BOMBON SOUR BLAST STRAWB 15 g BEBETO,90955285,BEBETO,0.02 kg,ko,0.29,19.33,,,0.29,8690146675013,HRANA
FLIPS BOBI RINGS 70 g,90955290,BOBI,0.07 kg,ko,1.09,15.57,,,1.09,3858891591285,HRANA
ČOKOLADA MERCI NOUGAT 100 g,90955319,MERCI,0.10 kg,ko,2.79,27.9,,,2.79,4014400916751,HRANA
BOMBON HARIBO ZL MEDO KANTICA 1000 g,90930144,HARIBO,1.00 kg,ko,9.99,9.99,,,9.99,4001686329047,HRANA
ADVENTSKI KALENDAR AFTER EIGHT 199 g,90974721,AFTER EIGHT,0.20 kg,ko,2,10.05,,,13.99,8000300423808,HRANA
PRALINE OREO MILKA 245 g,90974757,MILKA,0.25 kg,ko,2,8.16,,,10.99,7622202297373,HRANA
KAŠA ZOB BOOM BOX ČOKOLADA 300 g,90949697,BOOM BOX,0.30 kg,ko,,9.3,2.79,3.99,3.99,3856027803165,HRANA
GRISSINI MINI CHILLI 70 g NUTRIBELLA,90954880,NUTRIBELLA,0.07 kg,ko,0.99,14.14,,,0.99,8600103145527,HRANA
ZOBENI BAR ACT ZONE RIBIZ/ARONI 40 g,90975562,ACTIVE ZONE,0.04 kg,ko,0.69,17.25,,,0.69,3850334445568,HRANA
DIMLJENE SVINJSKE NOGICE PIVAC,90950048,PIVAC,1.00 kg,kg,3.49,3.49,,,3.49,3858881619418,HRANA
FLIPS POM BAR ORIGINAL XXL 150 g,90934721,POM BAR,0.15 kg,ko,1.5,10,,,2.29,3856021307584,HRANA
ZOBENI BAR ACT ZONE ČOKO/KOKOS 40 g,90975566,ACTIVE ZONE,0.04 kg,ko,0.69,17.25,,,0.69,3850334445582,HRANA
MEDENJACI SM CHRISTMAS TREE 225 g,90955270,SPECIAL MOMENTS,0.23 kg,ko,1,4.44,,,2.99,3850334444646,HRANA
PRALINE SPECIAL M CREME BRULEE 200 g,90955286,SPECIAL MOMENTS,0.20 kg,ko,3,15,,,4.79,3850334442161,HRANA
QUICHE LORRAINE OMAMA 1250 g,90965295,OMAMA,1.25 kg,ko,25.99,20.79,,,25.99,3859894132161,HRANA
LOTTINA TORTA OMAMA 1550 g,90965298,OMAMA,1.55 kg,ko,32.99,21.28,,,32.99,3859893856020,HRANA
KEKS PLAZMA 600 g,90930033,BAMBI,0.60 kg,ko,,5.82,3.49,4.99,4.99,8600043001280,HRANA
PAN RIB  FILET LEDO 7 VR.SJEM 250 g,90955715,LEDO,0.25 kg,ko,4.99,19.96,,,4.99,3850116067773,HRANA
OSLIĆ ARGENTINSKI EVA FILETI 385 g,90955727,EVA,0.39 kg,ko,,11.38,4.38,5.49,5.49,3856020283735,HRANA
TARTAR UMAK 90 g ZVIJEZDA,90935032,ZVIJEZDA,0.09 kg,ko,1.19,13.22,,,1.19,3856015332875,HRANA
BOMBONI NIM2 MINIS 20/1 258 g,90975634,NIMM2,0.26 kg,ko,3.49,13.53,,,3.49,4014400937091,HRANA
KREKER SALTAS PRETZEL SLANI 100 g,90955364,SALTAS,0.10 kg,ko,0.99,9.9,,,0.99,3856014107368,HRANA
GAMBER ARGENTINA MESO  300 g,90929961,FISHERIJA,0.30 kg,ko,11.99,39.97,,,11.99,3856024300032,HRANA
KOZICE U HRSKAVOJ PANADI 250 g,90929963,FISHERIJA,0.25 kg,ko,5.99,23.96,,,5.99,3859894239532,HRANA
POSEBNA K PLUS 500 g,90969692,K PLUS,0.50 kg,ko,1.69,3.38,,,1.69,3850334446565,HRANA
SIR KOZJI 100 g GOAT FARM,90969714,GOAT FARM,0.10 kg,ko,2.49,24.9,,,2.49,5907627471532,HRANA
RAJČICA PASIRANA ST 680 g E BUONO,90930047,E BUONO,0.68 kg,ko,1.59,2.34,,,1.69,3858894141982,HRANA
KEKS KINDER DUO T12 150 g,90950349,FERRERO,0.15 kg,ko,4.39,29.27,,,4.39,8000500385807,HRANA
DESERT JAJE PAW PATRO 20 g HAPPYLAND,90975471,HAPPY LAND,0.02 kg,ko,1.09,54.5,,,1.09,38900440,HRANA
BUDDY KEKSI ROLICE GOVEDINA 500 g,90975797,BUDDY,0.50 kg,ko,,3.98,1.99,1.99,1.99,3838900845707,HRANA
CHOCO CHIPS SM MILK ČOKO/LJEŠ 100 g,90956009,SPECIAL MOMENTS,0.10 kg,ko,2,20,,,3.49,3850334428615,HRANA
URBENES KAJMAK NAMAZ 180 g SAGA M,90975913,SAGA M,0.18 kg,ko,3.99,22.17,,,3.99,3830082720025,HRANA
KAJMAK NAMAZ 180 g SAGA M,90975914,SAGA M,0.18 kg,ko,3.79,21.06,,,3.79,3830082720018,HRANA
KEKS FINESSE KOKOS PVC 600 g,90935052,FINESSE,0.60 kg,ko,2,3.33,,,4.99,3850334440426,HRANA
ČIPS DORITOS COOL ORIGINAL 90 g,90950439,DORITOS,0.09 kg,ko,1.99,22.11,,,1.99,8606033742232,HRANA
ČIPS LAY S  MAXX BURGER 120 g,90950442,PEPSICO,0.12 kg,ko,,16.58,1.99,2.29,2.29,5900259139597,HRANA
BOMBON HARIBO KISELI KRUMPIRIĆI 100g,90381344,HARIBO,0.10 kg,ko,1.59,15.9,,,1.59,9002975331555,HRANA
RAJČICA SJECKANA BIO ZONE 400 g,90854744,BIO ZONE,0.40 kg,ko,1.29,3.23,,,1.29,3838900843222,HRANA
ULJE ORAH HLAD PREŠ 250ml LETIFICO,90412458,LETIFICO,0.25 l,ko,6.66,26.64,,,6.66,3859893457012,HRANA
CHICKEN BITES CEKIN 600 g,90899993,CEKIN,0.60 kg,ko,8.29,13.82,,,8.29,3850159141164,HRANA
OCAT BALZAMSKI SPRAY 250ml PONTI,03127026,PONTI,0.25 l,ko,4.89,19.56,,,4.89,8001010050582,HRANA
SLAD MILKA JAGODA CHEESE ŠTAPIĆ 90ml,90703674,MILKA,0.09 l,ko,1.99,22.11,,,2,5900130040288,HRANA
PASTA PAPRIKA TUBA 190 g PODRAVKA,90890334,VEGETA NATUR,0.19 kg,ko,1.99,10.47,,,1.99,3856020278199,HRANA
ZAČIN GRILL MARIN. CLAS. 75g VEGETA,90484170,VEGETA,0.08 kg,ko,1.29,17.2,,,1.29,3856020246471,HRANA
RIŽA CRNA 500g GALLO,04061583,RISO GALLO,0.50 kg,ko,3.49,6.98,,,3.49,8001420002782,HRANA
MJEŠ ZAČ ZA SVINJ Q&E 30g KOTANYI,90698148,KOTANYI,0.03 kg,ko,0.99,33,,,0.98,9001414237236,HRANA
PUSLICE 130 g GECCHELE,90889756,GECCHELE,0.13 kg,ko,2.79,21.46,,,2.79,8015854020106,HRANA
UMAK PESTO BADEM 130g RIO MARE,90706411,RIO MARE,0.13 kg,ko,2.89,22.23,,,4.49,8004030506091,HRANA
INSTANT NES CL 2g NESTLE,04071118,NESCAFE,0.00 kg,ko,0.39,195,,,0.35,7613036442275,HRANA
DALMATINSKI ZAČIN BOČICA 18g NADAL,04101199,NADALINA,0.02 kg,ko,1.99,110.56,,,1.79,3858881586079,HRANA
PALENTA ŽUTA 500g IZIDOR ,90453596,IZIDOR,0.50 kg,ko,1.19,2.38,,,1.19,3859893567018,HRANA
DESERT KINDER HAPPY HIPPO COCO T5 103.5g,90364378,FERRERO,0.10 kg,ko,2.99,28.89,,,2.79,8000500023624,HRANA
CREMA PAŠTETA OD BAKALARA S MASL 100g,90324466,BACCALA DELLA MAMMA,0.10 kg,ko,3.29,32.9,,,3.29,3859890853138,HRANA
ZAČIN MEXICO TACOS 40g VR KOTANYI,01490394,KOTANYI,0.04 kg,ko,1.69,42.25,,,1.69,9001414418130,HRANA
KINDER BUENO MINI JAJA 80g,90734760,FERRERO,0.08 kg,ko,1.5,18.75,,,1,8000500394106,HRANA
TUBA VOĆNA HIPP KRUŠ JAB MANG MARAK 100g,90290040,HIPP,0.10 kg,ko,1.35,13.5,,,1.35,4062300278585,HRANA
KAVA MACC BADEM BJ ČOKO DG 10/1 140g BARCAFFE,90824846,BARCAFFE,0.14 kg,ko,4.49,32.07,,,3.98,3838471055017,HRANA
SIR TVRDI OTOČAN 45% MIH,02055549,SIRANA MIH,1.00 kg,kg,24.99,24.99,,,24.99,3859891700028,HRANA
ČAJ KAMILICA&LEMONGR AHMAD 20X2g,90147004,AHMAD,0.04 kg,ko,2.65,66.25,,,2.65,054881000062,HRANA
DESERT KNOPPERS PEANUT BAR 40g,90673140,KNOPPERS,0.04 kg,ko,0.85,21.25,,,0.85,40144467,HRANA
KREKER SALTAS SLANINA 100g,90829677,SALTAS,0.10 kg,ko,0.95,9.5,,,0.95,3856014107573,HRANA
KOBASICE ISTRIJANSKE cca 300g BURETIĆ,90403990,BURETIĆ,1.00 kg,kg,17.99,17.99,,,17.99,,HRANA
SOL KUHINJSKA JODIRANA ST 135g KOTANYI,90412446,KOTANYI,0.14 kg,ko,1.19,8.81,,,1.19,9001414040522,HRANA
TUBA FRULLÀ BIO JAB/BRESK 100g,90734710,FRULLA,0.10 kg,ko,0.89,8.9,,,0.89,8024985011044,HRANA
KAKAO NAPITAK VITAMIN 15g STEVIQ,90794793,STEVIQ,0.02 kg,ko,0.3,20,,,0.89,3858893680253,HRANA
DRESSING BALSAMICO 250ML KUHNE,01491219,KUHNE,0.25 l,ko,2.79,11.16,,,2.79,40122663,HRANA
MUESLI FRUIT 350 g OPLANT,90869769,OPLANT,0.35 kg,ko,3.99,11.4,,,3.99,3856020274320,HRANA
UMAK ZIK ZAK LJUTI 310 g PODRAVKA,90889986,PODRAVKA,0.32 kg,ko,2.49,7.78,,,2.49,3856020275730,HRANA
MJEŠ ZAČ ZA VARIVO Q&E 26g KOTANYI,90698155,KOTANYI,0.03 kg,ko,0.99,38.08,,,0.98,9001414037300,HRANA
LIZALICE COCTAIL MIX 48/1 920g ROSHEN,90739686,ROSHEN,0.92 kg,ko,5.99,6.51,,,5.99,4823077630743,HRANA
SIR LEĆEVAČKI MLADI 300g DALMAT SIREVI,90404173,DALMATINSKI SIREVI,0.30 kg,ko,5.79,19.3,,,5.79,3859893220333,HRANA
MEDALJONI HELJDA O'PLANT 400g,90704580,O PLANT,0.40 kg,ko,3.99,9.98,,,3.99,3856020261207,HRANA
UMAK CHILLISAUCE HOT 270ml GO TAN,90572557,GO-TAN,0.27 kg,ko,3.49,12.93,,,3.49,8710605030280,HRANA
PAHULJICE 4 ŽITAR BIO ZONE 500g,90513560,BIO ZONE,0.50 kg,ko,1.79,3.58,,,1.79,3838900804186,HRANA
BOMBON GUM LEPTIR 125 g BEAUTY SW,90880102,BEAUTY SWEETIES,0.13 kg,ko,2.89,23.12,,,2.89,4260278366116,HRANA
KIM ZRNO 10g ŠAFRAM,04100237,ŠAFRAM,0.01 kg,ko,0.49,49,,,0.42,3859888163133,HRANA
SLAD BOUNTY ICE CREAM 51.6g,90598703,MARS,0.05 kg,ko,1.99,38.57,,,1.99,5000159483049,HRANA
BOMBON GUM JAGODA 80 g SOUR PATCH ,90835020,SOUR PATCH,0.18 kg,ko,1.09,6.06,,,1.09,7622202207273,HRANA
OCAT PLAVAC MALI 0.5 L VRBANEK,90572612,VRBANEK,0.50 l,ko,2.89,5.78,,,2.89,3859891209422,HRANA
BLUEFIN TUNA SAKU 200 g,90887051,PELAGOS,0.20 kg,ko,,54.9,10.98,12.99,12.99,3857500141408,HRANA
UMAK FRIED NOODLES 190ml MAGGI,90769809,MAGGI,0.19 kg,ko,3.99,21,,,3.99,8445291156586,HRANA
KAŠICA FRUTEK BIO JAB MRK 120g,03141208,FRUTEK,0.12 kg,ko,1.25,10.42,,,1.25,3838945016490,HRANA
SLAD MILKA ŠTAPIĆ 3x90ml,90703701,MILKA,0.27 l,ko,8.39,31.04,,,6.99,5900130038469,HRANA
UMAK RAJČICA I MASLINE 400g MUTTI ,90704967,MUTTI,0.40 kg,ko,2,5,,,2.99,8005110516009,HRANA
FANT UMAK CURRY 28 g PODRAVKA,90770338,FANT,0.03 kg,ko,1.19,42.5,,,1.19,3856020269401,HRANA
FLIPS GERBER KUKURUZ 28 g,90874766,GERBER,0.03 kg,ko,1.89,67.5,,,1.89,8445291463523,HRANA
SARDINA S POVRĆEM ADRIA MARE 105 g,90890324,ADRIA MARE,0.11 kg,ko,1.09,10.38,,,1.09,3850334440839,HRANA
MLIJEKO ZAMJ HIPP 3 BIO 600g,90054347,HIPP,0.60 kg,ko,11.99,19.98,,,11.99,4062300355439,HRANA
KAVA ESPR DELIZIOS JM NS 30/1 168 g,90874670,JULIUS MEINL,0.17 kg,ko,15.59,92.8,,,15.59,9000403972547,HRANA
KAPSULE ILLY ETHIOPIA 120.6g 18/1 ,90669630,ILLY,0.12 kg,ko,11.29,94.08,,,11.29,8003753142654,HRANA
MAJČINA DUŠICA 19g KOTANYI,04100389,KOTANYI,0.02 kg,ko,2.15,113.16,,,2.15,9001414040515,HRANA
SIR M APET KOC ČEŠ PERŠ 200 g/410 g,90850723,ARLA,0.20 kg,ko,3.99,19.95,,,3.99,5711953182617,HRANA
ARONIJA SUŠENA MLJEVENA 100g BOBO,90403932,BOBO,0.10 kg,ko,3.45,34.5,,,3.45,3859893313332,HRANA
JUN LOPATICA BK,02412052,PIK VRBOVEC,1.00 kg,kg,,12.49,12.49,13.49,10.99,3850139411164,HRANA
MLIJ NAM K PLUS 70g,90724740,K PLUS,0.07 kg,ko,,6.43,0.45,0.49,0.55,3850334063182,HRANA
ČIPS HRUSTY SLANI RR 150g,90699035,HRUSTY,0.15 kg,ko,,6.13,0.92,0.99,1.15,3850334009760,HRANA
SIR TOP TROK PLAVA ZDENKA 140g,02103198,ZDENKA,0.14 kg,ko,2.19,15.64,,,2.25,3858888590093,HRANA
KRASTAVAC K PLUS II KL 330g,01520999,K PLUS,0.33 kg,ko,1.45,4.39,,,1.65,3850334117977,HRANA
PRŠUT RUŽA NAR 500g MAP PISINIUM,90319748,PISINIUM,0.50 kg,ko,16.99,33.98,,,16.49,3858884936444,HRANA
INSTANT KAVA RITUAL GOLD 200 g,90749848,RITUAL,0.20 kg,ko,,29.1,5.82,7.29,7.29,3850334083180,HRANA
JOGURT TEKUĆI 1.5 KG DUKAT,90514027,DUKAT,1.50 kg,ko,3.29,2.19,,,3.05,3850354016038,HRANA
LIMETA,01411177,,1.00 kg,kg,3.99,3.99,,,2.49,3850334173645,HRANA
PIL BATAK OBIT PAK VINDIJA,02430047,CEKIN,1.00 kg,kg,5.79,5.79,,,5.79,3850159110597,HRANA
HAMBURGER VAK 350g PIK,90141927,PIK VRBOVEC,0.35 kg,ko,6.49,18.54,,,6.49,3850139051353,HRANA
CORDON BLEU OD PIL/PUR MESA 490 g,90307319,AIA,0.49 kg,ko,,6.1,2.99,3.49,2.65,8008110258795,HRANA
BOMBONJERA GRIOTTE 204g,04250899,GRIOTTE,0.20 kg,ko,7.69,37.7,,,7.19,3850102125821,HRANA
SOL MORSKA SITNA 1kg KUT SOLANA,04110310,SOLANA PAG,1.00 kg,ko,0.89,0.89,,,0.89,3859888155114,HRANA
JOGURT 2.8% 1000g PET BOCA VINDIJA,90513894,Z BREGOV,1.00 kg,ko,2.49,2.49,,,2.45,3850108037388,HRANA
PILEĆI RASJEK PREMIUM CCA 1000g VINDIJA,02431542,CEKIN,1.00 kg,kg,,4.19,4.19,5.19,5.19,3850159110610,HRANA
TLAČENICA PREMIUM,90240347,SILMA,1.00 kg,kg,7.03,7.03,,,7.03,3859892782269,HRANA
JAJA SVJEŽA K PLUS L 10/1,02510565,K PLUS,10.00 ko,ko,2.99,0.3,,,2.65,3850334114211,HRANA
PILEĆI FILE OD PRSA OB PAK PODL KOKA,02434282,CEKIN,1.00 kg,kg,12.69,12.69,,,12.69,3850159110580,HRANA
PANONA SALAMA S PAPRIKOM MA PIK,90054782,PIK VRBOVEC,1.00 kg,kg,21.99,21.99,,,21.99,3850139011036,HRANA
NAREZAK MESNI 150g PODRAVKA,02160091,PODRAVKA,0.15 kg,ko,1.89,12.6,,,1.89,3859890848196,HRANA
PIKO PARIZER S POV PIK VRBOVEC,02044220,PIKO,1.00 kg,kg,8.99,8.99,,,8.99,3850139190748,HRANA
FLIPS SMOKI 130g ŠTARK,04142263,SOKO ŠTARK,0.13 kg,ko,1.29,9.92,,,1.29,8600939507087,HRANA
TUNA SALATA MEXICO FRINSA 210/160G,90354033,OCEAN,0.16 kg,ko,,11.19,1.79,2.25,2.25,3850334074034,HRANA
TELEĆA LOPATICA SK T BOER,90518557,T BOER & ZN,1.00 kg,kg,,8.49,8.49,8.19,8.89,,HRANA
KULEN BARANJSKI CCA 1kg MA BELJE,02019508,BELJE,1.00 kg,kg,29.99,29.99,,,29.99,3850257051501,HRANA
KRASTAVAC DELIKATES 350g ZVIJEZDA,01520102,ZVIJEZDA,0.35 kg,ko,2.99,8.54,,,2.99,3856015303240,HRANA
BANANA SNIŽENJE,01411643,,1.00 kg,kg,1.19,1.19,,,1.19,,HRANA
JABUKA CRIPPS PINK,01413011,,1.00 kg,kg,1.99,1.99,,,1.89,3850334386038,HRANA
BAKALAR SUSENI VAKUMIRANI 600-800g NOTO,90076032,NOTO,1.00 kg,kg,59.99,59.99,,,50.99,,HRANA
KAVA JUBILARNA MLJEV 400g VR FRANCK,04070059,JUBILARNA,0.40 kg,ko,,16.23,6.49,6.49,8.29,3858881085596,HRANA
PRŠUT DALMATIKO 80g NAR,90087584,DALMATIKO,0.08 kg,ko,2.99,37.38,,,2.99,3858889493331,HRANA
MJEŠAV ZA FRANCUSKU GARDEN GOOD 1kg,90739839,GARDEN GOOD,1.00 kg,ko,1.99,1.99,,,1.39,3838900835371,HRANA
TIROLSKA KOB PIK VRBOVEC,02032322,PIK VRBOVEC,1.00 kg,kg,9.99,9.99,,,9.99,3850139170054,HRANA
LASAGNE BOLOGNESE MINUTE 1000g,90057933,MINUTE,1.00 kg,ko,,3.79,3.79,3.79,3.79,3850334433985,HRANA
PILE GRIL DOMAĆE SVJ,90324743,CEKIN,1.00 kg,kg,2.79,2.79,,,2.79,3850159112881,HRANA
LUK ŽUTI 1 kg,01400200,KORA,1.00 kg,ko,0.99,0.99,,,0.99,3850334049667,HRANA
SLAD LEDO MACHO ČOKOLADA 75ML,02350635,MACHO,0.08 l,ko,1.89,25.2,,,1.89,3850116612621,HRANA
ŽV GUMA ORBIT SPEARMINT BOČ 64 g,90770783,WRIGLEY,0.06 kg,ko,3.69,57.66,,,3.69,4009900537506,HRANA
DINOSAURI PIL PANIR 600g SMR VINDI,02435511,CEKIN,0.60 kg,ko,7.69,12.82,,,7.69,3850159141911,HRANA
CAPPUCCINO BAJADERA 8/1 148g FRANCK,90825459,FRANCK,0.15 kg,ko,,24.26,3.59,4.29,4.29,3850291055459,HRANA
KEČAP BLAGI 500g ZVIJEZDA,01490071,ZVIJEZDA,0.50 kg,ko,1.99,3.98,,,1.49,3858882210874,HRANA
MLIJEKO SVJ ESL 3.2% M.M.1L KRAVICA,90570300,KRAVICA KRALJICA,1.00 l,ko,1.39,1.39,,,1.29,3856015324399,HRANA
MORTADELA VAC PIK VRBOVEC,02036477,PIK VRBOVEC,1.00 kg,kg,10.89,10.89,,,8.49,3850139170986,HRANA
INSTANT NES CL LIM NESTLE 200g,90036869,NESCAFE,0.20 kg,ko,10.99,54.95,,,9.99,7891000255025,HRANA
KRUH POLUBIJELI 700g PAK MLINAR,04011230,MLINAR,0.70 kg,ko,1.69,2.41,,,1.55,3858881127500,HRANA
SIR SVJ POSNI PROT ACTIVE ZONE 500g,90734914,ACTIVE ZONE,0.50 kg,ko,,2.78,1.39,1.99,1.85,3850334411730,HRANA
POMMES FRITES MINUTE 1Kg,90478446,MINUTE,1.00 kg,ko,,1.99,1.99,1.99,2.29,3859888798991,HRANA
MEĐIMURSKO PILE PODL PERUTNINA,90037649,MEĐIMURSKO PILE,1.00 kg,kg,3.31,3.31,,,3.31,3850220111157,HRANA
DANISH WHITE DIVAN GARDEN 800g,90448183,DIVAN GARDEN,0.80 kg,ko,,4.94,3.95,3.95,3.95,3859893493430,HRANA
ŠUNKA U OVITKU PIK VRBOVEC,02032319,PIK VRBOVEC,1.00 kg,kg,12.29,12.29,,,12.29,3850139170856,HRANA
POSEBNA 1000g VINDIJA,02041342,CEKIN,1.00 kg,kg,3.65,3.65,,,3.65,3850159125522,HRANA
KOMPOT MARELICA POL 820/480 g EXCELS,90886703,EXCELSIOR,0.48 kg,ko,3.19,6.65,,,3.19,9001397501492,HRANA
DESERT CASALI ČOKO BANANE MINI 110 g,90887237,CASALI,0.11 kg,ko,1.99,18.09,,,1.79,9000332812662,HRANA
PECIVO BLAGD PINCA 100g PAN PEK,90598881,PEK PEK,0.10 kg,ko,0.99,9.9,,,0.99,3859888751538,HRANA
SV SLAB I LEĐA BK CCA 580G K PLUS,90890218,K PLUS,1.00 kg,kg,5.99,5.99,,,7.99,3850139286328,HRANA
DRESSING FRANCH 350 ml THOMY,90890360,THOMY,0.35 l,ko,3,8.57,,,3.99,8445291866164,HRANA
SV SLAB I LEĐA SK CCA 600G K PLUS,90890216,K PLUS,1.00 kg,kg,,3.99,3.99,5.99,6.19,3850139286311,HRANA
POMMES FRITES LEDO 500 g,90886971,LEDO,0.50 kg,ko,2.99,5.98,,,2.99,3850116068053,HRANA
JOG YOSHAKE JAGODA VANIL 300 g DUKAT,90885847,DUKAT,0.30 kg,ko,,5.63,1.69,1.69,1.69,3850354019312,HRANA
NAPOLITANKE ČOKOLADA 420 g LASTA,90890533,LASTA,0.42 kg,ko,3.29,7.83,,,3.39,3870128039711,HRANA
LASAGNE BOLOGNESE BEEF 1kg COME A CASA,90407002,COME A CASA,1.00 kg,ko,5.99,5.99,,,5.99,5900741604978,HRANA
JUN MR S BIFTEKOM ,02410101,PIK VRBOVEC,1.00 kg,kg,10.49,10.49,,,9.49,3850139410020,HRANA
MILKSHAKE M-MINUTE MIX 20x230ml,90731087,MINUTE,4.60 l,ko,29.8,6.48,,,29.8,3838900829370,HRANA
LIGNJA PATAGONICA CIJELA 500g WOFCO,90370513,WOFCO,0.50 kg,ko,7.49,14.98,,,3.98,8436565910461,HRANA
SV VRAT SK II KAT  ,02402347,PIK VRBOVEC,1.00 kg,kg,,3.19,3.19,5.35,3.69,3850139523362,HRANA
SMOOTHIE B'AKTIV JAG/ANAN 330g,90514035,B'AKTIV,0.33 kg,ko,1.99,6.03,,,1.85,3850354015901,HRANA
KEKS ČAJNI KOLUTIĆI 1000g KRAŠ,90800317,KRAŠ,1.00 kg,ko,3.49,3.49,,,3.49,3850102009954,HRANA
ČOKOL DORINA MLIJEČNA 80g,04213178,DORINA,0.08 kg,ko,1.03,12.88,,,1.03,3850102111961,HRANA
KULEN 650g REZ PIK,90180362,PIK,1.00 kg,kg,20.79,20.79,,,20.79,,HRANA
LINZER MARELICA 310g K PLUS,90291826,K PLUS,0.31 kg,ko,2.99,9.65,,,2.49,3850334350527,HRANA
CARSKA MJEŠAVINA 400g LEDO,90668464,LEDO,0.40 kg,ko,,4.63,1.85,1.85,2.29,3850116053318,HRANA
SV VRAT SK U KOŽI  ,02402307,PIK VRBOVEC,1.00 kg,kg,4.29,4.29,,,4.55,3850139523041,HRANA
POSEBNA 500g VINDIJA,02048431,CEKIN,0.50 kg,ko,1.99,3.98,,,1.99,3850159125027,HRANA
SIR MEKI BIJELI K PLUS ARETOS 250g,90141697,K PLUS,0.25 kg,ko,2.65,10.6,,,2.65,3850334407306,HRANA
SLANINA DOM SUHA CCA 700g PIVAC,90598409,PIVAC,1.00 kg,kg,16.29,16.29,,,16.29,3858884997100,HRANA
KAŠICA INST ČOKOLINO 1kg VREĆ,04170091,LINO,1.00 kg,ko,8.99,8.99,,,8.99,3850104017537,HRANA
LIGNJA PATAGONICA TUBA I KR 1 kg,90799776,WOFCO,1.00 kg,ko,10.99,10.99,,,6.99,8436607576747,HRANA
SIR TVRDI EMMENTALER K PLUS 300g,02053911,K PLUS,0.30 kg,ko,2.99,9.97,,,2.99,3850334189134,HRANA
SIR K PLUS TILZIT 100G,90216548,K PLUS,0.10 kg,ko,,11.9,1.19,1.39,1.39,3850334571083,HRANA
NARANČA,01411575,,1.00 kg,kg,,0.99,0.99,1.49,1.49,3858885876961,HRANA
JOGURT TEKUĆI 180g DUKAT,02330863,DUKAT,0.18 kg,ko,0.44,2.44,,,0.44,3850354000921,HRANA
MAHUNA ŽUTA 400g LEDO,90668455,LEDO,0.40 kg,ko,,3.98,1.59,1.99,1.6,3850116053226,HRANA
OCAT ALKOHOLNI 1L KISKO,03120013,KISKO,1.00 l,ko,1.29,1.29,,,1.29,3850164310111,HRANA
KULENOVA SEKA BELJE,90672766,BELJE,1.00 kg,kg,,21.99,21.99,21.99,21.99,3850257051518,HRANA
OCAT K PLUS ALKOHOLNI 1L,90063889,K PLUS,1.00 l,ko,0.69,0.69,,,0.69,3850334350404,HRANA
MAJONEZA TUBA 165g ZVIJEZDA,02200099,ZVIJEZDA,0.17 kg,ko,2.49,15.09,,,2.29,3858882210263,HRANA
PAŠTETA PIKANT 95g LO,90087682,PODRAVKA,0.10 kg,ko,1.29,13.58,,,1.29,3858886469261,HRANA
PUREĆE MLJEVENO MESO 500g VINDIJA,02451416,VINDON,0.50 kg,ko,,8.78,4.39,4.39,5.49,3850339413043,HRANA
ZIMSKA SALAMA 650g MA REZ,02024463,PIK,1.00 kg,ko,10.9,10.9,,,19.99,,HRANA
ŠUNKA U OVITKU NAR 125g MA PIK VRBOV,02036496,PIK VRBOVEC,0.13 kg,ko,2.49,19.92,,,2.49,3850139171051,HRANA
SIR POLUTV K PLUS MOZZARELLA 100g,90219875,K PLUS,0.10 kg,ko,,11.9,1.19,1.79,1.69,3850334577429,HRANA
MARGARIN STOLNI 250g ZVIJEZDA,02210021,ZVIJEZDA,0.25 kg,ko,1.15,4.6,,,0.85,3858882210102,HRANA
MAJONEZA DELIKATES 400g ZVIJEZDA,02202089,ZVIJEZDA,0.40 kg,ko,4.29,10.73,,,3.99,3858882219020,HRANA
GLJIVA ŠAMPINJON ZLATNI 400 grama,01400133,,0.40 kg,ko,2.09,5.23,,,1.99,3850334201676,HRANA
MAKOVNJAČA 500g MLINAR,90090152,MLINAR,0.50 kg,ko,5.09,10.18,,,4.79,3858881125537,HRANA
ČOK DORINA MLIJEČNA 250g FLOW PACK,90083726,DORINA,0.25 kg,ko,,11.96,2.99,4.49,4.49,3850102502189,HRANA
PERŠIN KORIJEN LIST 250 grama,90042194,KORA,0.25 kg,ko,1.69,6.76,,,1.49,3850334311795,HRANA
ČOK DORINA KEKS 220g FLOW PACK,90514632,DORINA,0.22 kg,ko,,13.59,2.99,4.49,4.49,3850102516285,HRANA
KEFIR 3.5% 200g VINDIJA,02330941,Z BREGOV,0.20 kg,ko,0.75,3.75,,,0.75,3850108030525,HRANA
ORAH JEZGRA 500g,90405745,EUROCOMPANY,0.50 kg,ko,4.99,9.98,,,3.49,3859890630579,HRANA
PEKMEZ ŠLJIVA 660g PODRAVKA,90572867,PODRAVKA,0.66 kg,ko,4.69,7.11,,,4.49,3856020252847,HRANA
RAJČICA KONCENTRAT TUBA 190g PODRAV,01570144,PODRAVKA,0.19 kg,ko,2.19,11.53,,,2.19,3850104053221,HRANA
BOMBON KAR KIKI TUTTI FRUTTI 100g,90373544,KIKI,0.10 kg,ko,,9.9,0.99,1.29,1.29,3850102516704,HRANA
CELER GLAVA,01402649,,1.00 kg,kg,0.99,0.99,,,1.39,3850334173355,HRANA
PAŠTETA PIKETA ČAJNA  95g AL,90166120,PIKETA,0.10 kg,ko,1.19,12.53,,,1.19,3850104277788,HRANA
KRUH BIJELI SENDVIČ PAK 650g MLINAR,04016480,MLINAR,0.65 kg,ko,1.99,3.06,,,1.85,3858881127517,HRANA
BISKVIT BARNI CHOCO 150g,04151405,BARNI,0.15 kg,ko,3.49,23.27,,,3.49,7622300509606,HRANA
SLAD LEDO KORNET ČOKOLADA 120ML,02350172,LEDO,0.12 l,ko,1.79,14.92,,,1.79,3850116037790,HRANA
ŠUNKA DELIKATES NAR 150g,90064794,PIK VRBOVEC,0.15 kg,ko,2.95,19.67,,,2.95,3850139171723,HRANA
BOROVNICA 300g LEDO,90668489,LEDO,0.30 kg,ko,,12.63,3.79,3.79,4.49,3850116053646,HRANA
JUHA OKUS GOV S TIJ 5x80g INDOMIE,01491315,INDOMIE,0.40 kg,ko,,3.98,1.59,2.25,2.25,8606108584132,HRANA
CAPP FR VAN CREAM 148g KUT,90281759,FRANCK,0.15 kg,ko,,22.23,3.29,3.89,3.89,3858881088337,HRANA
NARODNA KOBASICA K PLUS VAK,02030066,K PLUS,1.00 kg,kg,3.49,3.49,,,3.49,3850139285451,HRANA
BRAŠNO NAMJ DIZAN T-400 1kg ČAK ML,04034280,ČAK MLINOVI,1.00 kg,ko,1.49,1.49,,,1.52,3858884172583,HRANA
CROISSANT 7DAYS MIDI KAKAO 60g,04027851,CHIPITA,0.06 kg,ko,0.86,14.33,,,0.86,7622201388409,HRANA
DESERT EUFORIJA VANILIJA MIX 150g,90724894,Z BREGOV,0.15 kg,ko,0.95,6.33,,,0.95,3850108037609,HRANA
KUKURUZ ŠEĆERAC 285G,01492144,SLOVA,0.29 kg,ko,1.09,3.82,,,1.09,8605002354889,HRANA
INSTANT NES CL 100g LIM NESTLE,04070018,NESCAFE,0.10 kg,ko,6.49,64.9,,,5.69,7891000255049,HRANA
VRHNJE KREM DOMAĆE 25%MM 300g DUKAT,90035986,BRZO&FINO,0.30 kg,ko,1.99,6.63,,,1.89,3850354008729,HRANA
ZIMSKA 80g NAR PODRAVKA,90319775,PODRAVKA,0.08 kg,ko,2.19,27.38,,,2.09,3856020213183,HRANA
KEKS PREKRAŠNI PUNJ KAKAOM 220g,90485648,PREKRAŠNI KOLAČIĆI,0.22 kg,ko,2.59,11.77,,,2.59,3850102011230,HRANA
GRAH CRVENI 460g PODRAVKA,01529015,PODRAVKA,0.46 kg,ko,2.49,5.41,,,2.19,3850104020728,HRANA
PAŠTETA ČAJNA 30GR GAVRILOVIĆ,02166118,GAVRILOVIĆ,0.03 kg,ko,0.95,31.67,,,0.95,3858881220102,HRANA
ULJE MASLINOVO EX DJEV 0.75L FARCHIONI,90340365,FARCHIONI,0.75 l,ko,8.49,11.32,,,9.49,8007153078049,HRANA
DVOPEK GRANETTI INTEGRAL 280g AWT,04016471,MULINO BIANCO,0.28 kg,ko,2.79,9.96,,,2.79,8076809527033,HRANA
ŽV GUMA AIRW EXTREME BOČ 64 g,90770792,WRIGLEY,0.06 kg,ko,3.69,57.66,,,3.69,4009900550208,HRANA
ČIPS CHIO SOUR CREAM&ONION 130 g,90764976,CHIO,0.13 kg,ko,2.19,16.85,,,2.19,3856021306747,HRANA
ČOKOLADA MILKA NUTS NOUGAT 300g,90354249,MILKA,0.30 kg,ko,6.79,22.63,,,6.79,7622200004515,HRANA
BISKVIT MILKA ČOK KREMA 128g,04151216,MILKA,0.13 kg,ko,,8.52,1.09,1.79,1.79,7622300479084,HRANA
KUPUS CRVENI,01402636,,1.00 kg,kg,0.79,0.79,,,1.49,3850334173348,HRANA
AJVAR BLAGI 680G,01480138,SLOVA,0.68 kg,ko,2.65,3.9,,,2.49,3850334079657,HRANA
CAPP FR ČOK 144g KUT,90281755,FRANCK,0.14 kg,ko,,22.85,3.29,3.89,3.89,3858881088320,HRANA
PROTEINSKI NAPITAK VANILIJA 0.5L VI,90513945,Z BREGOV,0.50 l,ko,2.55,5.1,,,2.55,3850108023701,HRANA
PAHULJICE LUMPI DUO BALLS 250g,90593662,LUMPI,0.25 kg,ko,,3.6,0.9,1.06,1.06,3850334009265,HRANA
PUREĆI FILE OD PRSA 750g,90345139,VINDON,0.75 kg,ko,11.5,15.33,,,11.5,3850339402597,HRANA
ULJE MASLINOVO EX DJ 0.25L ZVIJEZDA,90703183,ZVIJEZDA,0.25 l,ko,4.49,17.96,,,4.49,3856015327710,HRANA
SIR TVRDI KRAVLJI 1/4  ŠPIN,02055587,ŠPIN,1.00 kg,kg,24.99,24.99,,,17.99,3858881190849,HRANA
WINTERA K PLUS 300g MA,90308638,K PLUS,0.30 kg,ko,4.39,14.63,,,4.39,3850334610317,HRANA
CIKLA 360G,01590427,SLOVA,0.36 kg,ko,1.45,4.03,,,1.45,3850334076175,HRANA
KRUH KLARA RUSTIKA 500g NAR PAK KLARA,90632841,KLARA,0.50 kg,ko,2.35,4.7,,,2.09,3856016906556,HRANA
JUHA OKUSA PILETINA 5/1 INDOMIE 350g,90064254,INDOMIE,0.35 kg,ko,,4.54,1.59,1.59,2.25,0089686170115,HRANA
ŠPINAT BRIKET 650g LEDO,90668460,LEDO,0.65 kg,ko,3.89,5.98,,,3.49,3850116053288,HRANA
SIR TVRDI KRAVLJI KOLUT DŽIUGAS,90370542,DŽIUGAS,1.00 kg,kg,,10.99,10.99,13.27,13.27,,HRANA
KREKER SEZAM 80g ELEPHANT,90343005,ELEPHANT,0.08 kg,ko,0.99,12.38,,,0.99,5949040201068,HRANA
MLIJEKO ZAMJ BEBIMIL 1 600g,90386020,BEBIMIL,0.60 kg,ko,11.29,18.82,,,11.29,9007253105071,HRANA
BRUSNICA VEDRINI SUHA 500g,90303748,VEDRINI,0.50 kg,ko,4.79,9.58,,,4.79,3859890630470,HRANA
GLJIVA ŠAMPINJON REZANI 250 grama,01400086,,0.25 kg,ko,1.49,5.96,,,1.49,3850334184832,HRANA
ČOKOLADA DORINA NAPOLITANKA 100g,90411114,DORINA,0.10 kg,ko,1.99,19.9,,,1.45,3850102519521,HRANA
STUDENTSKI MIX GARDEN GOOD 180g,90363755,GARDEN GOOD,0.18 kg,ko,,13.83,2.49,3.19,2.69,3838900958506,HRANA
ČAJ ŠIPAK FILT 20/1 60g FRANCK,04091824,FRANCK,0.06 kg,ko,2.29,38.17,,,2.09,3858881081383,HRANA
LIGNJA PANIRANI KOLUTIĆI 400g LEDO,02199495,LEDO,0.40 kg,ko,3.99,9.98,,,3.99,3850116779485,HRANA
SV KOLJENICA SK RR MHF (VAKL),90308028,PIK VRBOVEC,1.00 kg,kg,4.05,4.05,,,4.45,3850139523461,HRANA
ZABATAK PILEĆI K PLUS,90270059,K PLUS,1.00 kg,kg,,3.49,3.49,4.09,4.09,3850159118067,HRANA
INSTANT KAVA RITUAL CREMA 160 g,90749808,RITUAL,0.16 kg,ko,,32.38,5.18,6.49,6.49,3850334083227,HRANA
CORNFLAKES RISE&SMILE VR 500g,90730682,RISE&SMILE,0.50 kg,ko,1.99,3.98,,,1.99,3850334070609,HRANA
GRAH BIJELI 460g PODRAVKA,01529014,PODRAVKA,0.46 kg,ko,2.19,4.76,,,2.19,3850104020780,HRANA
BUĐOLA NARESCI 90G,90280097,DOBRO,0.09 kg,ko,2.59,28.78,,,2.59,3850133800797,HRANA
PEČENICA SUHA DALMATINSKA 1/2 PIVAC,90569806,PIVAC,1.00 kg,kg,20.99,20.99,,,20.99,3858890182088,HRANA
SALAMA CLASSIC NAR 100G K PLUS MA,90276305,K PLUS,0.10 kg,ko,1.69,16.9,,,1.69,3850334610072,HRANA
CROISSANT 7DAYS MIDI MARELICA 60g,90730939,CHIPITA,0.06 kg,ko,0.86,14.33,,,0.86,7622202029011,HRANA
SLAD BEN & JERRY STRAWB CH CK 465ml,90406114,BEN & JERRY'S,0.47 l,ko,8.99,19.33,,,8.99,8711327374126,HRANA
KAVA LEDENA NES XPRESS WHITE 250ml,04071194,NESCAFE,0.25 l,ko,2.05,8.2,,,2.05,8445290618498,HRANA
MARINIRANI SVINJSKI FILE PIK,90154859,PIK VRBOVEC,1.00 kg,kg,8.79,8.79,,,8.49,3850139437768,HRANA
UMAK OD SOJE DISPENSER 150ML KIKKOMA,01490590,KIKKOMAN,0.15 l,ko,5.99,39.93,,,5.99,8715035110106,HRANA
BOMBON NEGRO MIX TVRDI 250 g PIONIR,90770518,PIONIR,0.25 kg,ko,3.69,14.76,,,3.69,8602300233229,HRANA
BOMBON HARIBO TREŠNJICE 100g,90048158,HARIBO,0.10 kg,ko,1.59,15.9,,,1.59,9002975309820,HRANA
OCAT BALZAMSKI 5 GR 0.25L SPECIAL MOMENTS,90382088,SPECIAL MOMENTS,0.25 l,ko,6.99,27.96,,,7.99,3850334196057,HRANA
KAŠ LINO VOĆE S RIŽOM 190G,90184165,LINO,0.19 kg,ko,1.59,8.37,,,1.59,3850104280030,HRANA
HIPP BIO POVRĆE S GOVEDINOM 250g,90406762,HIPP,0.25 kg,ko,,7.56,1.89,2.25,2.25,4062300261303,HRANA
TEL PODLAKTICA DOMAĆA SK ,90453831,MARTINJAK,1.00 kg,kg,11.09,11.09,,,8.99,3859893702754,HRANA
SPARE RIBS S MEDOM I ČEŠNJAKOM AVE,90909777,AVE,1.00 kg,kg,8.49,8.49,,,8.49,,HRANA
SOČNO CARSKO MESO U MARINADI 480 g,90909779,AVE,0.48 kg,ko,5.99,12.48,,,5.99,3831020349384,HRANA
SOČNA ROŠTILJ VRATINA U MARIN 460 g,90909781,AVE,0.46 kg,ko,5.99,13.02,,,5.99,3831020349414,HRANA
KAVA PROFONDO NS 10/1 52 g L OR,90915229,L OR,0.05 kg,ko,6.59,126.73,,,6.59,8711000360569,HRANA
KAVA COLOMBIA NS 10/1 52 g L OR,90915231,L OR,0.05 kg,ko,6.59,126.73,,,6.59,8711000360613,HRANA
MIX NESCAFE 3U1 28/1 434 g,90909816,NESCAFE,0.43 kg,ko,5,11.52,,,5.99,8445291956315,HRANA
ČOK ZA KUHANJE BIJELA 200g DORINA,90553346,DORINA,0.20 kg,ko,4.45,22.25,,,4.45,3850102008643,HRANA
TUBA VOĆNA HIPP JAB KRUŠ BAN 100g,90290024,HIPP,0.10 kg,ko,1.35,13.5,,,1.35,4062300278530,HRANA
VAFL MANNER LJEŠNJAK VREĆ 400g,04140627,MANNER,0.40 kg,ko,4.29,10.73,,,3.99,9000331607917,HRANA
ORADA OČIŠĆENA KONZUM,90699410,,1.00 kg,kg,13.99,13.99,,,11.99,,HRANA
LOVAČKA KOBASICA K PLUS 300g,90744658,K PLUS,0.30 kg,ko,,8.3,2.49,3.49,3.49,3850334098634,HRANA
KOLAČ OBLATNE S KREMOM 270g,90365068,GRANNY VIKKY,0.27 kg,ko,3.79,14.04,,,3.19,3859889660204,HRANA
NAMAZ KIKIRIKI MASLAC K PLUS 350g,90362818,K PLUS,0.35 kg,ko,2.99,8.54,,,2.99,3850334153913,HRANA
MLIJEKO KONDENZIRANO NESTLE 397g,90202016,NESTLE,0.40 kg,ko,4.19,10.55,,,4.19,8715000014026,HRANA
PAŠTETA TUNA JUNIOR ARGETA 95g,90108984,ARGETA,0.10 kg,ko,,17.79,1.69,1.69,1.99,3838471019057,HRANA
MLIJEKO TRAJNO 2.8% 200ML VINDIJA,02230421,Z BREGOV,0.20 l,ko,0.65,3.25,,,0.65,3850108020052,HRANA
INSTANT NES CL 250g LIM NESTLE,04070004,NESCAFE,0.25 kg,ko,,41.96,10.49,12.99,11.99,7891000254912,HRANA
KEKSI SUHI 800g K PLUS,90366025,K PLUS,0.80 kg,ko,3.71,4.64,,,3.71,3850334203076,HRANA
MARINIRANI PILEĆI MINI FILE 400g,90765298,MEĐIMURSKO PILE,0.40 kg,ko,5.99,14.98,,,5.99,3850220408806,HRANA
KOLAČI MIKS 400g K PLUS,90385617,K PLUS,0.40 kg,ko,4.25,10.63,,,4.25,3850334189585,HRANA
JUHA KREM OD VRGANJA 60g PODRAVKA,04160716,PODRAVKA,0.06 kg,ko,1.39,23.17,,,1.39,3850104214653,HRANA
TORTILLA INTEG 6X25cm 370g HRUSTY,90725716,HRUSTY,0.37 kg,ko,1.59,4.3,,,1.59,3850334055088,HRANA
INSTANT KAVA CLASSIC LIM 100g FRANCK,04070424,FRANCK,0.10 kg,ko,,35.9,3.59,4.49,4.49,3850291055213,HRANA
SIR TVRDI MIJEŠANI 230G ŠPIN,90392429,ŠPIN,0.25 kg,ko,8.29,33.16,,,7.99,3858881196551,HRANA
ČOKO TUTTI FRUTTI KANDIT 210g FLOW PACK,90642977,KANDIT,0.21 kg,ko,4.19,19.95,,,4.19,3856024803908,HRANA
ROCHER T24X4 DIAMANT 300g,04221013,FERRERO,0.30 kg,ko,12.69,42.3,,,11.39,8000500009673,HRANA
DANONINO DRINK JAGODA 4X100g,02334322,DANONINO,0.40 kg,ko,2.85,7.13,,,2.65,5941209010849,HRANA
ČOK DORINA LJEŠNJAK 80g,90071695,DORINA,0.08 kg,ko,1.89,23.63,,,1.89,3850102501526,HRANA
JUNEĆI BUT B.K. I KAT LOVRIĆ,90648676,LOVRIĆ,1.00 kg,kg,12.89,12.89,,,12.49,,HRANA
CAPPUCCINO RITUAL CLASSIC VR 200g,90682991,RITUAL,0.20 kg,ko,,8.95,1.79,2.29,1.95,8605002356401,HRANA
ČOKOLADA DORINA JAGODA VANILIJA 95 g,90765218,DORINA,0.10 kg,ko,1.99,20.95,,,1.45,3850102009947,HRANA
SIR TVRDI OVIDUR 1/4 KRIŠKA VINDIJA,90410418,Z BREGOV,1.00 kg,kg,35.49,35.49,,,30.49,3850108052862,HRANA
ŽV GUMA ORBIT WHITE SPEARMINT 14g,04200201,WRIGLEY,0.01 kg,ko,0.99,70.71,,,0.99,42113164,HRANA
SIR SVJEZI POSNI PRESIDENT 10% 200g,02390979,PRESIDENT,0.20 kg,ko,1.49,7.45,,,1.49,3850355002993,HRANA
AJVAR GARDEN GOOD BLAGI PREM  290g,90754905,GARDEN GOOD,0.29 kg,ko,3.69,12.72,,,3.69,3850334107862,HRANA
PAHULJ NESQUIK 375g,04170625,NESTLE ŽITAR,0.38 kg,ko,4.49,11.97,,,4.29,5900020013668,HRANA
DESERT MUNCHMALLOW 105g,04220602,MUNCHMALLOW,0.11 kg,ko,1.29,12.29,,,1.29,8600114000020,HRANA
ČAJ ZELENI FILT 35g OMOT FRANCK,04090285,FRANCK,0.04 kg,ko,2.29,65.43,,,2.29,3858881083752,HRANA
ULJE SUNCOKRET 3L PET ZVIJEZDA,03220002,ZVIJEZDA,3.00 l,ko,4.99,1.66,,,4.99,3858882211345,HRANA
TIJESTO FUŽI 500g KLARA M,04050515,KLARA M,0.50 kg,ko,4.79,9.58,,,4.69,3859888499874,HRANA
NAPITAK PROTEIN BIJ ČOK/MALINA 0.5L VIN,90707830,VINDIJA,0.50 l,ko,2.55,5.1,,,2.55,3850108023732,HRANA
PAHULJICE LUMPI PILLOWS NOUGAT 250g,90593656,LUMPI,0.25 kg,ko,,4.48,1.12,1.33,1.33,3850334007902,HRANA
TIJESTO LASAGNE JAJ 199 LC 500g BARI,04010012,BARILLA,0.50 kg,ko,4.35,8.7,,,4.35,8076800376999,HRANA
PUREĆI FILE ODRESCI 450g AIA,90071899,AIA,0.45 kg,ko,5.49,12.19,,,5.31,8008110001353,HRANA
SKUŠA FIL U BILJ ULJU 100g/70g EVA,90726049,EVA,0.07 kg,ko,3.29,47,,,2.79,3856020263034,HRANA
PAŠTETA PILEĆA ROASTY 100 g,90427957,GAVRILOVIĆ,0.10 kg,ko,1.35,13.5,,,1.35,3858890207767,HRANA
DESERT CASALI ČOKOLADNE BANANE 300g,04220488,MANNER,0.30 kg,ko,4.49,14.97,,,3.89,9000332812822,HRANA
BISKVIT SOFT FINESSE 135g,90363417,FINESSE,0.14 kg,ko,1.19,8.81,,,1.19,3850334001498,HRANA
TJESTENINA BOLOGNESE 160g MINUTE,90730515,MINUTE,0.16 kg,ko,,8.06,1.29,1.29,1.69,3850334063267,HRANA
BOMBON CEDEVITA NARANČA XXL 60g,90697804,CEDEVITA,0.06 kg,ko,1.79,29.83,,,1.69,3850322016428,HRANA
DESERT M&M CHOCO 45g,04220012,MARS,0.05 kg,ko,1.09,24.22,,,1.09,5900951140303,HRANA
NAMAZ HUMMUS SPICY 200g RIBELLA,90403188,RIBELLA,0.20 kg,ko,,11.25,2.25,2.25,2.25,8606011898876,HRANA
TEMELJAC KOKOŠJI 112g PODRAVKA,90082438,PODRAVKA,0.11 kg,ko,2.59,23.12,,,2.59,3850104266669,HRANA
TIJESTO K PLUS FARFALLE 31 500g,04057605,K PLUS,0.50 kg,ko,1.29,2.58,,,1.29,,HRANA
KVASAC SUHI 35G 5X7g SWEET CHEF,90403898,SWEET CHEF,0.04 kg,ko,0.79,22.57,,,0.8,3850334203052,HRANA
TJESTENINA GOVEDINA  CUP 93g YAKISOBA,90325258,YAKISOBA,0.09 kg,ko,2.09,22.47,,,2.09,8000050021644,HRANA
ČOKOLADA ZA KUH DESSERT BIJELA 170 g ,90770367,NESTLE,0.17 kg,ko,5.49,32.29,,,5.49,8445290908087,HRANA
KRUŠNE MRVICE 500g MOJ  KRUH,90291530,,0.50 kg,ko,1.27,2.54,,,1.27,3859892992026,HRANA
SIR TOP TROK ŠUNKA 140g ZDENKA,02103202,ZDENKA,0.14 kg,ko,2.25,16.07,,,2.25,3858888590116,HRANA
PAHULJICE KRAŠ BRUNDO KAKAO 300g,04175087,BOBI BRUNDO,0.30 kg,ko,2.39,7.97,,,2.39,3850102523146,HRANA
KAŠA ZOB RISE&SMILE ČOKO 4/1 260g,90713226,RISE&SMILE,0.26 kg,ko,,6.12,1.59,1.99,1.99,3850334043535,HRANA
RIŽA DUGO ZRNO PARBOIL.500g BEN'S,90577698,BEN’S ORIGINAL,0.50 kg,ko,3.69,7.38,,,3.69,5410673007476,HRANA
DESERT KINDER MAXI 21g X 2 kom,90331991,FERRERO,0.04 kg,ko,1.09,25.95,,,0.99,4008400224022,HRANA
ČOKOLADA DORINA DOMAĆICA 300g,90411102,DORINA,0.30 kg,ko,4.99,16.63,,,4.99,3850102519484,HRANA
KEKS GRISBI ČOKOLADA 135 g,90795429,GRISBI,0.14 kg,ko,2.29,16.96,,,2.29,8000350007911,HRANA
MLIJEKO KISELO ČVRSTO 900g VINDIJA,90035997,Z BREGOV,0.90 kg,ko,2.39,2.66,,,2.39,3850108031812,HRANA
TEL LEĐA DOMAĆA SK BEZ BIFTEKA ,90453824,MARTINJAK,1.00 kg,kg,14.69,14.69,,,11.99,3859893702747,HRANA
ČIPS CRUNCHIPS SIR LUK 130g,90705461,LORENZ,0.13 kg,ko,2.25,17.31,,,2.25,4018077005602,HRANA
SV KOSTI S MESOM ,02400659,PIK VRBOVEC,1.00 kg,kg,2.25,2.25,,,2.85,3850139280159,HRANA
PIZZA POPS PA PILEĆE OKRUGLICE 500g,02370035,CEKIN,0.50 kg,ko,6.79,13.58,,,6.39,3850159140570,HRANA
PROLJETNE ROLADE S POVRĆEM 900g,90617781,TSINGTAO,0.90 kg,ko,6.63,7.37,,,6.63,8717677864249,HRANA
PIRE VOĆ VERY BERRY 180g NUTRINO LAB,90734843,NUTRINO LAB,0.18 kg,ko,2.25,12.5,,,2.25,8606019653682,HRANA
DŽEM K PLUS EXTRA SMOKVA 350g,90794843,K PLUS,0.35 kg,ko,,5.69,1.99,2.49,2.49,3850334112989,HRANA
PRALINE TRUFFLE MIX U VR 1000g,90745699,ELVAN,1.00 kg,ko,8.29,8.29,,,8.29,8693029204782,HRANA
PRŠUT DALMAT 100g PUNTICA,90514256,OPG PUNTICA,0.10 kg,ko,4.99,49.9,,,4.39,3859893363429,HRANA
RIKULA BIO 90 g,90809841,ORGANIC WILD ROCKET,0.09 kg,ko,1.39,15.44,,,1.39,3856028689232,HRANA
KOLAČ DULCETTI ČOKOLADNI 400g,90825814,DULCETTI,0.40 kg,ko,,5.48,2.19,2.59,2.49,3850334420442,HRANA
POMELO ŽUTI KOM,01410079,,1.00 kg,ko,,0.99,0.99,1.79,1.79,8717906000974,HRANA
TIJESTO K PLUS CAVATT PREMIUM 500g,90072941,K PLUS,0.50 kg,ko,,1.98,0.99,1.39,1.39,3850334363312,HRANA
ČAJ LIMUNSKA TRAVA ĐUMBIR 40g FRANCK,90386055,FRANCK,0.04 kg,ko,2.49,62.25,,,2.49,3850291050027,HRANA
BOMBONI HARIBO PICO BALLA 85g,90669718,HARIBO,0.09 kg,ko,1.59,18.71,,,1.59,8426617119928,HRANA
RAGU MESNI 200g PODRAVKA,02160362,PODRAVKA,0.20 kg,ko,2.49,12.45,,,2.49,3850104020308,HRANA
KOLAČ ŠNITA OD BANANA 250g,90754961,JOMO,0.25 kg,ko,2.49,9.96,,,2.49,9002287000903,HRANA
VRHNJE KISELO 12% 180g ČAŠA MEGGLE,02331046,MEGGLE,0.18 kg,ko,0.89,4.94,,,0.89,3870085020753,HRANA
TIJESTO PIPE RIGATE 91 500g BARILLA,04310042,BARILLA,0.50 kg,ko,2.05,4.1,,,2.05,8076802085912,HRANA
TUNJ FIL U MASL ULJU EVA 100g/70g,90732357,EVA,0.07 kg,ko,3.99,57,,,3.99,3856020263126,HRANA
FLIPS HRUSTY MEDO CLASSIC 100g,90825587,HRUSTY,0.10 kg,ko,,10.3,1.03,1.29,1.29,3850334111074,HRANA
KEKS BAIOCCHI PISTACCHIO 168 g BARILLA,90800105,BARILLA,0.17 kg,ko,3.99,23.75,,,3.99,8076809581318,HRANA
PROIZ BILJ BAZ OKUS PARMEZ RIB 100g,90263987,GREEN VIE,0.10 kg,ko,1.66,16.6,,,1.66,5292874000032,HRANA
PRALINE RUM 280g KANDIT,90308683,KANDIT,0.28 kg,ko,4.05,14.46,,,3.69,3858889866890,HRANA
ŽV GUMA ORBIT WINTERFRESH 14g,04200018,WRIGLEY,0.01 kg,ko,0.99,70.71,,,0.99,50173976,HRANA
PROTEIN BAR KOKOS 35g,90373144,POLLEO,0.04 kg,ko,1.49,42.57,,,1.49,3858892292242,HRANA
KAŠA HELJDINA 500g VETA,90804651,VETA,0.50 kg,ko,1.69,3.38,,,2.35,3857500020451,HRANA
LISTOVI ZA PITE I SAVIJ 500g LAURA,90453454,LAURA,0.50 kg,ko,2.15,4.3,,,2.15,3859893592065,HRANA
PURICA SMRZNUTA VINDON,02440052,VINDIJA,1.00 kg,kg,7.49,7.49,,,6.39,3850339407011,HRANA
SRDELA SVJ PAK KONZUM,02199514,KONZUM,1.00 kg,kg,4.99,4.99,,,3.49,,HRANA
ČAJ K PLUS KAMILICA 20X1g,90453811,K PLUS,0.02 kg,ko,0.99,49.5,,,1.09,3850334240125,HRANA
NAMAZ HUMMUS ČILI 250G SANA,90148364,SANA,0.25 kg,ko,3.45,13.8,,,3.45,3859892873059,HRANA
ČIPS CHIO TACCOS ŠUNKA 65g,01310179,CHIO,0.07 kg,ko,1.59,24.46,,,1.59,5997312702058,HRANA
PROSCIUTTO COTTO 125g NAR,90770659,CASA MODENA,0.13 kg,ko,2.29,18.32,,,2.29,8004225042113,HRANA
SARDINA U BILJ ULJ AQ 73.5G,02198474,ADRIATIC QUEEN,0.07 kg,ko,1.79,24.35,,,1.69,3850160102161,HRANA
KOSTI SUHE VRBOVEC RFZ,02013503,PIK VRBOVEC,1.00 kg,kg,3.99,3.99,,,3.85,3850139250152,HRANA
MLINCI K PLUS 250g  MLIN JERTOVEC,90095592,K PLUS,0.25 kg,ko,1.39,5.56,,,1.39,3850334405722,HRANA
KUPUS BIJELI 300 grama,01407868,KONZUM,0.30 kg,ko,1.39,4.63,,,1.29,3850334197955,HRANA
ŽV GUMA ORBIT REFRESH PEPERMINT BOČ 67g,90485457,WRIGLEY,0.07 kg,ko,4.2,62.69,,,4.2,4009900536288,HRANA
KUKURUZ KOKIČAR VEDRINI 1000g,90514095,VEDRINI,1.00 kg,ko,1.89,1.89,,,2.19,3858889333231,HRANA
SLAD BEN & JERRY COOKIE DOUGH 465ml,90406108,BEN & JERRY'S,0.47 l,ko,8.99,19.33,,,8.99,8711327373105,HRANA
CRISPY POPS PA PILEĆE OKRUGLICE 500g,02370034,CEKIN,0.50 kg,ko,7.69,15.38,,,7.69,3850159141935,HRANA
TIJESTO REZANCI ŠIR JAJ 400g KOLEDA,04051251,KOLEDA,0.40 kg,ko,,2.98,1.19,2.25,1.99,3859888433090,HRANA
PILEĆA PRSA S&FIT 100g NAREZAK PERUTNINA,90382353,SLIM&FIT,0.10 kg,ko,1.99,19.9,,,1.99,3838977022155,HRANA
TJESTENINA S 4 VRSTE SIRA 160g MINUTE,90424679,MINUTE,0.16 kg,ko,,8.06,1.29,1.29,1.69,3850334237248,HRANA
KEKS PETIT BEURRE 200g KRAŠ,04141826,KRAŠ,0.20 kg,ko,1.59,7.95,,,1.59,3850102311163,HRANA
SARDINA U MASLINOVOM ULJU AQ 73.5g,02198479,ADRIATIC QUEEN,0.07 kg,ko,1.99,27.07,,,1.99,3850160101065,HRANA
MAJONEZA TUBA KETCH MAJON 165g ZVIJEZDA,90405154,ZVIJEZDA,0.17 kg,ko,2.49,15.09,,,2.39,3856015321275,HRANA
VRHNJE KISELO 12% BRZO&FINO 3X200g,02334706,BRZO&FINO,0.60 kg,ko,2.67,4.45,,,2.67,3850354006336,HRANA
VAFLI MIGNON ČOK PRELJ 400g,04150969,MANNER,0.40 kg,ko,5.39,13.48,,,4.79,9000331607993,HRANA
ULJE MASLINOVO EX DJEV ZLATNO 750ml ORGULA,90403574,ORGULA,0.75 l,ko,14.99,19.99,,,12.99,3859890446545,HRANA
MUESLI GRANOLA RISE&SMILE CHOCO 300 g,90775613,RISE&SMILE,0.30 kg,ko,,5.3,1.59,1.89,1.89,3850334110176,HRANA
LEDOLETTA KAKAO 800 g LEDO,90825012,LEDO,0.80 kg,ko,4.99,6.24,,,4.99,3850116067469,HRANA
SIR ZRNATI ACTIVE ZONE PROTEIN 0.8% MM 150g,90739771,ACTIVE ZONE,0.15 kg,ko,1.59,10.6,,,1.46,3850334411778,HRANA
MEDALJONI OD PIL/PUR MESA 320g,90572423,AIA,0.32 kg,ko,2.99,9.34,,,2.99,8008110032845,HRANA
KUKURUZ ŠEĆERAC GARDEN GOOD 170/140g,90707329,GARDEN GOOD,0.14 kg,ko,0.99,7.07,,,0.99,8605028600045,HRANA
KVASAC SUHI  7g 4+1 GR  DOLCE PODR,90097589,DOLCELA,0.03 kg,ko,2.2,78.57,,,2,3850104266577,HRANA
VAFL KREM ŠTAPIĆI LJEŠNJAK 200g LASTA,90662984,LASTA,0.20 kg,ko,2.39,11.95,,,2.39,3870128030060,HRANA
KOZICA ARGENTINSKA 250 g OCEAN,90825329,OCEAN,0.25 kg,ko,,19.96,4.99,6.99,6.99,3850334098764,HRANA
BOMBONJERA COLLECTION T15 172g FERR,90070405,FERRERO,0.17 kg,ko,8.79,51.1,,,7.99,8000500247150,HRANA
BOMBON KAR KIKI JAGODA 100g,90373317,KIKI,0.10 kg,ko,,9.9,0.99,1.29,1.29,3850102516735,HRANA
KOLAČ MRAMORNI DULCETTI 400g,90573447,DULCETTI,0.40 kg,ko,2.49,6.23,,,2.49,3838900805145,HRANA
GRAŠAK 520g PODRAVKA,01550368,PODRAVKA,0.52 kg,ko,2.79,5.37,,,2.59,3850104050053,HRANA
NAMAZ MILKA 600g,90407637,MILKA,0.60 kg,ko,9.49,15.82,,,9.49,7622201521257,HRANA
ČOKOLINO DARK 350g PODRAVKA,90707748,LINO,0.35 kg,ko,5.99,17.11,,,5.59,3856020262815,HRANA
KOCKA KRALJEVSKA 120g PODRAVKA,90140982,PODRAVKA,0.12 kg,ko,2.19,18.25,,,2.19,3850104274008,HRANA
LOSOS HLAD DIMLJ 200g LASCHINGER,90670530,LASCHINGER,0.20 kg,ko,12.87,64.35,,,12.87,4010871053353,HRANA
ČOKOL LINDT EXC DARK ORANGE 100g,04211364,LINDT,0.10 kg,ko,5.29,52.9,,,4.29,3046920028370,HRANA
PIZZA MOZZARELLA 350g MINUTE,90593050,MINUTE,0.35 kg,ko,,5.12,1.79,1.79,2.29,3850334132697,HRANA
KAVA DG ESP INT 16/1 3PACK 336g,90363422,DOLCE GUSTO,0.34 kg,ko,12.99,38.66,,,12.99,7613287336798,HRANA
TIJESTO BAVETTE 13 500g BARILLA,04410353,BARILLA,0.50 kg,ko,2.09,4.18,,,2.09,8076800195132,HRANA
CROISSANT 7DAYS MIDI SPUMANTE 60 g,90754776,CHIPITA,0.06 kg,ko,0.86,14.33,,,0.86,7622201391737,HRANA
FEFERONI K PLUS BLAGI 280g,01564019,K PLUS,0.28 kg,ko,2.49,8.89,,,2.49,3850334411808,HRANA
LIGNJA PATAGONICA CIJELA 500g LEDO,02190294,LEDO,0.50 kg,ko,7.99,15.98,,,7.99,3850116713250,HRANA
SENDVIČ KOBASICA NAR 100g MA PIK,90370528,PIK VRBOVEC,0.10 kg,ko,1.79,17.9,,,1.79,3850139181227,HRANA
DESERT MARS 70g KINGSIZE,90297804,MARS,0.07 kg,ko,1.49,21.29,,,1.49,5900951311215,HRANA
ULJE MASLINOVO ED BEZ GRANICA 0.5L KONFIN,90498729,KONFIN,0.50 l,ko,15.99,31.98,,,15.99,3859893661013,HRANA
SIR MINI BABYBEL 60g,90706904,BABYBEL,0.06 kg,ko,1.75,29.17,,,1.75,3073781179712,HRANA
VANILIN KIFILICE 400g VOPEX,90342157,PEKARNA JURE,0.40 kg,ko,2.89,7.23,,,2.89,3830056440348,HRANA
BOROVNICE GARDEN GOOD 400g,90704066,GARDEN GOOD,0.40 kg,ko,,8.73,3.49,3.99,1.99,8605002359921,HRANA
SIR NAM ABC TUNA 100g BELJE,90243881,ABC,0.10 kg,ko,1.35,13.5,,,1.15,3856015324221,HRANA
KAVA JUBIL VAC 2X250g FRANCK,04070332,JUBILARNA,0.50 kg,ko,10.19,20.38,,,10.19,3858881080072,HRANA
SLAD LEDO M6 PLAZMA MIXBOX 678ml ,90598911,LEDO,0.68 l,ko,7.99,11.78,,,7.99,3850116059204,HRANA
MLIJ NAM DUKATELA S POVR 150g DUKAT,02398911,DUKATELA,0.15 kg,ko,1.79,11.93,,,1.69,3850354015017,HRANA
JOGURT LIMUN KOLAČ MED 150g DUKATOS,90167648,DUKATOS,0.15 kg,ko,0.99,6.6,,,0.99,3850354010944,HRANA
INSTANT KAVA CLASSIC 100g,90784773,SLOVA,0.10 kg,ko,3.79,37.9,,,3.79,3850334111135,HRANA
INSTANT JACOBS CRONAT GOLD 150g,90051674,JACOBS,0.15 kg,ko,10.49,69.93,,,8.99,8711000578094,HRANA
BOŽIĆNA PURICA CCA 4 kg,90745674,AIA,1.00 kg,kg,5.49,5.49,,,4.99,,HRANA
ULJE MASLINOVO EXTRA DJ 0.5L MONIN,03210062,MONINI,0.50 l,ko,7.99,15.98,,,7.99,80053828,HRANA
KREMA VANIL ZA TORTU 45g DR OETKER,04180009,DR OETKER,0.05 kg,ko,1.59,35.33,,,1.59,5997381375702,HRANA
BUČINE SJEMENKE 150g NATURA,90301923,NATURA,0.15 kg,ko,2.29,15.27,,,2.29,3859892798475,HRANA
SLANUTAK EUROCOMPANY 500g,90312029,EUROCOMPANY,0.50 kg,ko,1.59,3.18,,,1.59,3872084000651,HRANA
MARELICA SUHA 200 g NATURA,90850609,NATURA,0.20 kg,ko,3.89,19.45,,,3.89,3859892798499,HRANA
JUHA BOGATA S CRVENOM KVINOJOM 70g PODRAVKA,90484498,PODRAVKA,0.07 kg,ko,1.49,21.29,,,1.49,3856020247430,HRANA
ZAČIN PERŠIN VR 30g VEGETA MAESTRO,90599305,VEGETA MAESTRO,0.03 kg,ko,2.69,89.67,,,2.69,3856020256265,HRANA
KAŠICA FRUTEK JAB ŠLJ JEČ 190g,90362851,FRUTEK,0.19 kg,ko,,6.79,1.29,1.29,1.75,3838945034258,HRANA
KAVA MLJEV MELANGE 220g JULIUS M,90707395,JULIUS MEINL,0.22 kg,ko,6.29,28.59,,,6.29,9000403975524,HRANA
GULAŠ GOVEĐI 200g PODRAVKA,02160320,PODRAVKA,0.20 kg,ko,3.79,18.95,,,3.49,3850104020018,HRANA
SEZAM BIO ZONE 500 g,90824916,BIO ZONE,0.50 kg,ko,,5.36,2.68,2.99,2.99,3838900841136,HRANA
FLIPS HRUSTY PILETINA 30g,90356903,HRUSTY,0.03 kg,ko,,10.33,0.31,0.39,0.35,3850334001085,HRANA
SIR MEKI BRIE REZ 150g ILE DE FRANCE,90487110,ILE DE FRANCE,0.15 kg,ko,3.79,25.27,,,3.79,3090291119373,HRANA
KIKIRIKI VEDRINI SUHOPRŽ SLANI 400g,90319318,VEDRINI,0.40 kg,ko,2.59,6.48,,,2.59,3859890630876,HRANA
JABUKA 600 g BIO ZONE,90810470,BIO ZONE,0.60 kg,ko,1.89,3.15,,,1.99,3856028689324,HRANA
TJESTENINA OD RIŽE MIEHOEN 250g GTAN,90059084,GO-TAN,0.25 kg,ko,3.69,14.76,,,3.58,8710605092011,HRANA
KEKS OREO GOLDEN 154g,90402293,OREO,0.15 kg,ko,2.19,14.22,,,2.19,7622210584519,HRANA
PANIRANI PILEĆI CORDON BLEU 240g,90438161,CEKIN,0.24 kg,ko,3.45,14.37,,,3.45,3850159141317,HRANA
ŽU ŽU 1 kg MINUTE,90810841,MINUTE,1.00 kg,ko,3.09,3.09,,,2.99,3850334429902,HRANA
FLIPS CHIO CHEESE TUBES 70g,90600044,CHIO,0.07 kg,ko,1.59,22.71,,,1.59,5996253000711,HRANA
SIR CHEDDAR VINTAGE WH 200 g SPEC MOM,90829766,SPECIAL MOMENTS,0.20 kg,ko,3.79,18.95,,,3.79,3850334429452,HRANA
UMAK HOT&SWEET CHILI 362g MAGGI,90769802,MAGGI,0.36 kg,ko,3.99,11.02,,,3.99,8445291218710,HRANA
SLAD BARATTOLINO VANIL PISTAC 800ml,90637845,SAMMONTANA,0.80 l,ko,5.99,7.49,,,5.99,8005840096581,HRANA
ČAJ LEMON&GINGER  AHMAD 20X2g,90157451,AHMAD,0.04 kg,ko,3.05,76.25,,,3.05,054881000208,HRANA
JUHA KREM GLJIVE S MASL ULJEM 63g,90091493,PODRAVKA,0.06 kg,ko,1.49,23.65,,,1.49,3850104271540,HRANA
PAHULJICE ZOB SITNE 500g BOOM BOX,90720162,BOOM BOX,0.50 kg,ko,2.29,4.58,,,2.29,3856027800201,HRANA
KEFIR OD KOZJEG MLIJEKA 500g CAPRA,90514318,CAPRA DOMESTICA,0.50 kg,ko,2.85,5.7,,,2.85,3859893605253,HRANA
SIR TVRDI OVČJI PAŠKI 45% PAŠKA SIRA,02051400,PAŠKA SIRANA,1.00 kg,kg,57.99,57.99,,,49.99,3859889426152,HRANA
JOGURT VOĆ JOGOBELLA MUSLI 200g ZOTT,90364553,JOGOBELLA,0.20 kg,ko,0.86,4.3,,,0.86,5906040063553,HRANA
PROTEIN MIX VEDRINI 150g,90377897,VEDRINI,0.15 kg,ko,2.59,17.25,,,2.29,3858889332296,HRANA
DESERT MON CHERI T5X15X6 52.5g,04224026,FERRERO,0.05 kg,ko,1.99,37.9,,,1.79,40084084,HRANA
ČAJ ZELENI 20X2g NATURAVITA,90212971,NATURAVITA,0.04 kg,ko,,35.75,1.43,1.79,1.79,3858884090580,HRANA
NJOKI RAJČ&MOZZAREL 500g PATAGNOC,90733474,PATAGNOCCO,0.50 kg,ko,2.79,5.58,,,2.79,8015057004774,HRANA
KAVA PERFETTO IRISH CREAM DG 10/1 140g,90386038,BARCAFFE,0.14 kg,ko,4.49,32.07,,,3.98,3838471038102,HRANA
KAVA MUST CAPPUCCINO DG 16/1 160g,90288222,MUST,0.16 kg,ko,5.69,35.56,,,5.29,8056370761357,HRANA
CDO SLADOLED TRIPLE CHOCO 825ml,90785148,ALGIDA CD OR,0.46 l,ko,7.99,17.5,,,7.99,8711327618060,HRANA
NAPOLITANKE CREME 187g JAFFA,90335033,JAFFA,0.19 kg,ko,1.69,9.04,,,1.69,8600114005841,HRANA
KAVA MINAS BEZ KOFEI MLJEV 250g ANAM,04070138,ANAMARIA,0.25 kg,ko,7.99,31.96,,,5.99,3858881770249,HRANA
ŠARENO PISMO 76g DR OETKER,04180926,DR OETKER,0.08 kg,ko,3.89,51.18,,,3.89,5907707051296,HRANA
JUHA KOKOŠJA S REZANC 37g ALEVA,90402766,ALEVA,0.04 kg,ko,0.55,14.86,,,0.55,8600947036777,HRANA
TJESTENINA U VREĆICI PATKA 119g MAGGI,90814895,MAGGI,0.12 kg,ko,3.19,26.81,,,3.19,8585002442710,HRANA
GRAŠAK 130g BONDUELLE,01551378,BONDUELLE,0.13 kg,ko,1.49,11.46,,,1.49,3083680538404,HRANA
NAMAZ PROTEIN WHITE CHOCOLATE 200g,90340915,POLLEO,0.20 kg,ko,5.99,29.95,,,5.99,3858892290071,HRANA
ČAJ ZELENI AO 36g PODRAVKA,90268525,PODRAVKA,0.04 kg,ko,1.99,55.28,,,1.99,3850104249006,HRANA
MASLINE ZELENE S PAP 350g/190g PODR,90187761,PODRAVKA,0.19 kg,ko,3.69,19.42,,,3.69,3850104279317,HRANA
ČIPS CRUNCHIPS CRVENI ČILI 130g,90705467,LORENZ,0.13 kg,ko,2.25,17.31,,,2.25,4018077005626,HRANA
DESERT POCKET COFFEE T18X6 225g,90417817,FERRERO,0.23 kg,ko,5.59,24.84,,,4.99,80051732,HRANA
SIR TVRDI DIMLJENI LIVANJSKI 180g,90750902,MLJEKARA LIV,0.18 kg,ko,6.29,34.94,,,6.29,3870348001055,HRANA
TUBA FRUTEK JAB/ŠLJIV/KRUŠ 100g,90563187,FRUTEK,0.10 kg,ko,1.39,13.9,,,1.39,3838945439619,HRANA
ULJE MASLIN CRNI TARTUF 100ML,90039053,ZIGANTE,0.10 l,ko,9.99,99.9,,,9.99,3859892291891,HRANA
VAFL VANILIJA BŠ 60g GULLON,90652791,GULLON,0.06 kg,ko,0.89,14.83,,,0.89,8410376058819,HRANA
ČAJ PLANINSKI KUT 20/1 35 g FRANCK,90851194,FRANCK,0.04 kg,ko,2.49,71.14,,,2.49,3850291055527,HRANA
MAGNEZIJ + VIT E DIR 20/1 30G MULTIVITA,90399791,MULTIVITA,0.03 kg,ko,4.89,163,,,4.89,3858881248502,HRANA
BOMB SKITTLLES CRAZY SOUR VREĆ 152 g,90770874,WRIGLEY,0.15 kg,ko,2.55,16.78,,,2.55,4009900513791,HRANA
VINO GRAŠEVINA 0.75L VRH KUTJEVO,03022894,KUTJEVO,0.75 l,ko,11.29,15.05,,,11.29,3850156001003,PIĆE
VINO CHARDONNAY TOUCH 3L BIB,90770054,TOUCH,3.00 l,ko,9.39,3.13,,,9.39,3859893289187,PIĆE
CIDER SOMERSBY MAL LIM 0.33 L NB,90884975,SOMERSBY,0.33 l,ko,1.65,5,,,1.65,3858887585632,PIĆE
LIKER DIOKLECIJAN 1L,90295667,DALMACIJAVINO,1.00 l,ko,13.05,13.05,,,13.05,3858892460689,PIĆE
PJENUŠAC DJ. ROBBY BUBBLE MALINA 0.75L,90669468,ROBBY BUBBLE,0.75 l,ko,3.65,4.87,,,3.65,8595004610420,PIĆE
PIVO 5TH ELEMENT LELA 0.5L NB,90298342,5TH ELEMENT,0.50 l,ko,2.15,4.3,,,2.15,3859892222949,PIĆE
GIN CASTLE 0.7L ,90675742,CASTLE,0.70 l,ko,5.75,8.21,,,5.75,3850164243525,PIĆE
VINO ROSE 0.75L KV KUTJEVO,90394551,KUTJEVO,0.75 l,ko,7.65,10.2,,,7.65,3850156001072,PIĆE
MIN VODA JAMNICA 0.5L GAZ PET,03180001,JAMNICA,0.50 l,ko,0.85,1.7,,,0.85,3859888152113,PIĆE
PIVO LAŠKO ZLATOROG 4PACK 0.5L LIM,90514621,LAŠKO,2.00 l,ko,,2.73,5.45,5.45,5.29,3830001712667,PIĆE
NAPITAK HELL CLASSIC 0.25l,90291597,HELL,0.25 l,ko,1.09,4.36,,,1.09,5999884034469,PIĆE
NEKTAR VINDI BRESKVA KAŠ 1L,03142185,VINDI,1.00 l,ko,1.95,1.95,,,1.75,3850108079524,PIĆE
PIĆE GAZ TH. HENRY GINGER ALE 0.2l,90478172,THOMAS HENRY,0.20 l,ko,2.19,10.95,,,2.19,4251760800072,PIĆE
GAZ PIĆE COCKTA BLONDIE 1.5L,90600103,COCKTA,1.50 l,ko,1.85,1.23,,,1.55,3838471047326,PIĆE
SOK FRUTEK BRESKVA 125ML,03140465,FRUTEK,0.13 l,ko,,6.32,0.79,0.79,0.99,3838945502740,PIĆE
VODKA ST.NICOLAUS 0.7L,90730935,ST NICOLAUS,0.75 l,ko,8.99,11.99,,,8.99,8586000131880,PIĆE
COCKTAIL SEX ON THE BEACH 0.33l nb,90291844,A LE COQ,0.33 l,ko,1.65,5,,,1.55,4740098002857,PIĆE
SIRUP MARASKA MALINA 1L,90587831,MARASKA,1.00 l,ko,2.99,2.99,,,2.99,3850158105068,PIĆE
NEKTAR GUSTI TO 2 L,90890074,TO,2.00 l,ko,2.59,1.3,,,2.59,3858890973396,PIĆE
NAPITAK PRO SPORT NARANČA 0.75L JAMN,03160565,PRO SPORT,0.75 l,ko,1.59,2.12,,,1.59,3858884603957,PIĆE
NAPITAK PRO SPORT SUPER FRUITS 0.75L,90219680,PRO SPORT,0.75 l,ko,1.59,2.12,,,1.59,3858890871944,PIĆE
VINO ROSE TERRA VINEA 0.75L,90528195,TERRA VINEA,0.75 l,ko,,5.85,4.39,6.49,4.99,3850334519641,PIĆE
LIKER PELINKOVAC 0.7 L BADEL,90032338,BADEL 1862,0.70 l,ko,12.55,17.93,,,10.99,3850112110756,PIĆE
NEGAZ PIĆE CAPPY PULPY NAR 1L,90068284,CAPPY PULPY,1.00 l,ko,2.55,2.55,,,2.55,5449000333421,PIĆE
SOK OD MENTE 250ml,90404040,AGROPOSTA,0.25 l,ko,1.85,7.4,,,1.85,3859892734510,PIĆE
NEG PIĆE MULTI ACE VINDI 0.25L,03142009,VINDI,0.25 l,ko,0.65,2.6,,,0.65,3850108071306,PIĆE
LEDENI ČAJ BRESKVA 0.2L VINDI,03160690,VINDI,0.20 l,ko,0.57,2.85,,,0.57,3850108077339,PIĆE
VINO PLAVAC MALI 0.75L VRH MADIRAZZA,03020930,MADIRAZZA,0.75 l,ko,11.49,15.32,,,11.49,3859889833424,PIĆE
VINO POŠIP 0.75L KV,90703392,BLATO 1902,0.75 l,ko,9.89,13.19,,,9.89,3859888154377,PIĆE
NAPITAK RED BULL SEA BLUE 0.25 L,90886991,RED BULL,0.25 l,ko,1.69,6.76,,,1.19,90456886,PIĆE
VINO CASTELLO FESTIGIA 0.75L VINA LAGUNA,90311414,LAGUNA,0.75 l,ko,13.99,18.65,,,13.99,3858881191990,PIĆE
RUM CAPTAIN MORGAN SP GOLD 0.7L 35%,03080042,CAPTAIN MORG,0.70 l,ko,19.89,28.41,,,19.89,5000299223017,PIĆE
VODKA VIGOR ORIGINAL 1L,90365094,VIGOR,1.00 l,ko,12.05,12.05,,,12.05,3850112142993,PIĆE
VISKI BALLANTINES FINEST 1L,03080111,BALLANTINES,1.00 l,ko,21.39,21.39,,,20.55,5010106111956,PIĆE
VILJAMOVKA 0.75L HARMUND,90404151,HARMUND,0.75 l,ko,20.99,27.99,,,20.99,3859893459092,PIĆE
PIVO KARLOV CRNO 0.5L POV AMB,03130040,KARLOVAČKO,0.50 l,ko,1.19,2.38,,,1.19,3850103001520,PIĆE
LIKER OD VIŠNJE 0.7L ZVEČEVO,90085662,ZVEČEVO,0.70 l,ko,9.99,14.27,,,9.99,3858894171569,PIĆE
VINO ROSSO TOSCANA IGT 0.75L,90402352,ROSETTI,0.75 l,ko,7.45,9.93,,,7.45,8027603005326,PIĆE
NAPITAK HIDRA ISO 0.5L,90325312,HIDRA,0.50 l,ko,1.29,2.58,,,1.25,3850131005118,PIĆE
VINO CAB SAUVIG TOUCH 3L BIB,90770048,TOUCH,3.00 l,ko,9.39,3.13,,,9.39,3859893289170,PIĆE
VISKI FIREAN 0.70L 43%,90361216,BURLINGTON,0.70 l,ko,15.59,22.27,,,15.59,5021692118021,PIĆE
NEGAZ PIĆE CAPPY PULPY BRES 0.33L,90084474,CAPPY PULPY,0.33 l,ko,1.19,3.57,,,1.19,54027602,PIĆE
PIVO FAKIN IPA 0.5L NB,90704197,MEDVEDGRAD,0.50 l,ko,2.79,5.58,,,2.79,3859893357152,PIĆE
VODKA ATLAS 0.7 L,90675752,ATLAS,0.70 l,ko,5.65,8.07,,,5.65,3850164243501,PIĆE
SOK MACE ŠIPAK JABUKA 250ml,90642789,MACE,0.25 l,ko,1.89,7.56,,,1.89,8032523373066,PIĆE
PIVO ERDINGER 0.5L SVIJ NB,03040026,ERDINGER,0.50 l,ko,2.15,4.3,,,2.15,4002103248408,PIĆE
PIVO LAŠKO ZLATOROG 0.5L PB,03040301,LAŠKO,0.50 l,ko,1.19,2.38,,,1.19,3830001711011,PIĆE
GAZ PIĆE COCA COLA ZERO ZERO 1L,90600365,COCA COLA,1.00 l,ko,1.59,1.59,,,1.49,5449000195906,PIĆE
NEKTAR VINDI JABUKA 2L,03140893,VINDI,2.00 l,ko,2.49,1.25,,,2.49,3850108078749,PIĆE
NEG PIĆE TOCO NARANČA MRKVA 0.5L,90617842,TOCO,0.50 l,ko,1.05,2.1,,,1.05,3858890878820,PIĆE
SMOOTHIE BETT'R ANANAS MENTA 250 ml,90775698,BETT R,0.25 l,ko,3.09,12.36,,,3.09,3800233782387,PIĆE
VINO PELJEŠAC 0.75L KV PZ I VIN DING,03023749,PZ I VIN DINGAČ,0.75 l,ko,6.29,8.39,,,6.29,3859888108035,PIĆE
RAKIJA TRAVARICA VINOPLOD 0.7L,90514322,VINOPLOD,0.70 l,ko,11.05,15.79,,,11.05,3858892460429,PIĆE
PIVO KOZEL DARK 4 X 0.5L LIM,90363234,ASAHI,2.00 l,ko,5.65,2.83,,,5.65,8594404005331,PIĆE
SOK 100% NARANČA CAPPY 0.33L,03141291,CAPPY,0.33 l,ko,1.65,5,,,1.65,90492341,PIĆE
VISKI EMBASSY CLUB 0.7L,90089536,EMBASSY CLUB,0.70 l,ko,11.49,16.41,,,11.49,5010509007023,PIĆE
GIN SAX PINK   0.7L,90365067,SAX,0.70 l,ko,12.55,17.93,,,12.55,3850112142917,PIĆE
VINO CABERNET SAUVIGNON SELEC. 0.75L,90649247,VIZBA VALANDOVO,0.75 l,ko,5.35,7.13,,,5.35,5310122001683,PIĆE
PIĆE GAZ SCHWEPPES PINK GRAPEFR 0.5L,90484756,SCHWEPPES,0.50 l,ko,1.39,2.78,,,1.39,5449000089496,PIĆE
NEGAZIRANO PIĆE MULTI B+C+E 2 L,90181029,VINDI,2.00 l,ko,2.49,1.25,,,2.49,3850108072792,PIĆE
VINO GRAŠEVINA KV 0.75L VINA BELJE,90311370,BELJE,0.75 l,ko,7.05,9.4,,,7.05,3850257019020,PIĆE
SOK JABUKA MUT 3L BIB ZEL JURA,90219043,ZELENI JURA,3.00 l,ko,6.59,2.2,,,5,3859892961046,PIĆE
VINO ROSE KV 0.75L VINA LAGUNA,90311384,LAGUNA,0.75 l,ko,6.25,8.33,,,5.35,3858881190221,PIĆE
SOK OD ARONIJE 100%0.75l  BOKUN,90403908,BOKUN,0.75 l,ko,7.49,9.99,,,7.09,3859891224326,PIĆE
PIVO 5TH ELEMENT IPA 0.5L NB,90298340,5TH ELEMENT,0.50 l,ko,2.55,5.1,,,2.55,3859892222956,PIĆE
GIN GORDONS PINK 0.7L,90320401,GORDON'S,0.70 l,ko,21.99,31.41,,,21.99,5000289929417,PIĆE
PIVO OŽUJSKO LIMUN 0.5L BOCA POV AMB,03131126,OŽUJSKO,0.50 l,ko,1.25,2.5,,,1.25,3850131002094,PIĆE
VINO MALVAZIJA FESTIGIA 0.75L,90311391,LAGUNA,0.75 l,ko,14.05,18.73,,,14.05,3858881191914,PIĆE
COCKT RTD MALIBU STR DAIQUIRI 0.25L,90765273,MALIBU,0.25 l,ko,3.05,12.2,,,2.85,7312040340118,PIĆE
NAPITAK HIDRA UP 0.5l,90484570,HIDRA,0.50 l,ko,1.29,2.58,,,1.25,3850131005651,PIĆE
PIĆE GAZ COCA COLA ZERO 12PACK 0.15L,90407076,COCA COLA,1.80 l,ko,6.85,3.81,,,6.85,5449000138156,PIĆE
PJENUŠAC DJ. ROBBY BUBBLE JAGODA 0.75L,90669473,ROBBY BUBBLE,0.75 l,ko,3.65,4.87,,,3.65,8595004610123,PIĆE
NAPITAK MONSTER ULTRA BLUE 0.5L,90468053,MONSTER,0.50 l,ko,1.95,3.9,,,1.95,5060639129973,PIĆE
TEQUILA SIERRA SILVER 0.7L,90648899,SIERRA UNIDA,0.70 l,ko,19.99,28.56,,,19.99,4062400174305,PIĆE
VODA VITAMIN WELL RELOAD 0.5L,90325163,VITAMIN WELL,0.50 l,ko,2.09,4.18,,,2.05,7350042716074,PIĆE
WHISKEY GLENLIVET FOUNDERS RESERVE 0.7L,03085113,GLENLIVET,0.70 l,ko,41.99,59.99,,,41.99,5000299609347,PIĆE
ROOM 0.5L MARASKA,03070004,MARASKA,0.50 l,ko,6.55,13.1,,,6.55,3850158201531,PIĆE
RAKIJA ŠLJIVOVICA 0.5L DALMACIJAVINO,90599452,DALMACIJAVINO,0.50 l,ko,8.05,16.1,,,8.05,3858892460610,PIĆE
VODA ROMERQUELLE LIM TRAVA 0.5L,90290958,ROMERQUELLE,0.50 l,ko,1.15,2.3,,,1.15,9031100003807,PIĆE
VINO KUPINOVO KUPIFE 0.75L,90361276,KUPIFE,0.75 l,ko,8.65,11.53,,,8.65,3859891224029,PIĆE
VINO ŽLAHTINA TOLJANIĆ 0.75L,03020063,PZ GOSPOJA,0.75 l,ko,10.99,14.65,,,8,3859889276016,PIĆE
VODA CEDEVITA VIT LIMUN ANANAS 0.5L ,90705608,CEDEVITA,0.50 l,ko,1.19,2.38,,,1.15,3850322016183,PIĆE
VINO FRANKOVKA ROSE 0.75L KV,90058570,ILOČKI PODRUMI,0.75 l,ko,7.55,10.07,,,7.55,3859892149239,PIĆE
VINO GRAŠEVINA 3L BIB VINA BELJE,90311351,BELJE,3.00 l,ko,14.99,5,,,14.99,3850257019457,PIĆE
BADEL PRIMA BRAND BLACK 0.7L,90498388,BADEL 1862,0.70 l,ko,15.05,21.5,,,15.05,3850112141460,PIĆE
MIN VODA MIVELA BLAGO GAZ 1 L PET,90886978,MIVELA,1.00 l,ko,1.69,1.69,,,1.69,8600599002908,PIĆE
VINO DINGAČ MATUŠKO 0.75L,03020235,MATUŠKO,0.75 l,ko,21.05,28.07,,,21.05,3859889396127,PIĆE
SOK NUTRINO JAB I BRES 200ml,90494044,NUTRINO,0.20 l,ko,0.95,4.75,,,0.95,8606019652050,PIĆE
VINO PLAVAC MALI MILATIĆ 1l,90405552,OPG IVO MILATIĆ,1.00 l,ko,6.05,6.05,,,6.05,3857500048219,PIĆE
NEG PIĆE ALOE VERA LOTTE NATURALE 0.24L,90705876,LOTTE,0.24 l,ko,1.05,4.38,,,1.05,8801056231774,PIĆE
NEG PIĆE TOCO JABUKA RABARBARA 0.5 L,90784813,TOCO,0.50 l,ko,1.05,2.1,,,1.05,3856028501039,PIĆE
NAPITAK HELL ENERGY 0.5l,90391958,HELL,0.50 l,ko,1.69,3.38,,,1.69,5999884034209,PIĆE
LIKER LIMONCE 0.5L 25%,03080551,LIMONCE,0.50 l,ko,10.05,20.1,,,10.05,8000440112815,PIĆE
VISKI JAMESON 1.0L,90362492,JAMESON,1.00 l,ko,31.79,31.79,,,31.79,5011007003227,PIĆE
GIN TANQUERAY 0.7L,03071137,TANQUERAY,0.70 l,ko,29.69,42.41,,,28.05,5000281015248,PIĆE
VODA FUNKC JANA VIT ANTIOX 1.5L,90428073,JANA,1.50 l,ko,1.79,1.19,,,1.59,3858890875607,PIĆE
NEKTAR JABUKA TO 1 L,90889993,TO,1.00 l,ko,1.59,1.59,,,1.59,3858890975482,PIĆE
PIVO TOMISLAV 0.5L POV AMB ZG PIV,03130375,TOMISLAV,0.50 l,ko,1.29,2.58,,,1.29,38501715,PIĆE
VINO SLATKI REFOŠK KOPER 0.75L,90759786,VINA KOPER,0.75 l,ko,10.29,13.72,,,10.29,3830000705592,PIĆE
VINO POŠIP MILATIĆ 0.75L,90528133,OPG IVO MILATIĆ,0.75 l,ko,6.45,8.6,,,6.45,3857500048240,PIĆE
MIN VODA JAMNICA 1L PET,90289879,JAMNICA,1.00 l,ko,0.93,0.93,,,0.93,3858890873054,PIĆE
GAZ PIĆE COCA COLA 2L,03167351,COCA COLA,2.00 l,ko,,1.1,2.19,2.39,2.29,5449000000286,PIĆE
NEG PIĆE TOCO MULTIVITAMIN 0.5L,90600231,TOCO,0.50 l,ko,1.05,2.1,,,1.05,3858890878646,PIĆE
PIVO HEINEKEN 0.4L POV BOCA,90062189,HEINEKEN,0.40 l,ko,1.29,3.23,,,1.25,5998818171249,PIĆE
GAZ PIĆE COCA COLA ZERO LIMUN 1L,90319362,COCA COLA,1.00 l,ko,1.59,1.59,,,1.49,5449000247988,PIĆE
RAKIJA ST ŠLJIVOV 1L 40% BADEL 1862,03060733,BADEL 1862,1.00 l,ko,16.05,16.05,,,16.05,3850112121097,PIĆE
NEG PIĆE MULTI ACE VINDI 1L,03160261,VINDI,1.00 l,ko,1.49,1.49,,,1.35,3850108071290,PIĆE
PRAŠK. NAPITAK TOCO LOCO LIMUN 550 g,90784760,TOCO LOCO,0.55 kg,ko,4.99,9.07,,,4.99,3856028500704,PIĆE
VINO ORAHOVICA RIZLING RAJNSKI KV 0.75L,90380613,PP ORAHOVICA,0.75 l,ko,6.29,8.39,,,5.55,3859888114074,PIĆE
LAK SYOSS MAX HOLD 300ML,06541072,SYOSS,0.30 l,ko,6.19,20.63,,,4.65,9000100589918,KOZMETIKA
BRIJAČ VENUS3 SENS 3KOM,90362399,VENUS,3.00 ko,ko,4.79,1.6,,,4.79,7702018487028,KOZMETIKA
SAPUN TEK INT GENERA 300ML,06513841,GENERA,0.30 l,ko,2.49,8.29,,,2.39,8003693400678,KOZMETIKA
ŠAMPON H&S CLASSIC CLEAN 625 ml,90771221,HEAD&SHOULDE,0.63 l,ko,12.49,19.98,,,12.49,8700216304948,KOZMETIKA
ROLL ON NIVEA BLACK&WHITE 50ml,06551138,NIVEA,0.05 l,ko,5.59,111.8,,,5.59,42240709,KOZMETIKA
GEL TUŠ L'ANGELICA PURE DETOX 500 ml,90774663,L ANGELICA,0.50 l,ko,3.25,6.5,,,3.25,8017331096703,KOZMETIKA
BOJA PALETTE ICC 7-77 INTEZ BAKAR,90699254,PALETTE ICC,1.00 ko,ko,5.49,5.49,,,3.49,9000101706321,KOZMETIKA
GEL TUŠ ZIAJA KAKAO MASL 500ML,06522926,ZIAJA,0.50 l,ko,3.19,6.38,,,3.19,5901887008316,KOZMETIKA
ZP SENSOD MULTICARE 75ML,06513844,SENSODYNE,0.08 l,ko,5.95,79.33,,,5.55,5054563187253,KOZMETIKA
GEL TUŠ L'ANG JAB I CIMET 500ML,90674886,L ANGELICA,0.50 l,ko,1.99,3.98,,,1.99,8017331085202,KOZMETIKA
LOSION NIV SUN PROT&BRON F20 200ml,06596982,NIVEA,0.20 l,ko,15.49,77.45,,,15.49,9005800386348,KOZMETIKA
KREMA NIVEA VIS Q10 50ml NOĆ 2899,06590153,NIVEA,0.05 l,ko,,235.8,11.79,18.19,18.19,9005800227269,KOZMETIKA
DEO SPRAY NIVEA M FRESH KICK 150ml,90483730,NIVEA,0.15 l,ko,5.29,35.27,,,5.29,9005800342634,KOZMETIKA
ZP COLGATE LPP WHITENING 75ml,90699246,COLGATE,0.08 l,ko,2.25,30,,,2.09,6920354836091,KOZMETIKA
STICK AXE KEN BL VAN 50 ml,90889920,AXE,0.25 l,ko,5.49,21.96,,,5.49,59004660,KOZMETIKA
ULJE OLIVAL RICINUSOVO 60ml,90311194,OLIVAL,0.06 l,ko,4.49,74.83,,,3.99,3859893186202,KOZMETIKA
BOJA OLIA 1.0 NIGHT BLACK,90850100,GARNIER OLIA,1.00 ko,ko,7.59,7.59,,,7.59,3600542601795,KOZMETIKA
KUPKA LUMPI SENSITIVE 500ML,90256040,LUMPI,0.50 l,ko,2.15,4.3,,,2.15,3838900823989,KOZMETIKA
SAPUN TEK GENERA ANTIBAK 1L,08151629,GENERA,1.00 l,ko,2.95,2.95,,,2.79,8003693401002,KOZMETIKA
BOJA COL SENSAT 4.60,90032860,GARNIER COL SENSATION,1.00 ko,ko,5.29,5.29,,,5.29,3600541136014,KOZMETIKA
ŠAMPON FRUCTIS COCONUT WATER 250ml,90361823,GARNIER FRUCTIS,0.25 l,ko,3.49,13.96,,,3.49,3600541970410,KOZMETIKA
GEL ZA BRIJANJE SENS CARE 200ml,90362388,VENUS,0.20 l,ko,,22.45,4.49,5.29,4.19,7702018012466,KOZMETIKA
BOJA COLOR NAT 3 CAH FO 5609,06542043,GARNIER COL NATURALS,1.00 ko,ko,,3.49,3.49,4.99,4.99,3600540335609,KOZMETIKA
LAK NIVEA 250ML JAKO UČ 8018,06540146,NIVEA,0.25 l,ko,6.19,24.76,,,6.19,9005800223384,KOZMETIKA
MLIJEKO TIJ NIVEA Q10 400ML,90031349,NIVEA,0.40 ko,ko,12.39,30.98,,,12.39,9005800388441,KOZMETIKA
ŠAMPON SYOSS FULL H 440ml,90424976,SYOSS,0.44 l,ko,,10.2,4.49,6.49,4.49,9000101276992,KOZMETIKA
LOSION OLIVAL PISKAV RUŽM 150ml,90730462,OLIVAL,0.15 l,ko,7.49,49.93,,,6.99,3858892694367,KOZMETIKA
TRAKE ČUP DEP LICA 16KOM 5074,06594894,ČUPKO,16.00 ko,ko,3.55,0.22,,,3.29,3859888495074,KOZMETIKA
SAPUN TEK K PLUS OLEA ROS/JOG 500ml,06514016,OLEA,0.50 l,ko,,1.98,0.99,1.45,1.45,3850334567390,KOZMETIKA
DEO MELEM 150 ml+DEO MARULA 150 ml,90800372,MELEM,1.00 ko,ko,3.99,3.99,,,3.99,3856007912160,KOZMETIKA
MLIJEKO AMB SOLAIRE BRO SPF30 150 ml,90887187,GARNIER AMBRE SOLAIR,0.15 l,ko,15.99,106.6,,,15.99,3600542602082,KOZMETIKA
BOJA OLIA 7.0 DARK BLOND,90850061,GARNIER OLIA,1.00 ko,ko,7.59,7.59,,,7.59,3600542601924,KOZMETIKA
STICK AXE KEN BL LAV 50 ml,90889922,AXE,0.25 l,ko,5.49,21.96,,,5.49,59002161,KOZMETIKA
GEL ZA TUŠIRANJE NIVEA MEN SPORT 500ML,90280243,NIVEA,0.50 l,ko,6.69,13.38,,,6.69,4005808782734,KOZMETIKA
KREMA RUKE MELEM 1 MIN 50 ml,90850556,MELEM,0.05 l,ko,3.29,65.8,,,3.29,3856007912450,KOZMETIKA
LAK ZA KOSU INTESA STRONG HOLD 500ML,06546765,INTESA,0.50 l,ko,4.45,8.9,,,4.29,8003510002207,KOZMETIKA
DEO AXE KEN VAN 150 ml,90885190,AXE,0.15 l,ko,5.49,36.6,,,5.49,8720181418402,KOZMETIKA
ROLL ON NIVEA FRESH ROSE 50ml,90478483,NIVEA,0.05 l,ko,5.59,111.8,,,4.19,42419303,KOZMETIKA
BRIJAČ JEDNOK BLUE3 3KOM LIGA PRVAKA,90402235,GILLETTE,3.00 ko,ko,5.69,1.9,,,5.69,7702018531813,KOZMETIKA
BRIJAČ JEDN WILK M EXT 3 SENS 3/1,90598381,WILKINSON,3.00 ko,ko,,0.66,1.99,1.99,3.09,4027800105502,KOZMETIKA
LOSION RALON 85ML POS B 2252,06560094,RALON,0.09 l,ko,3.89,45.76,,,3.69,3856007900976,KOZMETIKA
BOJA EXCELL 4 UNIV BROWN,90598215,LOREAL EXCELLANCE,1.00 ko,ko,9.99,9.99,,,9.99,3600523998166,KOZMETIKA
GEL TUŠ DOVE CLEAN COMFORT 250ml,06562113,DOVE,0.25 l,ko,2.99,11.96,,,2.99,8720181313417,KOZMETIKA
VEET LIST ZA EPIL.NOGU PURE 20 TRAKA,90478828,VEET,1.00 ko,ko,8.35,8.35,,,7.69,5997321774527,KOZMETIKA
ZP PDX GUM+SENS&BREATH WHITE 75ml,90598349,PARODONTAX,0.08 l,ko,7.45,99.33,,,6.99,5054563120496,KOZMETIKA
ZP PLID EXTSMILE WH 75ml,90423056,PLIDENTA,0.08 l,ko,2.35,31.33,,,2.15,3856007908033,KOZMETIKA
ČETKICA AQUA INTERDENTAL MED 2/1,90055222,AQUAFRESH,1.00 ko,ko,,2.98,2.98,4.09,2.98,5054563247810,KOZMETIKA
GEL TUŠ PALM BLACK ORCHID 250ml,06521571,PALMOLIVE,0.25 l,ko,2.99,11.96,,,2.99,8714789732947,KOZMETIKA
BOJA COL SENSAT S9 SILV,90258728,GARNIER COL SENSATION,1.00 ko,ko,5.29,5.29,,,5.29,3600541914070,KOZMETIKA
DEO AXE M EPIC FRESH XXL 250ml,90598287,AXE,0.25 l,ko,6.99,27.96,,,6.49,8720181192166,KOZMETIKA
KREMA TAFT ALOE 100 ml,90885544,TAFT,0.10 l,ko,,47.9,4.79,4.79,5.99,9000101744286,KOZMETIKA
ŠAMPON SCHAUMA 7 TRAVA 400ml DUO,90713848,SCHAUMA,0.80 l,ko,5.49,6.86,,,5.49,3838824432977,KOZMETIKA
BRIJAČ VENUS SIMPLY 3 OŠTRICE 4 kom,90324299,VENUS,4.00 ko,ko,5.69,1.42,,,5.69,8700216143608,KOZMETIKA
ŠAMPON PANTENE INFINITE LONG 400ml,90729773,PANTENE,0.40 l,ko,5.99,14.98,,,5.99,8700216058155,KOZMETIKA
ČETKICA SENS EXP SOFT TRIO 2+1,90600474,SENSODYNE,1.00 ko,ko,11.39,11.39,,,10.59,5054563030993,KOZMETIKA
GEL TUŠ DOVE W SILKY VELVET 250 ml,90775013,DOVE,0.25 l,ko,2.99,11.96,,,2.99,8720181468513,KOZMETIKA
BOJA EXCELL 6.1 DARK BLONDE,90423404,LOREAL EXCELLANCE,1.00 ko,ko,8.99,8.99,,,8.99,3600523765195,KOZMETIKA
REGENER ELSEVE BOND REPAIR 150 ml,90805021,LOREAL ELSEVE,1.00 ko,ko,8.49,8.49,,,8.49,3600524074906,KOZMETIKA
DEO SPREJ NIVEA BLA&WHI CLEAR 150ml,06551142,NIVEA,0.15 l,ko,5.39,35.93,,,3.99,4005808729746,KOZMETIKA
ŠAMPON ELSEVE GLYCOLIC GLOSS 200 ml,90805025,LOREAL ELSEVE,0.20 l,ko,8.49,42.45,,,8.49,3600524127886,KOZMETIKA
ZP PDX ULTRA CLEAN DUO 2X75ml,90453636,PARODONTAX,0.15 l,ko,5.49,36.6,,,5.49,5054563158789,KOZMETIKA
BOJA SYOSS OLEO 4-23 VINSKO CRV,90065459,SYOSS OLEO,1.00 ko,ko,7.99,7.99,,,7.99,9000100840835,KOZMETIKA
ZP COLGATE MAX WHITE EXPERT 75 ml,90885387,COLGATE,0.08 l,ko,5.99,79.87,,,5.99,8718951720527,KOZMETIKA
LOS TIJ MIXA CICA REPAIR 400ML,90669014,MIXA,0.40 l,ko,7.49,18.73,,,7.49,3600550978681,KOZMETIKA
LOSION AMBR SOL PREP 200 ml,90887211,GARNIER AMBRE SOLAIR,0.20 l,ko,11.99,59.95,,,11.99,3600540659279,KOZMETIKA
GEL TUŠ J&J ADULT BADEM SHEA 400 ml,90765123,J&J,0.40 l,ko,4.29,10.73,,,4.09,3574661543888,KOZMETIKA
ZP AQUA FRESH&MINT 75ML,06530600,AQUAFRESH,0.08 l,ko,2.35,31.33,,,2.19,5054563198457,KOZMETIKA
SERUM OLIVAL SILIKONSKI ZA KOSU 30ML,06524189,OLIVAL,0.03 l,ko,6.89,229.67,,,6.89,3859888345256,KOZMETIKA
TRETMAN SYOSS INTENSE PLEX 100 ml,90775212,SYOSS,0.10 l,ko,,63.9,6.39,8.99,8.99,9000101731705,KOZMETIKA
DEO AXE JUNGLE FRESH 150 ml,90774679,AXE,0.15 l,ko,4.99,33.28,,,4.55,8720181436734,KOZMETIKA
GEL TUŠ K PLUS OLEA SPA MIN 300ml,90089204,OLEA,0.30 l,ko,1.19,3.97,,,1.19,3850334103420,KOZMETIKA
SAPUN TEK DAISY MED/KOK 500ml,90071149,DAISY,0.50 l,ko,0.89,1.78,,,0.89,3850334355041,KOZMETIKA
BOJA COLOR NAT 4.3 CH DO 5760,06542055,GARNIER COL NATURALS,1.00 ko,ko,,3.99,3.99,4.99,4.99,3600540335760,KOZMETIKA
GEL TUŠ ULJE NIVEA DIAMOND 250ml,06592653,NIVEA,0.25 l,ko,2.99,11.96,,,2.99,9005800222868,KOZMETIKA
GEL TUŠ J&J ADULT BADEM JASM 400 ml,90765110,J&J,0.40 l,ko,4.29,10.73,,,4.09,3574661384627,KOZMETIKA
GEL TUŠ LACTOVIT UREA 300ml,90425049,LACTOVIT,0.30 l,ko,2.79,9.3,,,2.65,8595059740295,KOZMETIKA
ZP PLID EXT WHI 75ml,90423041,PLIDENTA,0.08 l,ko,2.25,30,,,2.25,3856007908026,KOZMETIKA
KREMA NIVEA SOFT 100ML 0590,06590201,NIVEA,0.10 l,ko,,43.9,4.39,6.29,6.29,4005808760435,KOZMETIKA
GEL TUŠ NIVEA CREME CARE 750ml,90478504,NIVEA,0.75 l,ko,8.29,11.05,,,8.29,9005800223063,KOZMETIKA
ŠAMPON ASEBON PROT SUHE PRHUTI 200ml,06521396,ASEBON,0.20 l,ko,6.09,30.45,,,5.49,3856007903335,KOZMETIKA
KONAC ZUBNI 0B MENTA 50m 5029,06614074,ORAL B,50.00 m,ko,3.99,0.08,,,3.99,5010622005029,KOZMETIKA
KREMA EVEL BIO HYALUR 4D 50+ 50ML,90155264,EVELINE,0.05 l,ko,7.15,143,,,7.15,5907609336163,KOZMETIKA
BOJA COLOR NAT NUDE 7.132,90214922,GARNIER COL NATURALS,1.00 ko,ko,,3.49,3.49,4.99,4.99,3600541915763,KOZMETIKA
PDX PASTA ZA ZUBE COMP PROTE WHITENING 75ml,90311884,PARODONTAX,0.08 l,ko,7.45,99.33,,,6.99,5054563948366,KOZMETIKA
GEL ZA TUŠ DOVE M CL COMF 400ML,90281931,DOVE,0.40 l,ko,5.99,14.98,,,5.99,8720181313448,KOZMETIKA
ŠAMPON PALM APPLE M FRUIT 350ml,90077183,PALMOLIVE,0.35 l,ko,3.89,11.11,,,3.89,8714789880488,KOZMETIKA
SET ORAL B EL ČET SPIDERM+PUT ETUI,90729755,ORAL B,1.00 ko,ko,30,30,,,30,8006540773567,KOZMETIKA
DEO OLD SPICE WHITEWATER 250ml,90598669,OLD SPICE,0.25 l,ko,7.49,29.96,,,7.49,8700216875677,KOZMETIKA
REGENER NIVEA DIAMOND GLOSS 200ml,06521672,NIVEA,0.20 l,ko,4.59,22.95,,,4.59,42246213,KOZMETIKA
SAPUN LUMPI BOROVNICA 500ML,90674656,LUMPI,0.50 l,ko,1.89,3.78,,,1.89,3838900823965,KOZMETIKA
ŠAMPON FRUCT HAIR F BAN 350ml,90410167,GARNIER FRUCTIS,0.35 l,ko,5.49,15.69,,,5.49,3600542290012,KOZMETIKA
SER. ZA KOSU PANT KER.REP.OIL 100ML,90108239,PANTENE,0.10 l,ko,7.29,72.9,,,7.29,8006540124758,KOZMETIKA
VOSAK SYOSS MAX HOLD 150ml,90598495,SYOSS,0.15 l,ko,6.49,43.27,,,6.49,9000101681543,KOZMETIKA
KREMA MELEM 50ML,06599832,MELEM,0.05 l,ko,7.65,153,,,7.65,3856007903724,KOZMETIKA
DEO BIOBAZA GREEN TEA SENS 50ml,90299494,BIOBAZA,0.05 l,ko,3.99,79.8,,,3.79,3856020901783,KOZMETIKA
GEL TUŠ NIVEA BC CASM MOM 250ml,06521371,NIVEA,0.25 l,ko,2.99,11.96,,,2.99,9005800222950,KOZMETIKA
GEL TUŠ NIVEA BC LEM&OIL 250ml,06521370,NIVEA,0.25 l,ko,2.99,11.96,,,2.99,9005800222967,KOZMETIKA
TRETMAN GLISS NIGHT AQUA REV 100 ml,90775214,GLISS,0.10 l,ko,6,60,,,6,9000101702224,KOZMETIKA
ZP COLG WHITENI 75ml  3245,06530177,COLGATE,0.08 l,ko,,30,2.25,3.19,2.99,8718951312173,KOZMETIKA
BOJA SYOSS OLEO 3-10 TAM SMEĐA,90065441,SYOSS OLEO,1.00 ko,ko,7.99,7.99,,,7.99,9000100840743,KOZMETIKA
KREMA LICE AFRODITA KAMIL HRANJ 50ml,90729649,AFRODITA,0.05 l,ko,12.99,259.8,,,11.99,3830001297690,KOZMETIKA
ŠAMPON J&J BABY 300ml,90361013,J&J,0.30 l,ko,,15.97,4.79,6.39,5.89,3574669907538,KOZMETIKA
BOJA SYOSS 13/5 PLAT POSVJ,90155201,SYOSS,1.00 ko,ko,6.99,6.99,,,5.59,9000100929882,KOZMETIKA
ROLL ON NIVEA Ž PEARL&BEAUT 50ml,06552501,NIVEA,0.05 l,ko,5.59,111.8,,,5.59,42242147,KOZMETIKA
ROLL ON NIVEA AQUA COL M 50ml,06550011,NIVEA,0.05 l,ko,5.59,111.8,,,5.59,42241980,KOZMETIKA
GEL TUŠ DOVE W HYDRATE 250 ml,90775038,DOVE,0.25 l,ko,2.99,11.96,,,2.99,8720181466489,KOZMETIKA
ARF KUHINJA PROF. PF 600 ml,90633191,ARF,0.60 l,ko,,4.38,2.63,3.29,2.59,3850105181312,SREDSTVA ZA ČIŠĆENJE
PERMETAL 650ml,08031093,PERMETAL,0.65 l,ko,3.59,5.52,,,2.99,3850111753596,SREDSTVA ZA ČIŠĆENJE
DET ARIEL MOUNTAIN SPRING 30TAB,90886250,ARIEL,30.00 ko,ko,17.99,0.6,,,17.99,8700216765480,SREDSTVA ZA ČIŠĆENJE
DET DAX GEL ACTIVE 2L=27PRANJA,90407500,DAX,2.00 l,ko,,1.65,3.29,3.85,3.85,3850334132567,SREDSTVA ZA ČIŠĆENJE
TAB FINISH QUANTUM REG 100TAB,90487416,FINISH ADW,100.00 ko,ko,35.99,0.36,,,31.59,5999109581501,SREDSTVA ZA ČIŠĆENJE
DET PERSIL GEL LAVENDER 2.70L=60PR,90744934,PERSIL,2.70 l,ko,14,5.19,,,23.99,9000101598148,SREDSTVA ZA ČIŠĆENJE
DET VESH WHITE GEL 3L= 60PRANJA,90714266,VESH,3.00 l,ko,,3.33,9.99,17.89,17.89,3870128033948,SREDSTVA ZA ČIŠĆENJE
DOMESTOS PINK 750ML     0714,08034500,DOMESTOS,0.75 l,ko,,3.05,2.29,3.29,2.99,5996358010714,SREDSTVA ZA ČIŠĆENJE
DET ČARLI ORIGINAL 450ml,90468628,ČARLI,0.45 l,ko,1.39,3.09,,,1.29,3850111304309,SREDSTVA ZA ČIŠĆENJE
DET PERSIL GEL SENSITIVE 1.8L=40PR,90744901,PERSIL,1.80 l,ko,16.99,9.44,,,9.99,9000101566697,SREDSTVA ZA ČIŠĆENJE
SRED SANYTOL ČIŠĆ POD I OST POVR 1L,90672998,SANYTOL,1.00 l,ko,,2.89,2.89,3.65,3.45,3045206312202,SREDSTVA ZA ČIŠĆENJE
DET VESH COLOR 42/1,90784978,VESH,42.02 ko,ko,,0.24,9.99,17.89,17.89,3870128037359,SREDSTVA ZA ČIŠĆENJE
DET OSJ VIOLETA BLACK 1.8L,90706012,VIOLETA,1.80 l,ko,6.89,3.83,,,6.89,3870128035393,SREDSTVA ZA ČIŠĆENJE
OM ORNEL VIOLET 800ml,90667871,ORNEL,0.80 l,ko,2.95,3.69,,,2.95,3850105182012,SREDSTVA ZA ČIŠĆENJE
DET WEISSER RIE GEL BALI 2.25L 50pr,90698976,WEISSER RIESE,2.25 l,ko,16.99,7.55,,,16.99,9000101563603,SREDSTVA ZA ČIŠĆENJE
DET ARIEL M SPRING 2.4L=48PR,90705929,ARIEL,2.48 l,ko,10,4.04,,,10,8006540874745,SREDSTVA ZA ČIŠĆENJE
DET PERWOLL COLOR 2X3l,90771232,PERWOLL,6.00 l,ko,17.99,3,,,19.99,9000101818222,SREDSTVA ZA ČIŠĆENJE
SWIFFER DUST NASTAVCI ZA PRAŠINU 5/1,90569069,SWIFFER,5.00 ko,ko,5.69,1.14,,,5.69,8006540307991,SREDSTVA ZA ČIŠĆENJE
OM SILAN FRESH SKY 2X1.672 L,90879925,SILAN,3.34 l,ko,5.99,1.79,,,5.99,9000101597240,SREDSTVA ZA ČIŠĆENJE
SRED SUPER JON IQ REFILL UNIVERZ 3T,90899909,SUPER JON,1.00 ko,ko,,2.39,2.39,3.45,3.45,3850111505805,SREDSTVA ZA ČIŠĆENJE
WC NET ODSTR KAMEN 750  1123,08035323,WC NET,0.75 l,ko,3.45,4.6,,,3.45,8004050021123,SREDSTVA ZA ČIŠĆENJE
OM SILAN FRESH SKY 2.86L,90713165,SILAN,2.86 l,ko,8.99,3.14,,,8.99,9000101581256,SREDSTVA ZA ČIŠĆENJE
SOMAT RINSER LEMON 750 ml,90785182,SOMAT,0.75 l,ko,5.99,7.99,,,2.99,9000101003789,SREDSTVA ZA ČIŠĆENJE
DET OSJ VIOLETA COLOR 2X2.7 L,90890410,VIOLETA,5.40 l,ko,7.99,1.48,,,7.99,3870128040434,SREDSTVA ZA ČIŠĆENJE
TAB FINISH ALL IN ONE ECO 45TAB,90785225,FINISH ADW,45.01 ko,ko,15,0.33,,,21.99,5999109582942,SREDSTVA ZA ČIŠĆENJE
SOMAT 750ml ISPIRANJE/SJAJ,08010411,SOMAT,0.75 l,ko,5.99,7.99,,,2.99,9000100344098,SREDSTVA ZA ČIŠĆENJE
DET LIKVI ULTRA ORIGINAL 900ml,90369962,LIKVI,0.90 l,ko,,2.21,1.99,2.52,2.52,3850105170385,SREDSTVA ZA ČIŠĆENJE
SANITAR FRESH 650ml,08031151,SANITAR,0.65 l,ko,2.89,4.45,,,2.49,3850111503405,SREDSTVA ZA ČIŠĆENJE
MARAMICE ZA UPIJANJE BOJE DR BECK 42 KOM,90344846,BECKMANN,42.00 ko,ko,5.89,0.14,,,5.89,4008455497815,SREDSTVA ZA ČIŠĆENJE
DET ČARLI CLASSIC 900ml,90468635,ČARLI,0.90 l,ko,2.69,2.99,,,2.55,3850111304132,SREDSTVA ZA ČIŠĆENJE
SOMAT EXCELLENCE 5IN1 54TAB,90765294,SOMAT,54.03 ko,ko,28.99,0.54,,,14.49,9000101807936,SREDSTVA ZA ČIŠĆENJE
SAKUPLJAČ VLAGE BISON REF NEUTR 450g,08030789,BISON,0.45 kg,ko,4.99,11.09,,,4.99,8710439278964,SREDSTVA ZA ČIŠĆENJE
DUCK WC GEL MANGO VERSE 750 ml,90899837,DUCK,0.75 l,ko,2.99,3.99,,,2.99,5000204366457,SREDSTVA ZA ČIŠĆENJE
DET ARIEL M SPRING 1.1kg=20PR,90705848,ARIEL,1.10 kg,ko,7,6.36,,,7,8006540940334,SREDSTVA ZA ČIŠĆENJE
DOMESTOS TB ORIGINAL 750 ml,90895382,DOMESTOS,0.75 l,ko,,3.05,2.29,3.29,2.99,8720181621475,SREDSTVA ZA ČIŠĆENJE
DOMESTOS HIG MARAMICE 60/1 LEMON,90212243,DOMESTOS,59.99 ko,ko,5.04,0.08,,,5.04,8720181349836,SREDSTVA ZA ČIŠĆENJE
DET JAR ALL IN ONE LEMON 46 TAB,90662899,JAR ADW,46.02 ko,ko,21.59,0.47,,,21.59,8006540749982,SREDSTVA ZA ČIŠĆENJE
DET OSJ VIOLETA COLOR 2.7L,90346417,VIOLETA,2.70 l,ko,9.29,3.44,,,9.29,3870128017085,SREDSTVA ZA ČIŠĆENJE
DET NILA MY HAPPY COLORS 900ml,90404622,NILA,0.90 l,ko,,3.1,2.79,4.29,4.29,3850105169518,SREDSTVA ZA ČIŠĆENJE
OSVJ SHAKE ORMAR GARDENIA 3/1,90890129,SHAKE,1.00 ko,ko,,1.99,1.99,2.99,1.89,3859890779377,SREDSTVA ZA ČIŠĆENJE
PERLICE LENOR GOLDEN ORCHID 195 g,90886322,LENOR,0.20 kg,ko,,20.46,3.99,7.39,7.39,8700216708517,SREDSTVA ZA ČIŠĆENJE
DET ARIEL FRESH AIR 36 TAB,90826034,ARIEL,36.00 ko,ko,15,0.42,,,15,8700216357074,SREDSTVA ZA ČIŠĆENJE
SANITAR ORIGINAL LAVANDA 750ML,08031173,SANITAR,0.75 l,ko,,2.12,1.59,2.59,2.39,3850111501517,SREDSTVA ZA ČIŠĆENJE
ODSTR KAMENCA KUĆ AP DR BECK 250ml,90146217,BECKMANN,0.25 l,ko,3.49,13.96,,,3.49,4008455046310,SREDSTVA ZA ČIŠĆENJE
SHOUT ODSTRANJIVAČ MRLJA 500 ml,90800612,BIO SHOUT,0.50 l,ko,3.99,7.98,,,3.99,5000204350845,SREDSTVA ZA ČIŠĆENJE
SRED ZA DRV POVRŠ AJAX 1L,08030237,AJAX,1.00 l,ko,,1.89,1.89,3.69,3.69,8714789866444,SREDSTVA ZA ČIŠĆENJE
DET TEK SENS FROSCH BABY 1500ML,90147773,FROSCH,1.50 l,ko,7.59,5.06,,,7.59,4009175968616,SREDSTVA ZA ČIŠĆENJE
SANYTOL VIŠEN ČIŠ I DEZ POD LIM 1L,90706155,SANYTOL,1.00 l,ko,,2.89,2.89,3.65,3.45,3045206312226,SREDSTVA ZA ČIŠĆENJE
PEL PAMPERS AB MAXIPACK S7 44/1,90406912,PAMPERS,44.01 ko,ko,13.2,0.3,,,13.2,8001090949295,TOALETNE POTREPŠTINE
DN UL LIBRESSE EXTRA LONG 28/1,06506244,LIBRESSE,28.00 ko,ko,1.95,0.07,,,1.95,7310791255255,TOALETNE POTREPŠTINE
TP ZEWA DELUXE PURE WHITE 3SL 16/1,90771321,ZEWA,16.00 ko,ko,5.99,0.37,,,5.99,7322540313321,TOALETNE POTREPŠTINE
TP PERFEX SOFT 3SL SOFT 16/1,90914902,PERFEX,16.00 ko,ko,2.49,0.16,,,2.49,8606034950124,TOALETNE POTREPŠTINE
PREVITAL MM PERAD 4X85 g,90979881,PREVITAL,0.34 kg,ko,2.49,7.32,,,2.49,5999566110092,PROIZVODI ZA KUĆANSTVO
PEDIGREE MP ADULT 4X100 g+1 GRATIS,90991314,PEDIGREE,0.40 kg,ko,2.29,5.73,,,2.29,3856027803110,PROIZVODI ZA KUĆANSTVO
PREVITAL MM LOSOS 415 g,90979870,PREVITAL,0.42 kg,ko,1.25,3.01,,,1.25,5999566111785,PROIZVODI ZA KUĆANSTVO
PREVITAL MM GOVEDINA JETRA 415 g,90979872,PREVITAL,0.42 kg,ko,1.25,3.01,,,1.25,5999566111815,PROIZVODI ZA KUĆANSTVO
PREVITAL MM GOVEDINA LOSOS 4X85 g,90979879,PREVITAL,0.34 kg,ko,2.49,7.32,,,2.49,5999546175974,PROIZVODI ZA KUĆANSTVO
ALUFIX PAPIR ZA PEČENJE 20 KOM 38X42,90992104,ALUFIX,20.00 ko,ko,2.99,0.15,,,2.99,4823071655810,PROIZVODI ZA KUĆANSTVO
STALAK ATLANTIC PP,90991706,PEDIGREE,1.00 ko,ko,642.27,642.27,,,642.27,3856027804001,PROIZVODI ZA KUĆANSTVO
STALAK PALOMA BOŽIĆ 2025,90965313,PALOMA,1.00 ko,ko,700.74,700.74,,,700.74,3838952033749,PROIZVODI ZA KUĆANSTVO
VR SMEĆE BOJA MIR RUČ FINO 35L 20/1,90945050,FINO,20.00 ko,ko,,0.1,1.91,2.39,2.39,5201314198055,PROIZVODI ZA KUĆANSTVO
VREĆA SMEĆE LDPE 300L 5/1 OPTILINE,90950232,OPTIPLAST,5.00 ko,ko,4.69,0.94,,,4.69,3858891880778,PROIZVODI ZA KUĆANSTVO
VREĆA SMEĆE MIRIS RUČKA 10L 50/1,90945054,FINO,50.00 ko,ko,,0.02,1.19,1.49,1.49,5201314198017,PROIZVODI ZA KUĆANSTVO
BUDDY MP MIX 4X100 g,90975557,BUDDY,0.40 kg,ko,,3.98,1.59,1.59,1.59,3850334432636,PROIZVODI ZA KUĆANSTVO
PEDIGREE MULT BISCROK 500 g+DEN 77 g,90930085,PEDIGREE,1.00 ko,ko,3.99,3.99,,,3.99,3856027802410,PROIZVODI ZA KUĆANSTVO
VREĆA SMEĆE BOJA MIRIS FINO 60L 15/1,90935149,FINO,15.00 ko,ko,,0.16,2.39,2.99,2.99,5201314198086,PROIZVODI ZA KUĆANSTVO
SPUŽVA ABRAZ TIP TOP VILEDA 3/1,90949907,VILEDA,3.00 ko,ko,,0.56,1.67,2.39,2.39,4003790023996,PROIZVODI ZA KUĆANSTVO
KRPA VILEDA MICROFIBRE COL 8/1,90949933,VILEDA,8.00 kg,ko,,1.16,9.28,13.25,13.25,4023103185975,PROIZVODI ZA KUĆANSTVO
VREĆICA JUMBO TALENTI 3,90939685,K PLUS,1.00 ko,ko,0.2,0.2,,,0.2,3850334446756,PROIZVODI ZA KUĆANSTVO
TERMOS ŠALICA 0.9 L STICH SKETCH   ,90955356,PENGO,1.00 ko,ko,19.99,19.99,,,19.99,8003512921957,PROIZVODI ZA KUĆANSTVO
THE PINK STUFF PASTA 850 g+SPUŽVICA,90976007,THE PINK STUFF,0.85 kg,ko,6.99,8.22,,,6.99,5060033823903,PROIZVODI ZA KUĆANSTVO
SPREJ SANYTOL DEZINF OBUĆE 150 ml,90955593,SANYTOL,0.15 kg,ko,4.49,29.93,,,4.49,3045200715009,PROIZVODI ZA KUĆANSTVO
RUČ PAP VIOLETA JUMBO SOFT 2SL 1/1,90895167,VIOLETA,1.00 ko,ko,2.65,2.65,,,1.89,3858893661139,PROIZVODI ZA KUĆANSTVO
KRPA MIKROFIBRA 3/1 PICA,90904920,PICA,3.00 ko,ko,1.5,0.5,,,1.99,8051511994632,PROIZVODI ZA KUĆANSTVO
VREĆICA ZIP 1L 24/1 PICA,90904921,PICA,24.00 ko,ko,1.5,0.06,,,1.99,8051511994748,PROIZVODI ZA KUĆANSTVO
VREĆICA ZIP 2.5L 18/1 PICA,90904922,PICA,18.00 ko,ko,1.5,0.08,,,1.99,8051511994755,PROIZVODI ZA KUĆANSTVO
VREĆICA ZIP 4.5L 12/1 PICA,90904923,PICA,12.00 ko,ko,1.5,0.12,,,1.99,8051511998357,PROIZVODI ZA KUĆANSTVO
UPALJAČ ZA KUĆANSTVO TORCH MATTEO,90909649,MATTEO,1.00 ko,ko,3.29,3.29,,,3.29,5999071014236,PROIZVODI ZA KUĆANSTVO
SHEBA MM MIJ IZBOR UMAK NATUR 4X85 g,90920203,SHEBA,0.34 kg,ko,2.49,7.32,,,3.29,4770608263201,PROIZVODI ZA KUĆANSTVO
SHEBA MM IZBOR PERAD NATUR 4X85 g,90920207,SHEBA,0.34 kg,ko,2.49,7.32,,,3.29,4770608263263,PROIZVODI ZA KUĆANSTVO
SALV PALOMA BOŽIĆ ORAŠAR 33X33 20/1,90965306,PALOMA,20.00 ko,ko,2.29,0.11,,,2.29,3838952036580,PROIZVODI ZA KUĆANSTVO
SALV PALOMA BOŽIĆ ROSE 33X33 20/1,90965308,PALOMA,20.00 ko,ko,2.29,0.11,,,2.29,3838952036597,PROIZVODI ZA KUĆANSTVO
SALV PALOMA BOŽIĆ CVIJET 33X33 20/1,90965310,PALOMA,20.00 ko,ko,2.29,0.11,,,2.29,3838952036603,PROIZVODI ZA KUĆANSTVO
BUDDY MP PILETINA 100 g,90975560,BUDDY,0.10 kg,ko,,4.9,0.49,0.49,0.49,3850334432674,PROIZVODI ZA KUĆANSTVO
BUDDY MP GOVEDINA 100 g,90975567,BUDDY,0.10 kg,ko,,4.9,0.49,0.49,0.49,3850334432650,PROIZVODI ZA KUĆANSTVO
VILEDA PRAŠ F&C REF 10/1,90949900,VILEDA,10.00 ko,ko,,1.05,10.49,11.99,12.99,4023103252486,PROIZVODI ZA KUĆANSTVO
VILEDA PRAŠ F&C REF 5/1,90949901,VILEDA,5.00 ko,ko,,1.28,6.39,7.99,7.99,4023103252509,PROIZVODI ZA KUĆANSTVO
KITTY MM MIX 4X100 g,90975574,KITTY,0.40 kg,ko,,3.98,1.59,1.59,1.59,3850334432698,PROIZVODI ZA KUĆANSTVO
KITTY MM MIX 12X100 g,90975580,KITTY,1.20 kg,ko,,3.49,4.19,4.19,4.19,3850334432711,PROIZVODI ZA KUĆANSTVO
PEDIGREE SP JUNIOR PERAD POVRĆ 500 g,90976044,PEDIGREE,0.50 kg,ko,3.29,6.58,,,3.29,5998749146408,PROIZVODI ZA KUĆANSTVO
VREĆA SMEĆE GEA BIORAZ 10 L 15/1,90955551,GEA,15.00 ko,ko,1.99,0.13,,,1.99,3870075011112,PROIZVODI ZA KUĆANSTVO
VILEDA PRAŠ F&C KRATKA RUČ + 2 REF,90949902,VILEDA,1.00 ko,ko,,5.79,5.79,7.49,7.29,4023103257122,PROIZVODI ZA KUĆANSTVO
VILEDA PRAŠ F&C DUGA RUČ + 1 REF,90949903,VILEDA,1.00 ko,ko,,9.59,9.59,11.99,11.99,4023103257146,PROIZVODI ZA KUĆANSTVO
TOMI MP JANJETINA 400 g,90976108,TOMI,0.40 kg,ko,1.69,4.23,,,1.69,4003024001998,PROIZVODI ZA KUĆANSTVO
POSUDA ZA HRANU 1500 ml 3/1 PROFI ,90949963,PROFI LINE,3.00 ko,ko,2.49,0.83,,,2.49,3858889145391,PROIZVODI ZA KUĆANSTVO
POSUDA ZA HRANU 750 ml 6/1 PROFI,90949964,PROFI LINE,6.00 ko,ko,2.49,0.42,,,2.49,3858889145384,PROIZVODI ZA KUĆANSTVO
REZANCI SA ŠPINATOM XXL 600 g ZP,90939705,ZLATO POLJE,0.60 kg,ko,2.39,3.98,,,2.39,3856020282189,HRANA
TIJESTO ZVJEZDICE S JAJIMA 500 g ZP,90955629,ZLATO POLJE,0.50 kg,ko,2.49,4.98,,,2.49,3856020282516,HRANA
BUDDY ŠTAPIĆI JANJETINA 120 g,90975815,BUDDY,0.12 kg,ko,,8.25,0.99,0.99,0.99,3838900845745,HRANA
TIJESTO TAGLIATELLE 250 g KLARA M,90960036,KLARA M,0.25 kg,ko,2.79,11.16,,,2.79,3859888499614,HRANA
TIJESTO MAFALDE 400 g KLARA M,90960044,KLARA M,0.40 kg,ko,3.49,8.73,,,3.49,3859893308192,HRANA
SIR KOZJI ROLI 100 g CAPRA DOMESTICA,90950443,CAPRA DOMESTICA,0.10 kg,ko,2.79,27.9,,,2.79,3859893605635,HRANA
KEKS DIGESTIVE KAKAO 250 g MC VITIES,90965279,MCVITIE'S,0.25 kg,ko,2.99,11.96,,,2.99,5000168010342,HRANA
KEKS DIGESTIVE KAKAO 400 g MC VITIES,90965281,MCVITIE'S,0.40 kg,ko,3.49,8.73,,,3.49,5000168010328,HRANA
VAFL ROLICE LJEŠNJAK 170 g MC VITIES,90965283,MCVITIE'S,0.17 kg,ko,2.99,17.59,,,2.99,8690504081210,HRANA
ZAGORSKI ŠTRUKLJI 540 g SPEC MOMENTS,90965307,SPECIAL MOMENTS,0.54 kg,ko,4.99,9.24,,,4.99,3850334437563,HRANA
PIRE KRUMPIR SMRZ 2.5 kg AVIKO,90929965,AVIKO,2.50 kg,ko,12.48,4.99,,,12.48,8710449003716,HRANA
PANETTONE LIMENA KUTIJA 1000 g,90955572,VECCHIO FORNO,1.00 kg,ko,3,3,,,12.99,8002734000419,HRANA
SIR KOZJI OVČJI 100 g GOAT FARM,90969726,GOAT FARM,0.10 kg,ko,2.59,25.9,,,2.59,5902431275192,HRANA
MJEŠ MEKSIČKI MIX O'PLANT 400 g,90960251,O PLANT,0.40 kg,ko,2.99,7.48,,,2.99,3856020279127,HRANA
KAVA DOLCE GUSTO PALERMO 16/1 112 g,90949790,DOLCE GUSTO,0.11 kg,ko,6.49,57.95,,,6.49,8445290422200,HRANA
PRALINE LINDT LINDOR MILK 337 g,90970315,LINDT,0.34 kg,ko,10,29.67,,,12.99,8003340092621,HRANA
UMAK KAMENICE 200 ml SHAN SHI,90970536,SHAN SHI,0.20 l,ko,3.49,17.45,,,3.49,9120012041813,HRANA
PRALINE MILKA 255 g,90974759,MILKA,0.26 kg,ko,2,7.84,,,10.99,7622202297274,HRANA
PANETTONE RUČNO MOT 1000 g GRAN DUCA,90955580,GRANDUCALE,1.00 kg,ko,3,3,,,11.99,8002734000594,HRANA
MEDALJONI OD KRUMPIRA LEDO 600 g,90955700,LEDO,0.60 kg,ko,4.29,7.15,,,4.29,3850116068589,HRANA
OMEGOL IMUNO 225 g ZVIJEZDA,90969847,MARGO,0.23 kg,ko,1.99,8.84,,,1.99,3856015333001,HRANA
UHT SHAKE ČOKOLADA 0.235 L,90976028,Z BREGOV,0.24 l,ko,1.35,5.74,,,1.35,3850108035438,HRANA
PRŠUT DOBRO NAR 400 g,90934647,DOBRO,0.40 kg,ko,13.49,33.73,,,13.49,3850133816989,HRANA
MEDITERANO DOBRO NAR 200 g,90934651,DOBRO,0.20 kg,ko,5.99,29.95,,,5.99,3850133815456,HRANA
SLAVONICO DOBRO NAR 200 g,90934654,DOBRO,0.20 kg,ko,5.99,29.95,,,5.99,3850133815425,HRANA
MIX JACOBS MILD 3U1 11.1 g,90949812,JACOBS,0.01 kg,ko,0.5,45.05,,,0.5,8711000566961,HRANA
KOKICE SPECIAL M JABUKA PVC 70 g,90955960,SPECIAL MOMENTS,0.07 kg,ko,2,28.57,,,3.99,3850334442420,HRANA
KAŠA RIŽINA VANILIJA 50 g DOBRA,90935113,DOBRA,0.05 kg,ko,0.99,19.8,,,0.99,8595054909048,HRANA
ČOKOLADA KIT KAT HAZELNUT 99 g,90939866,KIT KAT,0.10 kg,ko,,28.18,2.79,2.79,2.79,3800020491461,HRANA
KAVA ESP INTENSE NS 10/1 52 g JACOBS,90955745,JACOBS,0.05 kg,ko,5.99,115.19,,,5.99,8711000371183,HRANA
TIJEST REZANCI JAJ MAXX 600 g KOLEDA,90955712,KOLEDA,0.60 kg,ko,2.59,4.32,,,2.59,3859888433632,HRANA
JUHA PIL S. NOODLES 5X71 g FINI MINI,90970167,FINI MINI,0.36 kg,ko,1.99,5.61,,,1.99,3856020284213,HRANA
ČOKO ZA KUH MILK 33% 150 g DR OETKER,90970272,DR OETKER,0.15 kg,ko,2.99,19.93,,,2.99,8606015718415,HRANA
ČIPS CHIO KETCHUP 130 g,90965034,CHIO,0.13 kg,ko,2.19,16.85,,,2.19,3856021306761,HRANA
UHT SHAKE VANILIJA 0.235 L,90976034,Z BREGOV,0.24 l,ko,1.35,5.74,,,1.35,3850108035445,HRANA
NAPITAK PROT VAN ICECR UHT 0.3 L VIN,90976050,Z BREGOV,0.30 l,ko,1.79,5.97,,,1.79,3850108023978,HRANA
MASLINE ZELENE GARDEN GOOD 700/400 g,90935012,GARDEN GOOD,0.40 kg,ko,,5.63,2.25,2.25,2.65,3850334441102,HRANA
DESERT FINESSE PUSICE U KANTI 450 g,90956111,FINESSE,0.45 kg,ko,2,4.44,,,4.99,3850334071910,HRANA
KAKAO NESQUIK 800 g+KUTIJA NESTLE,90950065,NESQUIK,0.80 kg,ko,8.99,11.24,,,8.99,5941017023260,HRANA
BOMBONIJERA TOFFIFEE HALLOWEEN 375 g,90944755,NIMM2,0.38 kg,ko,8.49,22.64,,,8.49,4014400920703,HRANA
KUKURUZ ŠEĆ BŠ GARDEN G 3X170/140 g,90944930,GARDEN GOOD,0.42 kg,ko,2.69,6.4,,,2.69,3850334432919,HRANA
KAVA LUNGO INTEN NS 10/1 52 g JACOBS,90955756,JACOBS,0.05 kg,ko,5.99,115.19,,,5.99,8711000371244,HRANA
KAVA ILLY MLJEV 126 g,90955760,ILLY,0.13 kg,ko,9.99,79.29,,,9.99,,HRANA
LIGNJA EVA TUBA I KRAK 400 g,90955833,EVA,0.40 kg,ko,8.99,22.48,,,8.99,3856020284008,HRANA
PRALINE LINDT LINDOR ASSORTED 337 g,90970318,LINDT,0.34 kg,ko,10,29.67,,,12.99,8003340092690,HRANA
HOBOTNICA OČIŠĆENA PODLOŽAK WOFCO,90950028,ALFRISA,1.00 kg,kg,13.99,13.99,,,13.99,,HRANA
INSTANT NESCAFE GOLD ST 2X190 g,90950061,NESCAFE,0.38 kg,ko,18.98,49.95,,,17.98,8445290820662,HRANA
NAPITAK PROTEIN NOUGAT UHT 0.3 L VIN,90976064,Z BREGOV,0.30 l,ko,1.79,5.97,,,1.79,3850108023756,HRANA
KRUH LOVAČKI 400 g PEČ,90935179,ŽITOPROIZVOD,0.40 kg,ko,1.25,3.13,,,1.25,,HRANA
BOŽIĆNI MIX VREĆICA 80 g INCO,90959762,INCO,0.08 kg,ko,0.1,1.25,,,1.59,5901812699657,HRANA
JUHA RAJČICA CLASSIC 420 g O'PLANT,90970041,O PLANT,0.42 kg,ko,1.99,4.74,,,1.99,3856020283612,HRANA
PANIRANI KOLUTIĆI EVA 400 g,90955849,EVA,0.40 kg,ko,3.49,8.73,,,3.49,3856020284039,HRANA
DRAGEE SM LJEŠNJAK/BOROVNICA 125 g,90955898,SPECIAL MOMENTS,0.13 kg,ko,3,24,,,6.99,3850334442468,HRANA
DRAGEE SPECIAL MOMENTS NARANČA 125 g,90955902,SPECIAL MOMENTS,0.13 kg,ko,3,24,,,6.99,3850334420282,HRANA
MJEŠ ZAČINA PROVAS 33g MLIN KOTANY,04100803,KOTANYI,0.03 kg,ko,,72.42,2.39,3.99,3.98,9001414041185,HRANA
PAČJA PRSA cca 180-330g HUNENT,90360159,HUNENT,1.00 kg,kg,13.99,13.99,,,13.99,,HRANA
KAŠICA RIBANA 500g MLIN PUKANIĆ,90518483,MLIN PUKANIĆ,0.50 kg,ko,2.05,4.1,,,2.05,3859892888589,HRANA
PIRE VOĆNI KRUŠKA ŠLJIVA 200 g BB,90875505,BOOM BOX,0.20 kg,ko,,8.45,1.69,2.19,1.99,3856027802007,HRANA
ZAČIN GRILL MED TERIYAKI 75g VEGETA,90770268,VEGETA,0.08 kg,ko,1.29,17.2,,,1.29,3856020269913,HRANA
RIŽA CARNAROLI 500g GALLO,90154520,RISO GALLO,0.50 kg,ko,3.49,6.98,,,3.99,8001420001679,HRANA
PALENTA ZL POLJE 250g,90108673,ZLATO POLJE,0.25 kg,ko,,3.12,0.78,0.99,0.78,3838700540116,HRANA
ŠTAPIĆI TRIK SLANI 95 g,90887268,TRIK,0.10 kg,ko,0.69,7.26,,,0.69,8600462041942,HRANA
JOG YOSHAKE LEMON CHEES 300 g DUKAT,90879848,DUKAT,1.00 ko,ko,,1.69,1.69,1.69,1.69,3850354019084,HRANA
ŠTRUDLA FINESSE ČOKO VIŠNJA 145 g,90889647,FINESSE,0.15 kg,ko,,6.83,0.99,1.19,1.19,3850334437099,HRANA
NAPITAK SOJA ACTIVE ZONE 1 l,90895355,ACTIVE ZONE,1.00 l,ko,,0.99,0.99,1.15,1.15,3850334433510,HRANA
KVIKI GRIC NACHO SIR 50 g PODRAVKA,90887386,KVIKI,0.05 kg,ko,0.89,17.8,,,0.89,3856020276577,HRANA
LOSOS DIMLJENI 120g/72 g BANGA,90886019,BANGA,0.07 kg,ko,3.99,55.42,,,3.99,4751017404041,HRANA
SV VRAT SK ODR cca 600 g K PLUS,90890221,K PLUS,1.00 kg,kg,,5.19,5.19,5.79,6.19,3850139286304,HRANA
BOMBONI PEZ LOONEY TUNES 30 g,90887334,PEZ,0.03 kg,ko,0.99,33,,,0.99,5997255705185,HRANA
UMAK LJUTI STRONG 100ml VRABASCO,90485533,VRABASCO,0.10 l,ko,5.49,54.9,,,5.49,3858893750215,HRANA
GRAH BIJELI GARDEN GOOD 420/240 g,90854715,GARDEN GOOD,0.24 kg,ko,0.79,3.29,,,0.79,3838900842911,HRANA
DESERT DOBRA KAŠA 2GO BRUS/BOR 40g,90826119,DOBRA,0.04 kg,ko,0.89,22.25,,,0.89,8595054908843,HRANA
GROŽĐICA SUHA 200 g NATURA,90850582,NATURA,0.20 kg,ko,1.49,7.45,,,1.49,8697435900016,HRANA
PAŠTETA  PAČJA JETR 125 g SPEC MOMENTS,90829887,SPECIAL MOMENTS,0.13 kg,ko,2.79,22.32,,,2.79,3850334431820,HRANA
BOMBON NIMM2 GUMENI JOGURT 100g,90365244,NIMM2,0.10 kg,ko,1.19,11.9,,,1.19,4014400936384,HRANA
TJEST TAGLIATELLE 400 g MARODI,90769987,MARODI,0.40 kg,ko,2.99,7.48,,,2.99,3859893944352,HRANA
TJESTENINA PENNE RIGATE MARODI 400g,90112918,MARODI,0.40 kg,ko,1.89,4.73,,,1.9,3859888666382,HRANA
PAPRIKA MLJEV DIMLJENA 50 g SPICE CHEF,90770515,SPICE CHEF,0.05 kg,ko,0.89,17.8,,,0.89,3850334100993,HRANA
BOM YUMMI GUMMI ŠTAP TWISTS MIX  70g ,90729986,ROSHEN,0.07 kg,ko,0.89,12.71,,,0.89,4823077636271,HRANA
BUČINE KOŠTICE 100g CESAREC,90704289,OPG CESAREC,0.10 kg,ko,2.35,23.5,,,2.35,3859893456602,HRANA
CHUCK EYE STEAK 235 g SKIN,90894957,DILMAR,0.24 kg,ko,6.29,26.77,,,5.99,3859893373831,HRANA
KAŠA PROT CHOCO HAZELNUT PROSERIES 60 g,90789659,PROSERIES,0.06 kg,ko,1.49,24.83,,,1.49,3856026808291,HRANA
BOMBON NIMM2 GUMENI SOFT FIZZY 90g,90405400,NIMM2,0.09 kg,ko,1.19,13.22,,,1.19,4014400919325,HRANA
KAŠICA ORG GERBER MRK/PUR/RAJ 190g,90707538,GERBER,0.19 kg,ko,2.65,13.95,,,2.65,8445291761643,HRANA
JEGER SLJEME 600g PIK VRBOVEC,02036560,SLJEME,0.60 kg,ko,4.29,7.15,,,4.29,3850139331134,HRANA
KRUMPIR BATAT,90731347,,1.00 kg,kg,1.99,1.99,,,2.49,3858885876213,HRANA
VRHNJE ZA ŠLAG 33% MM 0.5kg DUKAT,02330408,BRZO&FINO,0.50 kg,ko,4.29,8.58,,,3.49,3850354001348,HRANA
PANONA SALAMA NAR 100g MA PIK VRBOVE,02024485,PIK VRBOVEC,0.10 kg,ko,2.99,29.9,,,2.19,3850139010855,HRANA
PUREĆI FILE OD PRSA,90670129,ZAKŁAD DROBIARSKI,1.00 kg,kg,9.99,9.99,,,9.99,,HRANA
KAVA MLJ PRŽENA BARCAFFE  400g,90298402,BARCAFFE,0.40 kg,ko,8.99,22.48,,,7.99,3838471032308,HRANA
DEBRECINKA 440g VAC PIK VRBOVEC,02036535,PIK VRBOVEC,0.44 kg,ko,4.39,9.98,,,4.39,3850139330977,HRANA
RIŽA K PLUS PARBOILED 1kg SB,90061276,K PLUS,1.00 kg,ko,,1.59,1.59,1.59,1.99,3850334340160,HRANA
INSTANT NES CREMA SENS ST 190g,90699118,NESCAFE,0.19 kg,ko,12.49,65.74,,,11.29,8445290699787,HRANA
JETRA SA SRCEM PILEĆA 500g SVJ VIND,02435556,CEKIN,0.50 kg,ko,,3.7,1.85,1.85,2.39,3850159110931,HRANA
PATLIĐAN,01400049,,1.00 kg,kg,4.49,4.49,,,1.99,3850334172945,HRANA
SLAD LEDO MACHO VANILIJA 75ML,02350680,MACHO,0.08 l,ko,1.89,25.2,,,1.89,3850116641942,HRANA
LUK ŽUTI  VLAKIĆ 4 KOM,01400238,KORA,0.75 kg,ko,0.99,1.32,,,0.99,3850334386212,HRANA
MANDARINA,01413434,KORA,1.00 kg,kg,1.49,1.49,,,1.89,3850334386229,HRANA
MLIJEKO UHT 2.8% MM 1L TE,90381469,Z BREGOV,1.00 l,ko,,0.94,0.94,0.94,1.02,3850108020908,HRANA
SIR POLUTV GOUDA MAP 150G VINDIJA,90155294,VINDIJA SIREVI,0.15 kg,ko,2.99,19.93,,,2.99,3850108058215,HRANA
VAFL JADRO 430g,04151051,JADRO,0.43 kg,ko,3.19,7.42,,,2.49,3850102522545,HRANA
ULJE MASLINOVO EX DJEV 1L FARCHIONI,90715072,FARCHIONI,1.00 l,ko,10.99,10.99,,,11.99,8007153005434,HRANA
BARANJSKA DOMAĆA KOB 250g MA BELJE,90091287,BELJE,0.25 kg,ko,4.99,19.96,,,4.59,3850257052201,HRANA
NAMAZ NUTELLA 750 g,90750092,NUTELLA,0.75 kg,ko,7.89,10.52,,,7.39,80176800,HRANA
HRENOVKE FRANKFURT 100g,02044198,AIA,0.10 kg,ko,0.55,5.5,,,0.55,8008110003005,HRANA
SIR K PLUS GAUDA 300 g,90148329,K PLUS,0.30 kg,ko,3.29,10.97,,,2.79,3850334406293,HRANA
JUN LOPATICA BK MARTINJAK MHF,90308781,,1.00 kg,kg,13.99,13.99,,,12.99,3859893702419,HRANA
KEKS NUTELLA BISCUITS 304g,90377751,FERRERO,0.30 kg,ko,4.79,15.76,,,4.39,8000500310427,HRANA
JAJA SVJ K PLUS L 10/1 PODNI UZGOJ,90083836,K PLUS,10.00 ko,ko,3.09,0.31,,,2.98,3850334421173,HRANA
PILE GAVELINO POD VINDIJA,02435484,CEKIN,1.00 kg,kg,5.49,5.49,,,5.49,3850159113154,HRANA
TUNJ SALATA MEXICO 160g BOWL RIO MAR,02198508,RIO MARE,0.16 kg,ko,,13.44,2.15,4.69,4.69,8004030026018,HRANA
SV LOPATICA BK MHF,90283092,PIK VRBOVEC,1.00 kg,kg,5.59,5.59,,,5.99,3850139523447,HRANA
ORAHNJAČA 500g MLINAR,90090176,MLINAR,0.50 kg,ko,5.09,10.18,,,4.79,3858881126565,HRANA
SLAD LEDO KING SUPREME 100 ml,90764891,KING,0.10 l,ko,2.79,27.9,,,2.79,3850116064116,HRANA
SV CARSKO MESO NEOB MHF,90284716,PIK VRBOVEC,1.00 kg,kg,,3.89,3.89,3.99,3.99,3850139281378,HRANA
KUPUS KISELI REZANI 500g,01400318,KORA,0.50 kg,ko,,1.58,0.79,0.79,0.99,3850334091697,HRANA
SIR SVJEZI ZAGREBAČKI MAXI 750g,90055252,PRESIDENT,0.75 kg,ko,5.29,7.04,,,5.29,3850355003679,HRANA
PANONA SALAMA MA PIK VRBOVEC,02024471,PIK VRBOVEC,1.00 kg,kg,21.99,21.99,,,21.99,3850139010596,HRANA
SIR MEKI MASCARPONE K PLUS 500G,90287049,K PLUS,0.50 kg,ko,4.25,8.5,,,3.59,3850334599049,HRANA
PILE ROSTER POD SVJ KOKA,02434409,CEKIN,1.00 kg,kg,3.31,3.31,,,3.18,3850159113123,HRANA
DESERT ČOKOLADNA TORTICA 25g KRAŠ,04154813,TORTICA,0.03 kg,ko,0.55,22,,,0.55,3850102320011,HRANA
JABUKA JONAGOLD,01414653,,1.00 kg,kg,1.79,1.79,,,1.49,3850334173812,HRANA
BOMBONJERA MERCI 400g,04251538,MERCI,0.40 kg,ko,13.99,34.98,,,13.99,4014400900217,HRANA
MRVICE KRUŠNE 500g KLARA,04010249,KLARA,0.50 kg,ko,,4.3,2.15,2.15,2.15,3858881322011,HRANA
ŠEĆER KRISTAL 1kg VIROVITICA,04121781,VIRO,1.00 kg,ko,0.99,0.99,,,0.99,3859893641008,HRANA
PUDING ČOKO PERFETTA 80 g DOLCELA,90894878,DOLCELA,0.08 kg,ko,1.09,13.63,,,1.09,3856020277062,HRANA
SIR BOKUN KRAVLJI/OVČJI 300g DALMAT SIREVI,90404170,DALMATINSKI SIREVI,0.30 kg,ko,6.49,21.63,,,6.49,3859893220340,HRANA
ČAJ WINT WONDER ENGLISH TEA KUG RIN 25 g AHMAD,90834647,AHMAD,0.25 kg,ko,2,8,,,0.5,054881027496,HRANA
BOMBON KAVABON 40g,90622875,KAVABON,0.04 kg,ko,0.55,13.75,,,0.55,8605073300372,HRANA
ČOK TAMNA S VIŠNJOM 75g VRSNA,90731073,HRVATSKI VEZ,0.08 kg,ko,5.29,70.53,,,5.29,3858892255810,HRANA
PUDING ČOKOLADA HI PROTEIN 35g DOLCELA ,90571101,DOLCELA,0.04 kg,ko,0.99,28.29,,,0.99,3856020249168,HRANA
VOĆNI KOLAČ 500g CRO GO,04025431,CRO GO,0.50 kg,ko,5.29,10.58,,,5.29,3859888430365,HRANA
ZAČIN ZA KRUMPIR ORGINAL 80g KOTANYI,90599435,KOTANYI,0.08 kg,ko,2.55,31.88,,,2.55,9001414206874,HRANA
KAŠICA HIPP KRUŠKA JABUKA 125g,03140423,HIPP,0.13 kg,ko,1.15,9.2,,,1.15,9062300138686,HRANA
BRAŠNO GLATKO T-550 2kg TENA,90824941,TENA,2.00 kg,ko,1.59,0.8,,,1.59,3858887101481,HRANA
FLIPS CLIPSY HOT DOG 30 g,90887010,PEPSICO,0.03 kg,ko,0.99,33,,,0.99,8606033741808,HRANA
ČOKOLADA GOGA KANDI 90 g,90142851,KANDIT,0.09 kg,ko,1.69,18.78,,,1.69,3858881046740,HRANA
MIX PROTEIN SL ORAŠ PLOD I SJEM 70 g MOGY,90771053,MOGYI,0.07 kg,ko,1.49,21.29,,,1.49,5997347540052,HRANA
ZAMJE KAVIJAR CRNI KAPEL 100g KLAROM,02197069,FRIEDRICHS,0.10 kg,ko,6.29,62.9,,,6.29,5709505830024,HRANA
SLADOLED CDO JAGODA 1000 ml,90886338,UNILEVER,1.00 l,ko,7.39,7.39,,,7.39,5996037050536,HRANA
UMAK OD LJUTIH PAPR SAMBAL 200g YOUW,01491664,YOUWOK.COM,0.20 kg,ko,2,10,,,2.79,8717228380013,HRANA
BOMBON MAMBA TROPICS 4/1 106 g,90706383,MAMBA,0.11 kg,ko,1.59,15,,,1.59,4014400933581,HRANA
BOMBON SPAGHETTI RAINBOW 80g BEBETO,90569935,BEBETO,0.08 kg,ko,0.99,12.38,,,0.93,8690146122814,HRANA
NAPITAK SOJA 1L VIVICOSI,90705129,VIVICOSI,1.00 l,ko,1.69,1.69,,,1.69,8032625480433,HRANA
ČAJ KOLEK WINTER WONDER 60X2 g AHMAD,90830442,AHMAD,0.12 kg,ko,5,41.67,,,0.1,054881027526,HRANA
MUESLI CHIA I PIR 350 g OPLANT,90869774,OPLANT,0.35 kg,ko,3.99,11.4,,,3.99,3856020274238,HRANA
ZAČIN ZA PUNJE PAPRI I SARMU 60g ALEVA,90483908,ALEVA,0.06 kg,ko,1.19,19.83,,,1.19,8600947042136,HRANA
VOĆ PL HIPP BIO BAN/JAB/KEKS 20g,90764859,HIPP,0.02 kg,ko,0.89,44.5,,,0.89,4062300362246,HRANA
SNACK NATURAL 130 g RIBELLA,90730862,RIBELLA,0.12 kg,ko,1.99,16.58,,,1.99,8606011896414,HRANA
KEKS VANILLA CHOC DROPS 50g KOOKIE CAT,90739987,KOOKIE CAT,0.05 kg,ko,1.99,39.8,,,1.99,3800232730518,HRANA
TJEST SIMPLY PASTA MINI SLOVA  500 g,90875098,SIMPLY PASTA,0.50 kg,ko,,1.98,0.99,1.29,1.29,3850334410573,HRANA
KEKS BOOM BOX MINI LJEŠ ČOK 20g,90706580,BOOM BOX,0.02 kg,ko,0.59,29.5,,,0.49,3856027800515,HRANA
TIJESTO REZ S JAJ ŠIROKI 400g KOLEDA,90670120,KOLEDA,0.40 kg,ko,2.25,5.63,,,2.25,3859888433533,HRANA
SLAD KIT KAT KORNET 4x100ml,90703694,KIT KAT,0.40 l,ko,6.99,17.48,,,6.99,7613032407759,HRANA
JUHA SPEC PILE NOODLES 75g INDOMIE,90697948,INDOMIE,0.08 kg,ko,0.65,8.67,,,0.66,089686170047,HRANA
ZAČIN MEKSIČKA JELA VR 30g VEGETA NATUR,90364138,VEGETA NATUR,0.03 kg,ko,1.19,39.67,,,1.19,3856020229290,HRANA
KAŠ LINO  JAB BAN 190G,90184174,LINO,0.19 kg,ko,1.59,8.37,,,1.59,3850104280092,HRANA
KAŠ LINO JABUKA KRUŠKA 190 g,90874846,LINO,0.19 kg,ko,1.59,8.37,,,1.59,3850104280115,HRANA
ŠEĆER SMEĐI DARK MUSCOV 500g BILLING,04120034,BILLINGTON,0.50 kg,ko,3.29,6.58,,,3.29,5010651001313,HRANA
CRISPY POH CLASSIC 70 g KOTANYI,90890044,KOTANYI,0.07 kg,ko,1.89,27,,,1.89,9001414338018,HRANA
MJEŠAVINA ZAČINA DALMATINSKI 12g L,04101471,NADALINA,0.01 kg,ko,1.09,90.83,,,1.09,3858881580213,HRANA
UMAK POKE 252ml KIKKOMAN,90403112,KIKKOMAN,0.25 l,ko,6.49,25.75,,,6.49,8715035450301,HRANA
KAVA CREMA CLASSIC NS 10/1 57 g LAV,90869962,LAVAZZA,0.06 kg,ko,5.79,101.58,,,5.99,8000070053472,HRANA
KRUH SA SJEMENKAMA 410g MLINAR,90339890,MLINAR,0.41 kg,ko,1.85,4.51,,,1.75,3858889890567,HRANA
VAFL FRONDI NOUGAT 250g KRAŠ,90702854,FRONDI,0.25 kg,ko,,7.96,1.99,1.99,2.59,3850102002221,HRANA
WINTERA K PLUS NAR 100g MA,90050061,K PLUS,0.10 kg,ko,1.99,19.9,,,1.99,3850139051322,HRANA
TIROLSKA KOBASICA 350g GAVRILOVIĆ,90382206,GAVRILOVIĆ,0.35 kg,ko,4.35,12.43,,,4.35,3858892721278,HRANA
SV VRAT SK MHF,90283090,PIK VRBOVEC,1.00 kg,kg,5.55,5.55,,,5.95,3850139523379,HRANA
ULJE MASLIN EX DJEV 0.75L OL ISTRIA,90346266,OL ISTRIA,0.75 l,ko,22.59,30.12,,,20.49,3858881192713,HRANA
KIKIRIKI VREĆ 250g FRANCK,90396642,CHIO,0.25 kg,ko,2.69,10.76,,,2.69,3856021302190,HRANA
JOGURT K PLUS ARETOS GRČKI 900g,90366041,K PLUS,0.90 kg,ko,2.89,3.21,,,2.79,3850334117588,HRANA
KAVA GLORIA MLJEVENA VR 500g,90528322,GLORIA,0.50 kg,ko,9.49,18.98,,,9.49,3858881088184,HRANA
SVJEŽA MLADA PATKA,90203451,HUNENT,1.00 kg,kg,3.39,3.39,,,2.99,,HRANA
WINTERA K PLUS 650g MA ZA REZ,02024515,K PLUS,1.00 kg,ko,14.08,14.08,,,14.08,,HRANA
MLIJEKO TRAJNO 2.8% 1L BOCA DUKAT,02230471,DUKAT,1.00 l,ko,1.02,1.02,,,1.02,3850354006053,HRANA
KAJMAK PRESIDENT 250g DUKAT,90083678,PRESIDENT,0.25 kg,ko,4.49,17.96,,,3.99,8606002110895,HRANA
ČOKOLADA ZA KUHANJE 300g KANDIT,90057821,KANDIT,0.30 kg,ko,5.39,17.97,,,5.39,3858881048997,HRANA
ODOJAK PAK PIK,02490390,PIK VRBOVEC,1.00 kg,kg,8.99,8.99,,,8.99,3850139903805,HRANA
TIJESTO SPIRALI 1kg GRANO DORO,90296111,GRANO DORO,1.00 kg,ko,1.69,1.69,,,1.69,3850334348463,HRANA
JOGURT VOĆ MIX 150g DUKAT,90354070,DUKAT,0.15 kg,ko,0.53,3.53,,,0.39,3850354012429,HRANA
PUREĆA CLASSIC NAR 100g PIK,90409803,PIK,0.10 kg,ko,2.49,24.9,,,2.25,3850139520316,HRANA
MLIJEKO TRAJNO 2.8% 6X1L VINDIJA,90405484,Z BREGOV,6.00 l,ko,6.12,1.02,,,6.12,3850108020922,HRANA
TJEST SIMPLY PASTA GRAMIGNONE 500 g,90875097,SIMPLY PASTA,0.50 kg,ko,,1.98,0.99,1.29,1.29,3850334134028,HRANA
KAŠICA HIPP MK JABUKA/BRESKVA/GRIZ 190G,03148047,HIPP,0.19 kg,ko,1.69,8.89,,,1.69,9062300132950,HRANA
KEKS WELLNESS NARANČA ČOKOLADA 155g,90704998,WELLNESS,0.12 kg,ko,2.29,19.91,,,2.29,8600043034493,HRANA
SIR TVRDI LEĆEVAČKI 300g DALMAT SIR,90354876,DALMATINSKI SIREVI,0.30 kg,ko,6.29,20.97,,,6.29,3859893220326,HRANA
JUHA GOVEĐA S TJESTENINOM 37 g ALEVA,90770752,ALEVA,0.04 kg,ko,0.55,14.86,,,0.55,8600947036814,HRANA
PAPRENJAK ROGAČ 100g KEKSOMANIJA,90670185,KEKSOMANIJA,0.10 kg,ko,3.32,33.2,,,3.32,3857500127853,HRANA
BISKVIT ČOK BOMBONČIĆI 2/1 50 g MR BROWNIE,90764712,MR BROWNIE,0.05 kg,ko,1.09,21.8,,,0.99,8411037892469,HRANA
TIJESTO REZANCI PIR ZP 400g,90156735,ZLATO POLJE,0.40 kg,ko,2.69,6.73,,,2.69,3838700016130,HRANA
GRAH SMEĐI GARDEN GOOD 3X210/140 g,90854727,GARDEN GOOD,0.42 kg,ko,1.99,4.74,,,1.99,3838900842867,HRANA
SOMUN MINI 6X50 g TVOJIH 5 MINUTA,90825698,TVOJIH 5 MIN,0.30 kg,ko,1.49,4.96,,,1.49,8606028305855,HRANA
ZAČIN MEXICO FAJITA 40g VR KOTANY,01490840,KOTANYI,0.04 kg,ko,1.69,42.25,,,1.69,9001414011539,HRANA
VAFL CHOCO KARAT 200g KOESTLIN,90705697,KOESTLIN,0.20 kg,ko,2.89,14.45,,,2.89,3856014106026,HRANA
NAMAZ SIR NATUR GOUR 180g DIV GARD,90765196,DIVAN GARDEN,0.18 kg,ko,1.79,9.94,,,1.79,3858894600151,HRANA
CIMET MLJEVENI 45g BOČ KOTANY,04100175,KOTANYI,0.05 kg,ko,2.39,53.11,,,2.39,9001414040553,HRANA
KOMPOT KRUŠKA POL 420/230 g DELMONTE,90885994,DEL MONTE,0.23 kg,ko,2.59,11.26,,,2.59,024000027584,HRANA
SLAD MACHO SENDVIČ 3X129 ml,90885857,MACHO,0.39 l,ko,5.99,15.48,,,5.99,3850116068084,HRANA
ČAJ KADULJA LIST 40 g AGRISTAR,90874724,AGRISTAR,0.04 kg,ko,2.29,57.25,,,2.29,3858886501015,HRANA
ČAJ INDIJSKI 30 g AO,90295636,PODRAVKA,0.03 kg,ko,1.79,59.67,,,1.59,3856020205027,HRANA
SIR SVJEŽI MEKI KOZJI CAPRA DOM,90408972,CAPRA DOMESTICA,1.00 kg,kg,29.2,29.2,,,29.2,,HRANA
OCAT BALZAMSKI STAND 250ML MONARI,90484319,MONARI FEDERZONI,0.25 kg,ko,2.29,9.16,,,2.29,8003185006012,HRANA
SLADOLED CDO MALINA SPRITZ 825 ml,90886357,UNILEVER,0.83 l,ko,7.39,8.96,,,7.39,8711327677494,HRANA
KAŠ LINO VOĆE S INT ŽITAR 190g,90320540,LINO,0.19 kg,ko,1.59,8.37,,,1.59,3856020211042,HRANA
SIRUP ZA KAVU LJEŠNJAK 0.25l MONIN,90804729,MONIN,0.25 l,ko,7.99,31.96,,,7.99,3052910013745,HRANA
ČIPS DORITOS NACHO SIR 160 g,90887002,DORITOS,0.16 kg,ko,2.99,18.69,,,2.75,8606033741334,HRANA
KETCHUP 250 ml DEVELEY,90485575,DEVELEY,0.25 l,ko,2.79,11.16,,,2.79,4006824003544,HRANA
MAHUNA ZELENA FRESCO 400g L LEDO,02361587,FRESCO,0.40 kg,ko,1.79,4.48,,,1.79,3850116876382,HRANA
TUBA FRUTOLINO KRUŠ/JAB/KOMOR 100g,90707664,LINO,0.10 kg,ko,1.39,13.9,,,1.39,3856020261382,HRANA
BOMBONI TVRDI FRUTIC 390g,90298508,PECCINI,0.39 kg,ko,3.09,7.92,,,3.09,4840095019893,HRANA
TORTA SMRZNUTA RED VELVET 600 g,90830085,SLATKO I SLANO,0.60 kg,ko,11.99,20.02,,,11.99,3870218009143,HRANA
ORAH KIFLICE 300 g FANOLA,90889821,FANOLA,0.30 kg,ko,3.69,12.3,,,3.69,3859888257085,HRANA
NAMAZ DIM ŠARAN PIKANT 100 g SPEC MOMEN,90829649,SPECIAL MOMENTS,0.10 kg,ko,2.49,24.9,,,2.49,3850334429490,HRANA
ČOK BIJELA S MALINOM 75g VRSNA,90731077,HRVATSKI VEZ,0.08 kg,ko,5.29,70.53,,,5.29,3858892255797,HRANA
TIJESTO FUSILLI BUC COR 500g BRAGAGN,90706282,BRAGAGNOLO,0.50 kg,ko,1.99,3.98,,,1.99,8004350004567,HRANA
VAFLI 250 g GECCHELE,90889760,GECCHELE,0.25 kg,ko,3.79,15.16,,,3.79,8015854123333,HRANA
KUGLICE KIKIRIKI 100 g FITFIT,90825650,FIT&FIT,0.10 kg,ko,2.99,29.9,,,2.99,8683923381733,HRANA
BOMBON HARIBO STARMIX 200g,90381364,HARIBO,0.20 kg,ko,2.45,12.25,,,2.45,9002975722025,HRANA
PAHULJICE LION NESTLE 400g,90062028,NESTLE ŽITAR,0.40 kg,ko,4.49,11.23,,,4.29,5900020019530,HRANA
BOMBONI MR TWISTER KISELI CRVI 200g,90600626,MR TWISTER,0.20 kg,ko,1.39,6.95,,,1.39,3850334413130,HRANA
ROŠTILJ KOBASICA S TOPLJ SIR 300g RAW-ŠTILJ,90623815,RAW ŠTILJ,0.30 kg,ko,3.39,11.3,,,3.39,3850334017925,HRANA
ROLADA SUNNY VANILIJA 200g,90702789,SUNNY,0.20 kg,ko,1.19,5.95,,,1.19,3850334044044,HRANA
ČAJ TEEKANNE PLANINSKI RAJ 36g,04090348,TEEKANNE,0.04 kg,ko,1.79,49.72,,,1.59,5901086001491,HRANA
ČOKOLADA LUMPI DROB KEKSI  8/1 93 g,90770863,LUMPI,0.09 kg,ko,,10.65,0.99,1.29,1.19,8605028605835,HRANA
PARTY MIX HRUSTY KANTICA MAXX 500 g,90810458,HRUSTY,0.50 kg,ko,2.99,5.98,,,2.99,3850334429940,HRANA
TUNJ SALATA SLANUTAK 160g RIO MARE,90568225,RIO MARE,0.16 kg,ko,,13.44,2.15,4.69,4.69,8004030855038,HRANA
MUESLI CRUNCH NATU CL 350g,04171155,NATUREL,0.35 kg,ko,,7.4,2.59,2.59,3.59,3858887240739,HRANA
CAPP GLORIA IRISH 200g,90362173,GLORIA,0.20 kg,ko,2.79,13.95,,,2.29,3850291049090,HRANA
PAPRIČICE PUNJ SIROM PEPPEDEW 250g,90091135,PEPPADEW,0.25 kg,ko,4.99,19.96,,,4.99,6007788003784,HRANA
TIJESTO TAGLIAT ŠPINAT LC 500g BARIL,04360187,BARILLA,0.50 kg,ko,3.49,6.98,,,3.49,8076809523721,HRANA
KEKS SPORT 300g KRAŠ,04141868,KRAŠ,0.30 kg,ko,1.99,6.63,,,1.99,3850102310111,HRANA
MASLAC SA ZAČINSKIM BILJEM 125g MEGL,02180067,MEGGLE,0.13 kg,ko,3.49,27.92,,,3.49,40349251,HRANA
ŽELATINA BIJELA 30g 3X10g DR OETKER,04180511,DR OETKER,0.03 kg,ko,2.39,79.67,,,2.39,5997381370707,HRANA
BAKE ROLLS NATURAL 80g,04141119,CHIPITA,0.08 kg,ko,0.82,10.25,,,0.82,7622202015007,HRANA
ČOKOLADA DORINA PETIT BEURRE 240 g,90765234,DORINA,0.24 kg,ko,4.99,20.79,,,4.99,3850102010004,HRANA
PUDING VAN 37G PODRAVKA,90155258,DOLCELA,0.04 kg,ko,0.7,18.92,,,0.43,3850104274800,HRANA
PODLOGA ZA TORTU SVIJ SWEET CHEF 400g,90810394,SWEET CHEF,0.40 kg,ko,3.49,8.73,,,3.49,8605028611874,HRANA
GURMANSKA MJEŠAVINA 150 grama,90405027,KORA,0.15 kg,ko,1.49,9.92,,,1.29,3858893250531,HRANA
GORSKI SIR DIMLJENI 340g CASEUS,90404019,OPG CASEUS,0.34 kg,ko,6.49,19.09,,,5.79,3857500021274,HRANA
BOMBONI MIX FIZZ HARIBO 100g,90704305,HARIBO,0.10 kg,ko,1.59,15.9,,,1.59,9002975331579,HRANA
TEMELJAC GOVEĐI 112g PODRAVKA,90082434,PODRAVKA,0.11 kg,ko,2.59,23.12,,,2.59,3850104266676,HRANA
AROMA RUM BOČICA 38ML DR OETKER,04360235,DR OETKER,0.04 l,ko,1.79,47.11,,,1.69,5907707051067,HRANA
KLINČIĆ CIJELI 18g KOTANYI,04100138,KOTANYI,0.02 kg,ko,1.99,110.56,,,1.99,9001414015407,HRANA
MED BAGREM 900g MEDO FLOR,90573230,MEDO FLOR,0.90 kg,ko,8.79,9.77,,,8.79,3859888378049,HRANA
ČAJ TREŠNJA FILT 55g OMOT FRANCK,04090286,FRANCK,0.06 kg,ko,2.49,45.27,,,2.29,3858881083790,HRANA
MILKA ČOKO SNACK 29g,90713586,MILKA,0.03 kg,ko,0.75,25.86,,,0.65,90426254,HRANA
ULJE MASL EX DJ 0.5 L BRACHIA,90091905,BRACHIA,0.50 l,ko,11.99,23.98,,,14.49,3859891526093,HRANA
UMAK BBQ BLAGI 300 g ZVIJEZDA,90770113,ZVIJEZDA,0.30 kg,ko,2.49,8.3,,,2.49,3856015328175,HRANA
ČOKOLADA VOLIM TE LJEŠ/BAD/KAR 253 g,90750176,VOLIM TE,0.25 kg,ko,3.89,15.38,,,2.99,3858881062078,HRANA
PILEĆI NAREZAK 150g   PODRAVKA,02166676,PODRAVKA,0.15 kg,ko,1.89,12.6,,,1.89,3850104055706,HRANA
FEFERON K PLUS LJUTI 160g,01560312,K PLUS,0.16 kg,ko,1.69,10.56,,,1.69,3850334411815,HRANA
KEKS PLAZMA 150g,04146025,BAMBI,0.15 kg,ko,1.65,11,,,1.65,8600043000016,HRANA
JUHA SLAVONSKA GULAŠ 76g PODRAVKA,04160506,PODRAVKA,0.08 kg,ko,1.39,18.29,,,1.39,3850104007743,HRANA
MATOVILAC BIO 90 g,90809858,ORGANIC WILD ROCKET,0.09 kg,ko,1.59,17.67,,,1.59,3856028689225,HRANA
PECIVO GOLOSINI S ČOKOLADOM 200G RUGGERI,90278049,LA CROISSANTERIE,0.20 kg,ko,1.94,9.7,,,1.94,8001618991898,HRANA
BRUSNICA FAMILY PACK EC SUHA 300g,90705634,EUROCOMPANY,0.30 kg,ko,3.99,13.3,,,3.99,3872084014498,HRANA
KEKS MOTO  KAKAO MLIJEKO 288g,90183981,MOTO,0.29 kg,ko,2.99,10.38,,,2.19,3850102522866,HRANA
FLIPS KROKI KROKET TROKI KETC 110g,90600052,KROKI KROKET,0.11 kg,ko,1.49,13.55,,,1.49,3856021305252,HRANA
ISTARSKA KOBASICA 200g HISTRIS,90405195,HISTRIS,0.20 kg,ko,7.59,37.95,,,6.19,3859893167379,HRANA
RIŽA INTEGRALNA 1kg GALLO,04060023,RISO GALLO,1.00 kg,ko,4.59,4.59,,,4.59,8001420000788,HRANA
ZAČIN LOVOR LIST 5g VEGETA MAESTRO,90282019,VEGETA MAESTRO,0.01 kg,ko,0.89,178,,,0.89,3850104294457,HRANA
KEKS FINESSE PETIT BEURRE 460g,90373349,FINESSE,0.46 kg,ko,1.5,3.26,,,1.99,3838900955611,HRANA
FANT ZA SLAV ČOBANAC 90g PODRAVKA,04161773,FANT,0.09 kg,ko,1.39,15.44,,,1.39,3850104007859,HRANA
BOURBON VANIL.ŠEĆ. DOLCELA 10g 3PAK,90104538,DOLCELA,0.03 kg,ko,1.19,39.67,,,1.19,3850104272110,HRANA
RAJČICA PASIRANA 680 g ZVIJEZDA,90770101,ZVIJEZDA,0.68 kg,ko,2.29,3.37,,,2.29,3856015330468,HRANA
SIR POLUTV DIMSI BLOK 3kg DUKAT,02053912,PRESIDENT,1.00 kg,kg,13.19,13.19,,,13.19,3850355007400,HRANA
FEFERON BLAGI 270g PODRAVKA,01564014,PODRAVKA,0.27 kg,ko,3.29,12.19,,,3.29,3850104011641,HRANA
KAVA STRETTO NS 10/1 57g FRANCK,90673602,FRANCK NC,0.06 kg,ko,,64.39,3.67,4.59,4.59,3850291053646,HRANA
SIR MEKI GALB MINI MOZZARELL 200g,90405569,GALBANI,0.20 kg,ko,3.49,17.45,,,3.19,8595021607786,HRANA
SIR PARMIGGIANO REGG DOP 12 MJ 150g,90672985,AGRIFORM,0.15 kg,ko,5.69,37.93,,,5.31,8016129000847,HRANA
TJESTO  RIBANA KAŠA JAJ 500g ZLATO POLJE,04350635,ZLATO POLJE,0.50 kg,ko,2.69,5.38,,,2.69,3838700016567,HRANA
MESNI NAREZAK 100g ASCOMMERCE,02169584,ASCOMMERCE,0.10 kg,ko,0.79,7.9,,,0.79,3858881331020,HRANA
OCAT ALKOHOLNI 1L ZVIJEZDA,03120031,ZVIJEZDA,1.00 l,ko,1.15,1.15,,,0.99,3858882210928,HRANA
JUN VRAT BK ,02412007,PIK VRBOVEC,1.00 kg,kg,12.99,12.99,,,10.99,3850139401547,HRANA
KEKS BELVITA ČOKOLADA 225g,90400379,BELVITA,0.23 kg,ko,2.15,9.56,,,2.15,7622210899316,HRANA
VAFL FRONDI LIMUN 250g KRAŠ,90702871,FRONDI,0.25 kg,ko,,7.96,1.99,1.99,2.59,3850102002283,HRANA
JOGURT B AKTIV LGG NATUR 3X150g DUKAT,90573702,B'AKTIV,0.45 kg,ko,1.99,4.42,,,1.99,3850354008828,HRANA
MLIJEKO SVJEŽE 3.2% 1.5L BOCA DUKAT,90514041,DUKAT,1.50 l,ko,2.09,1.39,,,2.09,3850354016090,HRANA
BOMBON KAR KIKI PLUS C 100g,90373546,KIKI,0.10 kg,ko,,9.9,0.99,1.29,1.29,3850102005871,HRANA
MED CVJETNI LIVADA 900g PIP,04130100,PIP,0.90 kg,ko,7.96,8.84,,,7.96,3859888500013,HRANA
VAFL JADRO KOKOS ČOKOLADA 430g,04151054,JADRO,0.43 kg,ko,3.19,7.42,,,2.49,3850102522552,HRANA
TORTA SLADOLEDNA OD ČOKOLADE 1kg LED,02351374,LEDO,1.00 kg,ko,19.99,19.99,,,17.99,3850116875699,HRANA
KAKAO NESQUIK PLUS 400g NESTLE,04210701,NESQUIK,0.40 kg,ko,5.19,12.98,,,5.19,5998710960736,HRANA
DESERT RIŽA NA MLIJEKU ČOK/VAN 200g,90382636,ZOTT,0.20 kg,ko,0.89,4.45,,,0.86,4014500512266,HRANA
SLAD GELATISSIMO KOR VAN ČOK 6X110ml,90485232,GELATISSIMO,0.66 l,ko,3.29,5,,,3.29,3838900955338,HRANA
KAVA ESPRESSO 250g VAC MLJEV FRANCK,04070887,FRANCK,0.25 kg,ko,7.89,31.56,,,7.89,3858881080119,HRANA
BUČINA SJEMENKA VEDRINI 500g,90307596,VEDRINI,0.50 kg,ko,4.79,9.58,,,4.79,3858889331831,HRANA
ORAH MLJEVENI 200g SWEET CHEF,90408270,SWEET CHEF,0.20 kg,ko,1.99,9.95,,,1.19,3850334132833,HRANA
ČIPS LAY'S SLANI 200g,90593085,PEPSICO,0.20 kg,ko,3.19,15.95,,,2.99,5900259128706,HRANA
KAVA LEDENA HELL LATTE 250ml,90494811,HELL ENERGY,0.25 l,ko,1.59,6.36,,,1.45,5999860497073,HRANA
LISTOVI ZA PITE I SAVIJ PAN PEK 500g,90107158,PAN PEK,0.50 kg,ko,1.86,3.72,,,1.86,3859890733102,HRANA
KAVA LEDENA HELL CAPPUCCINO 250ml,90494770,HELL ENERGY,0.25 l,ko,1.59,6.36,,,1.45,5999860497097,HRANA
ZIMSKA SALAMA 650g MA PIK,02024460,PIK VRBOVEC,0.65 kg,ko,7.08,10.89,,,12.99,3850139010589,HRANA
INSTANT NESCAFE CREMA SENS ST 190g+30g,90713753,NESCAFE,0.19 kg,ko,12.49,65.74,,,11.29,8445290071026,HRANA
PRALINE KINDER BUENO MINI 108g,90080684,FERRERO,0.11 kg,ko,3.79,35.09,,,3.39,8000500180709,HRANA
MLINCI 400g ČOKOLAND,90602813,ČOKOLAND,0.40 kg,ko,3.39,8.48,,,3.39,3857500076205,HRANA
UMAK PESTO MINUTE 190g,90406518,MINUTE,0.19 kg,ko,,6.79,1.29,1.49,2.49,3850334437686,HRANA
JUHA PROLJETNA 50g PODRAVKA,90290259,PODRAVKA,0.05 kg,ko,,15.8,0.79,0.99,0.99,3850104295201,HRANA
TIJESTO PENNE RIGATE 49 500g ZARA,04050187,PASTA ZARA,0.50 kg,ko,1.59,3.18,,,1.59,8004350130495,HRANA
SIR TVRDI DALMATINSKI 300g MIH,90486854,SIRANA MIH,0.30 kg,ko,8.49,28.3,,,8.49,3859891700943,HRANA
TJEST S UMAKOM 5X80g INDOMIE,90048398,INDOMIE,0.40 kg,ko,,4.48,1.79,1.79,2.65,5285000390589,HRANA
BOMBON MENTOL ZELENI 100g KANDIT,04191025,KANDIT,0.10 kg,ko,0.96,9.6,,,0.96,3858881043466,HRANA
DALMATINSKI MIX 240 g NAR SPECIAL MOMENTS,90825704,SPECIAL MOMENTS,0.24 kg,ko,5.99,24.96,,,5.99,3850334431769,HRANA
OKRUGLICE SA ŠLJIVAMA 500g LEDO,02373655,LEDO,0.50 kg,ko,,7.44,3.72,4.39,3.29,3850116876658,HRANA
SLAD LEDO BANANKO 3x85 ml,90764718,LEDO,0.26 l,ko,3.99,15.65,,,3.99,3850116064147,HRANA
PAŠTETA PIKETA PIKANT PILEĆA 95g AL,90187620,PIKETA,0.10 kg,ko,1.19,12.53,,,1.19,3850104279843,HRANA
PISTACIO LJUSKA G GOOD PR NESL 180g ,90514405,GARDEN GOOD,0.18 kg,ko,4.49,24.92,,,3.99,3838900987995,HRANA
SIR MEKI BRIE 200g DUKAT,02103071,PRESIDENT,0.20 kg,ko,4.39,21.95,,,4.39,3228020232028,HRANA
MAJONEZA K PLUS 85g VREĆ,90341985,K PLUS,0.09 kg,ko,0.75,8.82,,,0.66,3850334341426,HRANA
KREKER SLANI 80g ELEPHANT,90342947,ELEPHANT,0.08 kg,ko,0.99,12.38,,,0.99,5949040201044,HRANA
LOSOS DIMLJENI REZANI 100g VIČI,90602920,VIČI,0.10 kg,ko,5.19,51.9,,,5.19,4770190035040,HRANA
JOGURT VOĆNI K PLUS JAG VAN 1L,90731601,K PLUS,1.00 l,ko,,1.59,1.59,2.05,2.05,3850334071552,HRANA
ORAH INDIJSKI FAMILY PACK EC 300g,90705619,EUROCOMPANY,0.30 kg,ko,5.19,17.3,,,4.79,3872084014351,HRANA
NESTLE CORNFLAKES 500G BAG,90174338,NESTLE ŽITAR,0.50 kg,ko,3.99,7.98,,,3.99,5900020025456,HRANA
VANILIN ŠEĆER 6X8G DR OETKER,90735036,DR OETKER,0.05 kg,ko,0.99,20.62,,,0.99,5997381375580,HRANA
SALAMA ZIMSKA 300g GAVRILOVIĆ,90725256,GAVRILOVIĆ,0.30 kg,ko,,26.63,7.99,9.29,9.29,3858892725719,HRANA
SRIJEMSKA SLJEME NAR 80g MA,90298683,SLJEME,0.08 kg,ko,1.99,24.88,,,1.99,3850139012446,HRANA
VAFL JADRO 200g KAROLINA,04151050,JADRO,0.20 kg,ko,1.75,8.75,,,1.75,3850102522484,HRANA
PECIVO SA SJEMENKAMA 5/1 250g MLINAR,90406410,MLINAR,0.25 kg,ko,1.49,5.96,,,1.15,3858881126046,HRANA
SIR MEKI PUNOMASNI SALAKIS 150g DUK,90229097,PRESIDENT,0.15 kg,ko,3.49,23.27,,,3.39,3850355005062,HRANA
BADEM JEZGRA VEDRINI 500g,90303740,VEDRINI,0.50 kg,ko,6.29,12.58,,,5.79,3859890630982,HRANA
TIJESTO LASAGNE 112 500g ZARA,04050190,PASTA ZARA,0.50 kg,ko,,3.18,1.59,2.49,2.49,8004350131126,HRANA
SIR TOPLJ LIST CHEDDAR DELISO 200g,90750917,DELISO,0.20 kg,ko,1.85,9.25,,,1.85,3850334082664,HRANA
SIR POLUTV TILZIT MAP 150G VINDIJA,90145042,Z BREGOV,0.15 kg,ko,2.99,19.93,,,2.99,3850108053913,HRANA
KOCKA KOKOŠJA 120g PODRAVKA,90155046,PODRAVKA,0.12 kg,ko,2.19,18.25,,,2.19,3850104274855,HRANA
UMAK SALSA MILD CHIO DIP 200g,01319045,CHIO,0.20 kg,ko,2.99,14.95,,,2.99,4001242108222,HRANA
JUHA POVRTNA S TJES VREĆ 16g FINI PO,04160072,FINI MINI,0.02 kg,ko,0.79,43.89,,,0.79,3850104048326,HRANA
PAHULJ FROOT LOOPS KELLOGGS 375g,90623293,KELLOGGS,0.38 kg,ko,5.99,15.97,,,5.99,5059319035543,HRANA
ŠUNKA SUHA 100g PERAJICA,90514271,SUŠARA PERAJICA,0.10 kg,ko,3.99,39.9,,,3.99,3857500112835,HRANA
SLAD GELATISSIMO TRIPLE CHOCO 900ml,90599254,GELATISSIMO,0.90 l,ko,3.99,4.43,,,3.99,3850334009586,HRANA
HAMBURGER PECIVO BEZ GLUT 2x60g RAZV,90617837,MOJE MALO ZLATO,0.12 kg,ko,2.99,24.92,,,2.99,3859893064227,HRANA
DESERT MONTE TOP CUP 70g,90570578,MONTE,0.07 kg,ko,0.76,10.86,,,0.76,4014500511559,HRANA
PAŠTETA KOKOŠJA PRSA JUNIOR 95 g ARGETA,90765313,ARGETA,0.10 kg,ko,1.49,15.68,,,1.49,3838471051712,HRANA
ŽELIN 3:1 25g PODRAVKA,90325031,PODRAVKA,0.03 kg,ko,1.3,52,,,1.3,3856020211011,HRANA
ŠTAPIĆI PANIRANI PILEĆI 300g LEDO,90144832,LEDO,0.30 kg,ko,4.99,16.63,,,4.99,3850116101828,HRANA
PIRE VOĆNI  JAB JAG BOR 200 g BB,90800595,BOOM BOX,0.20 kg,ko,,8.45,1.69,2.19,1.99,3856027801338,HRANA
BROWNIE 366g SWEET CHEF,90734725,SWEET CHEF,0.37 kg,ko,,5.98,2.19,2.19,2.49,3850334055293,HRANA
JOGURT ACTIVIA MUS JAGODA MIX 4x125g,02334299,ACTIVIA,0.50 kg,ko,2.99,5.98,,,2.85,5997536301945,HRANA
ŠKAMPI FROZY 1kg,90485004,FROZY,1.00 kg,ko,14.99,14.99,,,14.99,3859891927906,HRANA
BOMBONI TIC TAC CITRUS MIX 18g,90705647,FERRERO,0.02 kg,ko,0.7,38.89,,,0.79,80883586,HRANA
RIŽA OKRUGLO ZRNO SB K PLUS 1 kg,90810361,K PLUS,1.00 kg,ko,1.99,1.99,,,2.39,3850334420565,HRANA
ČOKOLADA TOBLERONE FRUIT&NUT 100g,90404711,TOBLERONE,0.10 kg,ko,3.09,30.9,,,3.09,7622201137175,HRANA
ŠTAPIĆI KVIKI MAXI KIKIR 190g PODRAV,04142146,KVIKI,0.19 kg,ko,1.79,9.42,,,1.79,3850104235283,HRANA
KULEN 300 g XXL NAR PODRAVKA,90810351,PODRAVKA,0.30 kg,ko,5.99,19.97,,,5.99,3856020261849,HRANA
MAJONEZA DELIGHT VREĆICA 220g THOMY,90298297,THOMY,0.22 kg,ko,3.15,14.32,,,3.15,7613036012805,HRANA
TIJESTO PENNE RIGATE 73 1kg BARILLA,04050380,BARILLA,1.00 kg,ko,3.69,3.69,,,3.69,8076800105735,HRANA
LEDOLETTA MARELICA 800 g LEDO,90825016,LEDO,0.80 kg,ko,4.99,6.24,,,4.99,3850116067438,HRANA
KEKS LIMENKA MEDO 150 g JACOBSENS,90869793,DANISH COOKI,0.15 kg,ko,2.99,19.93,,,2.99,5776879022553,HRANA
SALAMA OBLOŽENA PAPROM 75g NAR SORGER,90648544,SORGER,0.08 kg,ko,2.39,31.87,,,2.39,9002055002399,HRANA
ŠAMPINJONI GARDEN GOOD 790G/460g,90731292,GARDEN GOOD,0.46 kg,ko,2.79,6.07,,,2.79,3850334070852,HRANA
INSTANT NES GOLD ESPRESSO ST 100G NESTLE,90442874,NESCAFE,0.10 kg,ko,9.89,98.9,,,8.99,7613036600996,HRANA
KEKS ZOB JOGURT BEZ ŠEĆ 400g MISURA,04141167,MISURA,0.40 kg,ko,3.85,9.63,,,3.85,8002590043544,HRANA
NAPOLITANKE ŠLAG ČOKOLADA 187g JAFFA,90335040,JAFFA,0.19 kg,ko,1.69,9.04,,,1.69,8600114006626,HRANA
ŽV GUMA ORBIT STRAWBERRY 14g,90800277,WRIGLEY,0.01 kg,ko,0.99,70.71,,,0.99,50173464,HRANA
PECIVO HAMB SEZAM 6/1 300g EMMECI,90365880,EMMECI PANE,0.30 kg,ko,1.33,4.43,,,1.33,8033928830239,HRANA
ĐUVEČ 690 g PODRAVKA,90765177,PODRAVKA,0.69 kg,ko,3.59,5.2,,,3.49,3856020221393,HRANA
ČAJ EARL GREY 20X2g AHMAD,04090594,AHMAD,0.04 kg,ko,3.45,86.25,,,3.45,054881005517,HRANA
SLAD GELATISSIMO JAGODA 900ml,90599236,GELATISSIMO,0.90 l,ko,3.99,4.43,,,3.99,3850334009548,HRANA
SALAMA JELEN 80 g NAR SPECIAL MOMENTS,90835013,SPECIAL MOMENTS,0.08 kg,ko,2.25,28.13,,,2.25,3850334431806,HRANA
KREMA ZA KREMŠNITE 230g DOLCELA,04180206,DOLCELA,0.23 kg,ko,3.19,13.87,,,2.99,3850104075810,HRANA
BOMBON CEDEVITA KIDS PUC JAG 5g,90088884,CEDEVITA,0.01 kg,ko,0.49,98,,,0.4,3850322009444,HRANA
BISCOTTI 750G SUNDAY,90251687,KOLID,0.75 kg,ko,6.99,9.32,,,5.97,5319990443618,HRANA
ČOKOL SAMO TI LJEŠNJAK 100g,90600435,SAMO TI,0.10 kg,ko,1.59,15.9,,,1.29,3858881065000,HRANA
SLAD OREO MINI COOKIE SANDW 6x55 ml,90769675,OREO,0.19 l,ko,5.99,31.21,,,5.99,8051369003791,HRANA
SLAD SNICKERS X-TRA 66G,90116160,MARS,0.07 kg,ko,1.99,30.15,,,1.99,5000159460880,HRANA
GRAH S GAVRILOVIĆ KOBASICOM 300g,90377515,GAVRILOVIĆ,0.30 kg,ko,3.49,11.63,,,3.49,3858892720950,HRANA
GRAH CRVENI GARDEN GOOD 800/480 g,90854723,GARDEN GOOD,0.48 kg,ko,1.49,3.1,,,1.49,3838900842935,HRANA
ZAČIN BOSILJAK USITNJ VR 5g VEGETA MAESTRO,90282189,VEGETA MAESTRO,0.01 kg,ko,0.89,178,,,0.89,3850104294563,HRANA
SLAD LEDO VELVET VANILIJA 900 ml,90885942,QUATTRO,0.90 l,ko,4.99,5.54,,,4.99,3850116067179,HRANA
PAPAR ŠARENI ZRNO 50 g SPICE CHEF,90770550,SPICE CHEF,0.05 kg,ko,1.19,23.8,,,1.19,3850334100979,HRANA
KAVA DOLCE GUS CORTADO ESP DECAF 16/1 99.2g,90707257,DOLCE GUSTO,0.10 kg,ko,6.49,65.42,,,6.49,7613033494765,HRANA
SLAD GELATISSIMO MANGO MARAK 4x125ml,90765051,GELATISSIMO,0.32 l,ko,3.99,12.49,,,3.99,3850334112644,HRANA
MASLINE MIJEŠ ODKOŠT BOSILJAK I LIMUN 150g,90187369,GAEA,0.15 kg,ko,4.59,30.6,,,4.59,5201671802480,HRANA
SLAD GRČKI JOGURT VIŠNJA 500ml,90703961,KRI KRI,0.50 l,ko,3.99,7.98,,,3.99,5202234251417,HRANA
SIRNI NAMAZ NATUR 200g ARLA,90707922,ARLA,0.20 kg,ko,2.49,12.45,,,2.25,5711953158445,HRANA
KVASAC SUHI 7g DR OETKER,04180191,DR OETKER,0.01 kg,ko,0.5,71.43,,,0.5,4000521000349,HRANA
DESERT SNICKERS 3 PACK 3X50 g,90731270,MARS,0.15 kg,ko,2.85,19,,,2.85,5000159560061,HRANA
SLAD GRČKI JOGURT KARAMELA 500ml,90703958,KRI KRI,0.50 l,ko,3.99,7.98,,,3.99,5202234514109,HRANA
ČOKOL MILK MILKINIS MILK 87.5g,04211305,MILKA,0.09 kg,ko,2.49,28.46,,,2.49,7622300108137,HRANA
TLAČENICA 300g SILMA,90382402,SLIMA,0.30 kg,ko,2.59,8.63,,,2.59,3859892782344,HRANA
ČOKOLADA ROCHER MILK 90g,90569204,FERRERO,0.09 kg,ko,2.89,32.11,,,2.49,8000500359488,HRANA
NAPITAK BADEM BŠ PROMO PACK 4X1L ALPRO,90769864,ALPRO,4.00 l,ko,7.49,1.87,,,7.96,5411188125945,HRANA
ČIPS DORITOS BARBECUE 90g,90754991,DORITOS,0.09 kg,ko,1.99,22.11,,,1.99,8606017379430,HRANA
SLAD LEDO M3 KING MAJESTIC 180ml,90598862,KING,0.18 l,ko,6.99,38.83,,,6.99,3850116039640,HRANA
MASLINE ZELENE 400g ZVIJEZDA,01580710,ZVIJEZDA,0.40 kg,ko,4.19,10.48,,,4.19,3858882213738,HRANA
VANILIN ŠEĆER 50g 5X10g SWEET CHEF,90406549,SWEET CHEF,0.05 kg,ko,0.39,7.8,,,0.4,3850334197696,HRANA
JADRANSKA SRDELA ADRIA MARE 1KG,90404185,ADRIA MARE,1.00 kg,ko,,2.39,2.39,2.99,2.99,3850334131423,HRANA
BISKVIT MILKA TENDER COW 140g,90361895,MILKA,0.14 kg,ko,3.39,24.21,,,3.39,7622210590664,HRANA
PAŠTETA PILEĆA JUNIOR 100g GAVRILOVIĆ,90810792,GAVRILOVIĆ,0.10 kg,ko,1.39,13.9,,,1.39,3858892726426,HRANA
KETCHUP BLAGI HEINZ 570g,90179066,HEINZ,0.57 kg,ko,4.25,7.46,,,4.25,8715700421469,HRANA
BAKALAR K PLUS NA BIJELO 250G,90166638,K PLUS,0.25 kg,ko,6.29,25.16,,,6.29,3850334530608,HRANA
PUREĆI MEDALJONI 300g VINDIJA,02455499,VINDON,0.30 kg,ko,6.39,21.3,,,6.39,3850339402160,HRANA
INSTANT BEZ KOFEINA 100g FRANCK,04070189,FRANCK,0.10 kg,ko,,43.8,4.38,5.49,5.49,3850291055251,HRANA
SIR TVRDI KRAVLJI PARMILETA,90294847,PARMILETA,1.00 kg,kg,14.99,14.99,,,14.99,3858884995434,HRANA
JUN PODLOPATICA MARTINJAK SK MHF,90308786,,1.00 kg,kg,10.79,10.79,,,9.99,3859893702426,HRANA
TIJESTO SPAGHETT 5 1kg BARILLA,04050379,BARILLA,1.00 kg,ko,3.69,3.69,,,3.69,8076800105056,HRANA
KAVA LAVAZZA CREM E GUSTO CLAS ZRNO 1kg,90623323,LAVAZZA,1.00 kg,ko,31.59,31.59,,,27.99,8000070051003,HRANA
MESNI RAGU 400g PODRAVKA,02169583,PODRAVKA,0.40 kg,ko,3.99,9.98,,,3.99,3858886465768,HRANA
JUNEĆI VRAT S KOSTI LOVRIĆ,90648691,LOVRIĆ,1.00 kg,kg,6.99,6.99,,,6.99,,HRANA
KEČAP BLAGI BEZ DOD ŠEĆ 500g ZVIJEZDA,90731066,ZVIJEZDA,0.50 kg,ko,1.99,3.98,,,1.49,3856015329134,HRANA
ČIPS PRINGLES ORGINAL XXL 185g,90732267,PRINGLES,0.19 kg,ko,3.49,18.86,,,3.49,5053990167807,HRANA
ČOKOLADA DORINA JAGODA VANILIJA 245 g,90765237,DORINA,0.25 kg,ko,4.99,20.37,,,4.99,3850102010011,HRANA
NJOKI MINUTE 500g KADICA,90725828,MINUTE,0.50 kg,ko,,1.98,0.99,1.29,1.39,3850334044792,HRANA
BAKLAVA PISTACIJA 500g NUBAKE,90350419,NUBAKE,0.50 kg,ko,5.31,10.62,,,5.31,3859892847678,HRANA
RIŽA K PLUS INTEGRALNA 1kg KUT,90141477,K PLUS,1.00 kg,ko,2.59,2.59,,,2.65,3850334406897,HRANA
TIJESTO SPIRALI 400g  GRANO DORO,90296108,GRANO DORO,0.40 kg,ko,0.8,2,,,0.8,3850334349828,HRANA
BAKLAVA ORAH 500g NUBAKE,90350417,NUBAKE,0.50 kg,ko,4.51,9.02,,,4.51,3859893926082,HRANA
BOMBONI TIC TAC NARANČA 54g,90800647,FERRERO,0.05 kg,ko,2.15,39.81,,,2.15,8000500164976,HRANA
BOMBON TIC TAC NARANČA 18g,90045178,FERRERO,0.02 kg,ko,0.79,43.89,,,0.79,80052333,HRANA
DESERT MOUSSE ČOKOL 100g DUKAT,02320982,DOLCE,0.10 kg,ko,1.19,11.9,,,1.19,3850354001485,HRANA
MED KADULJA HR 450g APIDAL,04131001,APIDAL,0.45 kg,ko,10.29,22.87,,,10.29,3859889410021,HRANA
BOMBON CEDEVITA NARANČA 18g,90706152,CEDEVITA,0.02 kg,ko,0.79,43.89,,,0.69,38506222,HRANA
KEKS DULCETTI CHOCO PETIT 125g,90412429,DULCETTI,0.13 kg,ko,,13.52,1.69,1.99,1.99,3850334134752,HRANA
SENDVIČ PANE AMORE PRŠUT SIR 140G,90409401,PANE AMORE,0.14 kg,ko,2.79,19.93,,,2.79,8020693230050,HRANA
BADEM MLJEVENI 200g SWEET CHEF,90513453,SWEET CHEF,0.20 kg,ko,3.49,17.45,,,2.71,3838900987797,HRANA
ULJE BUČINO 0.5L ZVIJEZDA,03210094,ZVIJEZDA,0.50 l,ko,10.99,21.98,,,10.99,3858882212052,HRANA
MASLAC BEZ LAKTOZE 200 g FREE ZONE,90770094,FREE ZONE,0.20 kg,ko,2.79,13.95,,,2.79,3850334111098,HRANA
VAFL CHOCO RUM 200g KOESTLIN,90705704,KOESTLIN,0.20 kg,ko,2.89,14.45,,,2.69,3856014106088,HRANA
PRALINE MOZART KUGLE  297g,90403949,MANNER,0.30 kg,ko,6.19,20.84,,,5.39,9001508084920,HRANA
ČOKOLADA TOBLERON ML CHUNK 35g,04420204,TOBLERONE,0.04 kg,ko,1.45,41.43,,,1.45,0000076145759,HRANA
MJEŠAVINA KINESKA 400g LEDO,90668479,LEDO,0.40 kg,ko,3.49,8.73,,,3.49,3850116053400,HRANA
MEDALJONI PILEĆI LEDO 300g,90568750,LEDO,0.30 kg,ko,4.99,16.63,,,4.99,3850116039077,HRANA
ORAH BRAZILSKI GARDEN GOOD 180g,90514176,GARDEN GOOD,0.18 kg,ko,4.99,27.69,,,3.19,3838900987834,HRANA
MASLAC Z'BREGOV 125g VINDIJA,02180372,Z BREGOV,0.13 kg,ko,2.19,17.52,,,2.19,3850108060126,HRANA
JOGURT TEK ACTIVE ZONE 0.5 % M.M. 180g,90494725,ACTIVE ZONE,0.18 kg,ko,,1.39,0.25,0.36,0.36,3850334393876,HRANA
LISNATO TIJESTO MINUTE 500g,90563155,MINUTE,0.50 kg,ko,1.19,2.38,,,1.19,8605002353868,HRANA
PILEĆI STRIPS CEKIN 350 g,90707055,CEKIN,0.35 kg,ko,5.25,15,,,5.25,3850159112836,HRANA
HRENOVKE FRANK IVANEČKI 275g IMISIMO,90498761,IMISIMO,0.28 kg,ko,3.29,11.96,,,3.29,3859893866036,HRANA
NAPITAK ČOKO KARAMELA 250 ml MILKA,90830436,MILKA,0.25 l,ko,1.79,7.16,,,1.55,5711953190087,HRANA
UMAK BBQ LJUTI 300 g ZVIJEZDA,90770115,ZVIJEZDA,0.30 kg,ko,2.49,8.3,,,2.49,3856015328205,HRANA
KAVA SUPERIORE NS 10/1 57g FRANCK,90673608,FRANCK NC,0.06 kg,ko,,70,3.99,4.99,4.99,3850291053660,HRANA
HRENOVKE WUDY KLASIK 300 g,90785362,WUDY,0.30 kg,ko,1.29,4.3,,,1.15,8008110040642,HRANA
KAPS KAVA CAPP DG 16/1 164g RITUAL,90698476,RITUAL,0.16 kg,ko,3,18.29,,,3.98,3850334036278,HRANA
MUESLI  CRUNCHY NUTS 350G AWT,90170696,NATUREL,0.35 kg,ko,,7.4,2.59,2.59,3.59,3859889139427,HRANA
LASAGNE BOLOGNESE MINUTE 900 g,90909904,MINUTE,0.90 kg,ko,4.99,5.54,,,4.99,3850334045188,HRANA
SIR EDAMER K PLUS 300 g,90919709,K PLUS,0.30 kg,ko,,9.3,2.79,3.29,3.29,3850334444943,HRANA
ŽV GUMA ORBIT REFRESH TROPICAL 15.6g,90599949,WRIGLEY,0.02 kg,ko,0.99,63.46,,,0.99,4009900540520,HRANA
ČOK MILKA BUBBLY MILK 90G,90160854,MILKA,0.09 kg,ko,2.49,27.67,,,2.49,7622210371638,HRANA
PANIRANI FILET OSLIĆA MINUTE 500g,90488284,MINUTE,0.50 kg,ko,,7.78,3.89,4.79,4.79,3850334393913,HRANA
KAVA LEDENA CAFFE LATTE 250ml Z BREGOV,90724899,Z BREGOV,0.25 l,ko,1.55,6.2,,,1.55,3850108021936,HRANA
RAJČICA KONCENTRAT TUBA 120g PODRAVK,01570131,PODRAVKA,0.12 kg,ko,1.89,15.75,,,1.75,3850104053214,HRANA
POVRĆE MJEŠ ZA JUHU 400g LEDO,90668420,LEDO,0.40 kg,ko,,4.73,1.89,2.29,2.29,3850116053462,HRANA
MASLINE ZELENE OTKOŠT 650g/320g PODR,90187764,PODRAVKA,0.32 kg,ko,4.69,14.66,,,4.69,3850104279300,HRANA
KAVA MLJEV BUON 220g JULIUS M,90707397,JULIUS MEINL,0.22 kg,ko,6.29,28.59,,,5.69,9000403977443,HRANA
ČOKOLADA KOLUMBO 100g KRAŠ,90569594,KRAŠ,0.10 kg,ko,2.75,27.5,,,2.75,3850102521845,HRANA
KRUH KLARA RUSTIKA 500G KLARA,90239075,KLARA,0.50 kg,ko,1.99,3.98,,,1.79,3856016902190,HRANA
TUNA SALATA TOSCANA 210/160G OCEAN,90372968,OCEAN,0.16 kg,ko,,11.19,1.79,2.25,2.25,3850334187000,HRANA
MIX NES CL 2U1 8g,90364103,NESCAFE,0.01 kg,ko,0.35,43.75,,,0.35,59945345,HRANA
ULJE MASLINOVO EX DJ 0.25L MONIN,90048519,MONINI,0.25 l,ko,4.49,17.96,,,4.49,80053811,HRANA
VAFL MANNER TORTICE 400g,04150030,MANNER,0.40 kg,ko,4.29,10.73,,,3.99,9000331607955,HRANA
MUESLI CRUNCH NATU GRAN CHOCO 350g,04172622,NATUREL,0.35 kg,ko,,7.4,2.59,2.59,3.59,3858887245055,HRANA
JUHA BISTRA S TJESTENINOM 45g,90087003,PODRAVKA,0.05 kg,ko,0.79,17.56,,,0.79,3850104270185,HRANA
LASAGNE 450g LEDO,90598834,LEDO,0.45 kg,ko,5.19,11.53,,,3.49,3850116990163,HRANA
BATAT 500 g BIO ZONE,90810456,BIO ZONE,0.50 kg,ko,2.29,4.58,,,2.29,3856028689294,HRANA
PECIVO MAKOVICA 100g KLARA,90493642,KLARA,0.10 kg,ko,0.59,5.9,,,0.59,3856016906303,HRANA
CAPP FR BŠ 112g KUT,90281769,FRANCK,0.11 kg,ko,,29.37,3.29,3.89,3.89,3858881088382,HRANA
TUNJ SALATA KVINOJA 160g RIO MARE,90623557,RIO MARE,0.16 kg,ko,,13.44,2.15,4.69,4.69,8004030835023,HRANA
PAPRIKA SLATKA 200g ŠAFRAM,04100378,ŠAFRAM,0.20 kg,ko,3.59,17.95,,,3.32,3859888163072,HRANA
KOBASICA ROŠTILJ CLASSIC 330g RAW-ŠTILJ,90706675,RAW ŠTILJ,0.33 kg,ko,3.39,10.27,,,3.39,3850334045201,HRANA
KEČAP KIDS 500g ZVIJEZDA,90571651,ZVIJEZDA,0.50 kg,ko,1.99,3.98,,,1.49,3856015323200,HRANA
MLIJEKO ZAMJ HIPP 2 COMBIOTIK 600g,90407290,HIPP,0.60 kg,ko,14.69,24.48,,,14.69,4062300398917,HRANA
PAPAR CRNI MLJEVENI 100g ŠAFRAM,04100566,ŠAFRAM,0.10 kg,ko,2.49,24.9,,,2.52,3859888163034,HRANA
TORTA SLAVLJENICA 650g LEDO,90597863,LEDO,0.65 kg,ko,9.95,15.31,,,9.95,3850116042626,HRANA
INSTANT NESCAFE GOLD VR REFILL 150g,90733639,NESCAFE,0.15 kg,ko,11.19,74.6,,,10.29,8445290795083,HRANA
FEFERON LJUTI 160g PODRAVKA,01560280,PODRAVKA,0.16 kg,ko,2.69,16.81,,,2.69,3850104050404,HRANA
MASLINE CRNE 400g ZVIJEZDA,01580199,ZVIJEZDA,0.40 kg,ko,4.59,11.48,,,4.59,3858882213707,HRANA
PANIRANI PILEĆI MEDALJONI  400g,90438159,CEKIN,0.40 kg,ko,4.85,12.13,,,4.85,3850159141287,HRANA
MJEŠAVINA PROVANSA 400G,90730629,LEDO,0.40 kg,ko,2.99,7.48,,,2.99,3850116059785,HRANA
MUESLI CRUNCH NATU ŠUMSKO VOĆE 350g,90386067,NATUREL,0.35 kg,ko,,7.4,2.59,2.59,3.59,3858889364815,HRANA
ČOBANAC 400g PODRAVKA,90362684,PODRAVKA,0.40 kg,ko,4.49,11.23,,,3.79,3858886463863,HRANA
KRUMPIROVI ŠTAP POMSTICKS PAPRIKA 85g,90406649,LORENZ,0.09 kg,ko,2.19,25.76,,,1.99,4018077821790,HRANA
TORTILJA ČIPS HRUSTY 350g,90799865,HRUSTY,0.35 kg,ko,,4.31,1.51,1.89,1.89,8605028610754,HRANA
PAPRIKA PEČENA 400g PODRAVKA,01512639,PODRAVKA,0.40 kg,ko,3.99,9.98,,,3.99,3850104209291,HRANA
NAMAZ NUTELLA T15 200g ČAŠA,04230999,NUTELLA,0.20 kg,ko,3.59,17.95,,,3.39,80135463,HRANA
NAMAZ FINESSE LJEŠNJAK 750 g,90749836,FINESSE,0.75 kg,ko,,4.73,3.55,4.19,4.19,3838900834633,HRANA
NAPITAK PROTEIN ČOK KIK MASL UHT 0.5L VINDIJA,90404989,Z BREGOV,0.50 l,ko,2.49,4.98,,,2.49,3850108023688,HRANA
ČEŠNJOVKA 300g VAK,90361687,PIK,0.30 kg,ko,4.49,14.97,,,4.49,3850139180046,HRANA
BABY ŠPINAT 100 grama,90052359,KONZUM,0.10 kg,ko,1.49,14.9,,,1.39,3850334339522,HRANA
MARINIRANI PILEĆI MIX RAW-ŠTILJ ,90672695,RAW ŠTILJ,1.00 kg,kg,7.69,7.69,,,7.69,3850159155352,HRANA
TIJESTO RIB KAŠICA JAJA MRK 400g KOL,04051253,KOLEDA,0.40 kg,ko,,2.98,1.19,2.25,2.25,3859888433151,HRANA
TIJESTO SPIRALI 1kg PASTA ZARA,90754973,PASTA ZARA,1.00 kg,ko,2.39,2.39,,,2.39,8004350120571,HRANA
INSTANT NESCAFE GOLD BK ST 100Gg,04070026,NESCAFE,0.10 kg,ko,8.99,89.9,,,8.19,7613036330688,HRANA
PAŠTETA JETRENA 95g LO,90087632,PODRAVKA,0.10 kg,ko,1.29,13.58,,,1.29,3858886469230,HRANA
KAŠA ZOB MALINA 4X65g DOBRA,90073926,DOBRA,0.26 kg,ko,3.25,12.5,,,3.25,8595054901073,HRANA
PAPAR CRNI MLJEVENI 100 g SPICE CHEF,90770545,SPICE CHEF,0.10 kg,ko,1.29,12.9,,,1.29,3850334100825,HRANA
SIR TOPLJ TROK MAXX DELISO 420 g,90810354,DELISO,0.42 kg,ko,,6.64,2.79,3.39,3.39,3850334113979,HRANA
GAZ PIĆE FENTIMANS GINGER BEER 0.2l,90485637,FENTIMANS,0.20 l,ko,2.39,11.95,,,2.39,5029396003872,PIĆE
PROSECCO ROSE VALDO DOC BRUT 0.75 l,90794984,VALDO,0.75 l,ko,14.05,18.73,,,14.05,8002335650068,PIĆE
BOLERO CLASSIC LIMUN 9g,90325844,BOLERO,0.01 kg,ko,0.89,98.89,,,0.89,3800048200038,PIĆE
LIKER OD VIŠNJE 500ml KAPRONCA,90498844,AL KAPRONE,0.50 l,ko,13.19,26.38,,,9.39,3859892356101,PIĆE
NEKTAR VINDI VIŠNJA 1LČEP,90366120,VINDI,1.00 l,ko,1.99,1.99,,,1.99,3850108074475,PIĆE
LIKER PELINKOVAC ANTIQUE 0.7L,03071140,BADEL 1862,0.70 l,ko,17.05,24.36,,,17.05,3850112110572,PIĆE
PIVO KLAAS 2L PET,90633080,KLAAS,2.00 l,ko,1.95,0.98,,,1.95,3838900821398,PIĆE
LIKER PELIN KRAUTER 1L,03070150,NIMCO,1.00 l,ko,14.05,14.05,,,14.05,4000152006017,PIĆE
PRAŠK. NAPITAK MOJ DAN NARANČA 500g,90662939,MOJ DAN,0.50 kg,ko,2.39,4.78,,,2.39,8605028604586,PIĆE
GAZ PIĆE LEMONISH LIMUN BAZGA 1.25 L,90889867,LEMONISH,1.25 l,ko,2.29,1.83,,,2.29,3838471049047,PIĆE
VODA MINERALNA JANA 1L,03182017,JANA,1.00 l,ko,0.89,0.89,,,0.89,3858884600987,PIĆE
GAZ PIĆE SCHWEPPES TONIC WATER 1L,90361223,SCHWEPPES,1.00 l,ko,1.79,1.79,,,1.79,5449000044808,PIĆE
MIN VODA RADENSKA 1L GAZ POV AMB,03180100,RADENSKA,1.00 l,ko,0.75,0.75,,,0.75,3830000620970,PIĆE
LIKER HERBAL MEISSTER 0.7 L,90675743,HERBAL MEISSTER,0.70 l,ko,5.65,8.07,,,5.65,3850164243518,PIĆE
PIĆE GAZ PEPSI COLA 1.5L PET,90407036,PEPSI,1.50 l,ko,1.79,1.19,,,1.79,3830065022603,PIĆE
GAZ PIĆE SKY COLA 2X2 l,90794740,SKY COLA,4.00 l,ko,2.79,0.7,,,0.7,3875000182813,PIĆE
GAZ PIĆE COCA COLA ZERO ZERO 0.5L,90600360,COCA COLA,0.50 l,ko,1.19,2.38,,,1.15,5449000201935,PIĆE
LEDENI ČAJ BRESKVA XIXO 0.25l,90291702,XIXO,0.25 l,ko,0.69,2.76,,,0.69,5999885747085,PIĆE
MIN VODA KISELJAK 0.5L GAZ PET,03180016,SAR KISELJAK,0.50 l,ko,0.79,1.58,,,0.79,3871059000023,PIĆE
CEDEVITA FRESH LIMUN 0.34L,90405340,CEDEVITA,0.34 l,ko,,3.5,1.19,1.19,1.15,3850322013380,PIĆE
NEG PIĆE TOCO MULTI 2x1.5L XXL,90745876,TOCO,3.00 l,ko,2.59,0.86,,,2.55,3856028500995,PIĆE
NEKTAR NARANČA YIPPY 0.33L PET,90060453,YIPPY,0.33 l,ko,1.39,4.21,,,1.35,9008700141949,PIĆE
VINO GROZD CRNO 1L,90311389,GROZD,1.00 l,ko,2.15,2.15,,,2.15,3850334393517,PIĆE
GAZ PIĆE SCHWEPPES PINK TONIC 1L,90706198,SCHWEPPES,1.00 l,ko,1.79,1.79,,,1.79,5449000307347,PIĆE
PIVO PAN ZLATNI 0.5L LIMENKA,03130782,PAN,0.50 l,ko,1.49,2.98,,,1.19,3858887580644,PIĆE
VODA IZVORSKA STUDENA 1.5L,03180006,STUDENA,1.50 l,ko,0.89,0.59,,,0.89,3856022300157,PIĆE
SIRUP FRUTA BOROVNICA 3L PET,90407958,FRUTA,3.00 l,ko,3.49,1.16,,,3.49,3859893686306,PIĆE
GAZ PIĆE COCA COLA ZERO 1.5L,90311937,COCA COLA,1.50 l,ko,1.89,1.26,,,1.89,5449000133335,PIĆE
LIKER LAVOV POKORNY 1L 32% BADEL 186,03070422,POKORNY,1.00 l,ko,13.05,13.05,,,13.05,3850112110015,PIĆE
GAZ PIĆE SKY COLA ZERO 2L,90382323,SKY,2.00 l,ko,1.79,0.9,,,1.79,3875000181656,PIĆE
PIVO PAULANER 0.5L LIM WEISSBIER,03131118,PAULANER,0.50 l,ko,1.79,3.58,,,1.79,4066600601920,PIĆE
PIVO ERDINGER SVIJE PŠENIČ 0.5L LIM,03130657,ERDINGER,0.50 l,ko,2.05,4.1,,,2.05,4002103003014,PIĆE
NAPITAK POWERADE CITRUS 0.5L,90382417,POWERADE,0.50 l,ko,1.65,3.3,,,1.65,54492806,PIĆE
SOK PRIRODNI JABUK MRKVA 1 L MIHALIĆ,90875110,OPG MIHALIC,1.00 l,ko,4.59,4.59,,,4.59,3857500019455,PIĆE
LIKER ORAHOVAC 1L BADEL,03070485,BADEL 1862,1.00 l,ko,15.05,15.05,,,15.05,3850112110626,PIĆE
VINO DINGAČ 0.75L VRH PZ I VIN DING,03023748,PZ I VIN DINGAČ,0.75 l,ko,20.99,27.99,,,20.99,3859888108011,PIĆE
GIN OLD TOWER DRY 0.7L,90599536,ST NICOLAUS,0.70 l,ko,9.99,14.27,,,9.99,8586000136014,PIĆE
NEKTAR BRESKVA BRAVO 2L,90091851,BRAVO,2.00 l,ko,3.19,1.6,,,0.1,9008700155908,PIĆE
VINO CHARDONNAY KV 0.75L ILOČKI PODR,03021016,ILOČKI PODRUMI,0.75 l,ko,7.05,9.4,,,7.05,3859889556552,PIĆE
LEDENI ČAJ BRESKVA 0.5L FUZETEA,90311875,FUZETEA,0.50 l,ko,1.25,2.5,,,1.25,5449000239204,PIĆE
SOK JABUKA 100% MINUTE 1L,90602781,MINUTE,1.00 l,ko,,2.19,2.19,2.49,2.49,3850334009746,PIĆE
NAPITAK ISO SPORT AZZURRO NEG. 1.5L ,90672912,ISO SPORT,1.50 l,ko,2.55,1.7,,,2.55,3850108073195,PIĆE
CIDER SOMERSBY 0.0% BAZGA 0.33 L LIM,90884968,SOMERSBY,0.33 l,ko,1.25,3.79,,,1.25,8600331002838,PIĆE
LIKER VIŠNJEVAC 0.7L BADEL,90094893,BADEL 1862,0.70 l,ko,10.55,15.07,,,10.55,3850112111531,PIĆE
SOK NUTRINO CIJEĐ JAB 200ml,90494041,NUTRINO,0.20 l,ko,0.95,4.75,,,0.95,8606019651992,PIĆE
MIN VODA MIVELA BLAGO GAZ 0.5 L PET,90057706,MIVELA,0.50 l,ko,1.29,2.58,,,0.5,8600599002847,PIĆE
PIVO STAROPRAMEN 6PACK 0.5L LIM,90770559,STAROPRAMEN,3.00 l,ko,8.29,2.76,,,8.05,3850131006153,PIĆE
ČAJ LEDENI ARIZONA BRESKVA 0.45L,90407050,ARIZONA,0.45 l,ko,1.35,3,,,1.35,0613008753290,PIĆE
PIVO GARDEN STOUT LIMENKA 0.33L,90274036,GARDEN,0.33 l,ko,1.65,5,,,1.65,3859893153037,PIĆE
LIKER KRUŠKOVAC 1L MARASKA,03070749,MARASKA,1.00 l,ko,10.05,10.05,,,10.05,3850158403607,PIĆE
SIRUP FRUTTI BOROVNICA 1L,90407069,FRUTTI,1.00 l,ko,1.55,1.55,,,1.55,3850334134332,PIĆE
SOK BOROVNICA 1L BRIK FRUCTAL    ,90104226,FRUCTAL,1.00 l,ko,2.59,2.59,,,1.87,3838945509046,PIĆE
PIVO ZMAJSKO PALE ALE 0.5L NB,90649495,ZMAJSKA PIVOVARA,0.50 l,ko,2.35,4.7,,,2.35,3859893414534,PIĆE
LIKER BOŽUR 0.7l GOOD SPIRIT,90404175,GOOD SPIRIT,0.70 l,ko,21.89,31.27,,,21.89,3859893710032,PIĆE
NAPITAK PREWORKOUT SHOT LIM-LIMETA 0.08L,90649075,POLLEO,0.75 l,ko,,1.99,1.49,1.99,1.99,3856026802299,PIĆE
KONJAK MARTELL 0.7L VS SA ČAŠAMA,90362482,MARTELL,0.70 l,ko,36.49,52.13,,,36.49,3219820003581,PIĆE
MIN VODA JAMNICA MILD 0.5L PET,90494684,JAMNICA,0.50 l,ko,0.85,1.7,,,0.85,3858890875546,PIĆE
VODKA VIGOR 0.10L BADEL 1862,03070916,VIGOR,0.10 l,ko,1.69,16.9,,,1.69,3850112142283,PIĆE
VINO PLAVAC TERRA VINEA 0.75L,90528182,TERRA VINEA,0.75 l,ko,3.99,5.32,,,3.99,3850334519597,PIĆE
CIDER SOMERSBY JABUKA 0.33L NB,03130658,SOMERSBY,0.33 l,ko,1.65,5,,,1.65,7310070764973,PIĆE
VINO MERLOT TERRA VINEA 0.75L,90528190,TERRA VINEA,0.75 l,ko,,4.92,3.69,6.49,4.99,3850334519627,PIĆE
CEDEVITA LIMETA 900g,90571934,CEDEVITA,0.90 kg,ko,6.69,7.43,,,6.39,3850322015025,PIĆE
NAPITAK RED BULL WATERMELON 0.25L,90485717,RED BULL,0.25 l,ko,1.69,6.76,,,1.19,90446016,PIĆE
PIVO LOWENBRAU 0.5 LIM,90092395,LOWENBRAU,0.50 l,ko,1.09,2.18,,,1.05,3850131004715,PIĆE
CEDEVITA LIMUN 200g,04181018,CEDEVITA,0.20 kg,ko,2.19,10.95,,,2.09,3850322003534,PIĆE
VODA DONATURAL MENTA 0.5 L,90889786,DONATURAL,0.50 l,ko,1.69,3.38,,,1.69,3838471056250,PIĆE
NEG PIĆE OMG BUBBLE TEA MARAKUJA 0.27L,90733412,OMG BUBBLE TEA,0.27 l,ko,3.75,13.89,,,3.75,4779033974218,PIĆE
PIĆE GAZ SCHWEPPES PINK GRAPEFR 1L,90484800,SCHWEPPES,1.00 l,ko,1.79,1.79,,,1.79,5449000245236,PIĆE
LIKER TERANINO SPECIAL MOMENTS 0.5 L,90824790,SPECIAL MOMENTS,0.50 l,ko,14.05,28.1,,,14.05,3850334430656,PIĆE
VODA MINERALNA SARA 1.5L,90406990,SARA,1.50 l,ko,0.75,0.5,,,0.55,3875000181779,PIĆE
VODA IZVOR JANA LIM-LIMETA 0.5L,03185021,JANA,0.50 l,ko,1.05,2.1,,,1.05,3858884600932,PIĆE
VINO POŠIP 0.75L VRH BLATO,03020944,BLATO 1902,0.75 l,ko,12.79,17.05,,,12.79,3859888154360,PIĆE
PIVO PAN 0.5L LIMENKA,03130254,PAN,0.50 l,ko,1.49,2.98,,,1.19,3859888291461,PIĆE
NEGAZIRANO PIĆE VIŠNJA YIPPY 0.33L PET,03141847,YIPPY,0.33 l,ko,1.39,4.21,,,1.35,9008700142007,PIĆE
VINO TRAMIN KV 0.75L ILOČKI PODRUM,03020078,ILOČKI PODRUMI,0.75 l,ko,8.05,10.73,,,8.05,3859889556538,PIĆE
SIRUP MALINA 470ml KAPRONCA,90410439,KAPRONCA,0.47 l,ko,6.89,14.66,,,6.89,3859892896201,PIĆE
PIVO OŽUJSKO 6PACK 0.33L LIM ,90705056,OŽUJSKO,1.98 l,ko,5.79,2.92,,,5.65,3850131006061,PIĆE
NEGAZIRANO PIĆE MULTI YIPPY  0.33L,03141848,YIPPY,0.33 l,ko,1.39,4.21,,,1.35,9008700141963,PIĆE
COCKTAIL GORBAT RTD SEXON 0.33L,90404605,GORBATSCHOW,0.33 l,ko,2.99,9.06,,,2.99,4003310017474,PIĆE
ŠIPAK VOĆNI LIKER OD LJUTOG NARA 0.5 NATURA ANTUNOVIC,90404171,NATURA ANTUNOVIC,0.50 l,ko,15.39,30.78,,,15.39,3858890745023,PIĆE
LIKER VIŠNJEVAC 0.7L MARASKA,90186596,MARASKA,0.70 l,ko,11.55,16.5,,,11.55,3850158401146,PIĆE
VISKI JAMESON 0.50 L,90394908,JAMESON,0.50 l,ko,16.59,33.18,,,16.05,5011007015534,PIĆE
NEG PIĆE CAPPY LEMONADE PINK 1.25L,90706213,CAPPY,1.25 l,ko,1.99,1.59,,,1.99,5449000059185,PIĆE
VODA MINERALNA JANA SČ 0.75L,90706885,JANA,0.75 l,ko,0.89,1.19,,,0.89,3858890879353,PIĆE
VINO VRANAC 3L BAG IN BOX VINEA,90311374,VIZBA VALANDOVO,3.00 l,ko,11.49,3.83,,,11.49,5310122000020,PIĆE
PIVO OŽUJSKO COOL 0.5L POV AMB BEZAL,03040105,OŽUJSKO,0.50 l,ko,1.25,2.5,,,1.25,38502293,PIĆE
COCKT RTD PELIN SPRITZ ORANGE 0.25L,90765011,BADEL 1862,0.25 l,ko,2.05,8.2,,,2.05,3850112143099,PIĆE
VINO VRANAC VINEA 1L,90311359,VIZBA VALANDOVO,1.00 l,ko,4.75,4.75,,,4.75,3859892866938,PIĆE
PIVO GRIČKA VJEŠTICA TAMNO NB 0.5L,90132108,MEDVEDGRAD,0.50 l,ko,2.19,4.38,,,2.19,3857500003218,PIĆE
PIVO 5TH ELEMENT ABA 0.5L LIM,90513921,5TH ELEMENT,0.50 l,ko,,4.1,2.05,2.05,2.05,3859892222338,PIĆE
VINO GRAŠEVINA CARSKO 2 L PET,90814790,CARSKO,2.00 l,ko,5.29,2.65,,,5.29,3859892866822,PIĆE
GAZ PIĆE PARTY ORANGE 2L,90183982,PARTY,2.00 l,ko,1.09,0.55,,,1.09,3850334542724,PIĆE
LEDENI ČAJ JANA BRESKVA ZERO 1.5 L,90887122,JANA,1.50 l,ko,1.69,1.13,,,1.69,3856028506324,PIĆE
LEDENI ČAJ LIMUN LIMUNSKA TRAVA 1.5L FUZETEA,90311879,FUZETEA,1.50 l,ko,1.79,1.19,,,1.75,5449000239266,PIĆE
PIVO BAV 0.5L 5+1 GRAT LIM,90248000,BAVARIA,2.50 l,ko,7.95,3.18,,,7.75,8600105004099,PIĆE
SIRUP KOPRIVA  0.5L BOBO,90622959,BOBO,0.50 l,ko,5.29,10.58,,,5.29,3859893313684,PIĆE
VINO SAUVIG BLANC SANTA LUCIA 0.75 l,90800268,SANTA LUCIA,0.75 l,ko,5.69,7.59,,,3.99,7804661040718,PIĆE
CEDEVITA LIMUN XXL 1000g,90675691,CEDEVITA,1.00 kg,ko,6.29,6.29,,,6.39,3850322016169,PIĆE
NEKTAR BRESKVA  FRUCTAL1L,03140489,FRUCTAL,1.00 l,ko,2.39,2.39,,,1.72,3838945508988,PIĆE
SOK PRIRODNI JABUKA-CIKLA 1L MIHALIC,90404017,OPG MIHALIC,1.00 l,ko,4.59,4.59,,,4.59,3857500019431,PIĆE
VINO MALVAZIJA 0.75L VINA LAGUNA,90311356,LAGUNA,0.75 l,ko,8.85,11.8,,,8.85,3858881190443,PIĆE
VISKI GRANTS 0.7L,90062350,WILLIAM GRANTS,0.70 l,ko,15.99,22.83,,,15.99,5010327000404,PIĆE
VINO MERLOT 1L VINA LAGUNA,90311375,LAGUNA,1.00 l,ko,5.45,5.45,,,5.45,3858881190818,PIĆE
PIĆE NEGAZ ALOE V LOTTE NATUR 0.5L,90407096,LOTTE,0.50 l,ko,1.75,3.5,,,1.75,8801056091712,PIĆE
NEGAZ PIĆE CRNI RIBIZL I NAR  FRUCTAL CLASS 1L,90112729,FRUCTAL,1.00 l,ko,,1.59,1.59,1.99,1.89,3838945029247,PIĆE
SIRUP K PLUS MALINA 1L,90703467,K PLUS,1.00 l,ko,2.55,2.55,,,2.55,3850334044358,PIĆE
VINO MALVAZIJA 0.75L ALBA MATOŠEVIĆ,03020196,MATOŠEVIĆ,0.75 l,ko,13.75,18.33,,,13.75,3859892196011,PIĆE
SOK MACE ANANAS KIWI 250ml,90642779,MACE,0.25 l,ko,1.89,7.56,,,1.89,8032523373110,PIĆE
VISKI GLENFIDDICH 12Y 0.7L,03081040,GLENFIDDICH,0.70 l,ko,52.49,74.99,,,52.49,5010327000176,PIĆE
STICK OLDSP WHITEWATER 50ml,90156905,OLD SPICE,0.05 l,ko,4.99,99.8,,,4.99,8700216162180,KOZMETIKA
BOJA OLIA 6.0 LIGHT BROWN,90850038,GARNIER OLIA,1.00 ko,ko,7.59,7.59,,,7.59,3600542601887,KOZMETIKA
SUN BIOBAZA ROYAL PEKM S LJUB.MRKVOM 250ml,90172412,BIOBAZA,0.25 l,ko,13.99,55.96,,,13.99,3856020901370,KOZMETIKA
SPREJ LOREAL MR IZRAST SVIJETLO SMEĐA 75ML,90258682,LOREAL MAGIC RETOUCH,0.08 l,ko,7.49,99.87,,,7.49,3600523192830,KOZMETIKA
ŠAMPON ELSEVE DREAM LONG 250ml,90361927,LOREAL ELSEVE,0.25 l,ko,4.39,17.56,,,4.39,3600523756155,KOZMETIKA
SPREJ NIV PR & BRONZE F30 200 ML,90037995,NIVEA,0.20 l,ko,19.59,97.95,,,19.59,7319470012134,KOZMETIKA
BOJA OLIA 110 SUPERLIGTENER,90850087,GARNIER OLIA,1.00 ko,ko,7.59,7.59,,,7.59,3600542601825,KOZMETIKA
DEO DOVE M COOL FRESH SPRAY 150ml,90214808,DOVE,0.15 l,ko,5.35,35.67,,,5.35,8720181284892,KOZMETIKA
KREMA NOĆ OLEA REGENER 50ml,90362337,OLEA,0.05 l,ko,3.35,67,,,3.35,3850334151315,KOZMETIKA
BOJA PALETTE ICC W2,90090380,PALETTE ICC,1.00 ko,ko,5.49,5.49,,,3.49,9000100883085,KOZMETIKA
PJENA ZA TJEMENICU MUSTELA 150ml,90403685,MUSTELA,0.15 l,ko,9.29,61.93,,,9.29,3504105034405,KOZMETIKA
ZP COLG MAX WHTE PURPLE REV 75ml,90699280,COLGATE,0.08 l,ko,4.19,55.87,,,3.99,8718951540033,KOZMETIKA
KREMA NIVEA 30ML        1015,06599067,NIVEA,0.03 l,ko,,49.67,1.49,2.29,2.29,0000042158486,KOZMETIKA
DEO NIVEA Ž DERMA DRY CONT 150ml,90669207,NIVEA,0.15 l,ko,6.19,41.29,,,4.59,9005800357324,KOZMETIKA
SAPUN LAHOR AROMATHERAPY 80g,90571742,LAHOR,0.08 kg,ko,0.89,11.13,,,0.89,3850105177162,KOZMETIKA
SAPUN LAHOR NATURAL 80g,90571745,LAHOR,0.08 kg,ko,0.89,11.13,,,0.89,3850105177049,KOZMETIKA
KREMA DOVE 150ml MAXI,06590549,DOVE,0.15 l,ko,4.49,29.93,,,4.49,8717163476789,KOZMETIKA
DEO NIVEA M ULTRA FRESH 150 ml,90775359,NIVEA,0.15 l,ko,5.29,35.27,,,5.29,9005800379227,KOZMETIKA
KREMA LOREAL DE AGE SPEC 65+ NOĆ 50ML,90282093,LOREAL,0.05 l,ko,9.99,199.8,,,9.99,3600523408979,KOZMETIKA
ČETKICA SIGNAL SENSISOFT CLEAN 2/1,90702700,SIGNAL,2.00 ko,ko,3.49,1.75,,,3.49,8720181275401,KOZMETIKA
KREMA NIVEA SOFT 200ML 0507,06590159,NIVEA,0.20 l,ko,,29.25,5.85,8.39,8.39,4005808758968,KOZMETIKA
DEO BOROTALCO 150ML,08163668,BOROTALCO,0.15 l,ko,,19.93,2.99,4.69,3.99,8002410040388,KOZMETIKA
KUPKA FA PINK JASMIN 750ml,90703155,FA,0.75 l,ko,5.99,7.99,,,3.99,9000101010336,KOZMETIKA
BOJA PALETTE DELUXE 750  2196,06542976,PALETTE DELU,1.00 ko,ko,,4.79,4.79,4.79,4.79,3838824176932,KOZMETIKA
SAPUN TEK PALM LHS DOYP MILK&HONEY 1L,90311122,PALMOLIVE,1.00 l,ko,5.25,5.25,,,4.99,8714789992013,KOZMETIKA
TRAKE VEET PURE LICE 20/1,90572175,VEET,20.00 ko,ko,6.05,0.3,,,5.09,5997321774497,KOZMETIKA
ZP SENS EX WHIT 75ml X2 DUO PACK,90377232,SENSODYNE,0.15 kg,ko,5.89,39.27,,,4.99,5054563234209,KOZMETIKA
ROLL ON FA SPORT 50ml    9877,06552425,FA,0.05 l,ko,3.99,79.8,,,3.99,9000100219877,KOZMETIKA
ZP COLGATE PROPOLIS 2X75 ml,90775125,COLGATE,0.15 l,ko,,16.61,2.49,3.55,3.39,6920354837418,KOZMETIKA
BOJA EXCELLENCE 8.11,90483484,LOREAL EXCELLANCE,1.00 ko,ko,9.99,9.99,,,9.99,3600523939664,KOZMETIKA
PATRONE GILL MACH3 TURBO 5/1,90478655,GILLETTE,5.00 ko,ko,15,3,,,15,7702018552344,KOZMETIKA
LAK SYOSS FULL HAIR 5D 300ML,90129668,SYOSS,0.30 l,ko,6.19,20.63,,,4.65,9000100906241,KOZMETIKA
SPREJ TAFT LOVELY LONG 150 ml,90850652,TAFT,0.15 l,ko,,31.93,4.79,5.99,5.99,9000101735710,KOZMETIKA
MLIJEKO AMBR SOL SPF30 175 ml,90887218,GARNIER AMBRE SOLAIR,0.18 l,ko,16.99,97.09,,,16.99,3600542624916,KOZMETIKA
PJENA TAFT GLANZ 200ml  3667,06542678,TAFT,0.20 l,ko,,19.95,3.99,4.99,4.99,3838824083667,KOZMETIKA
LAK TAFT VOLUMEN 250ml,06540607,TAFT,0.25 l,ko,,15.96,3.99,4.99,4.99,3838824058245,KOZMETIKA
MARAMICE VIOLETA MAKE UP 60/1,90146946,VIOLETA,60.02 ko,ko,3.99,0.07,,,3.99,3870128005334,KOZMETIKA
BOJA COLOR NAT 7.40 COPPER PASSION,90800400,GARNIER COL NATURALS,1.00 ko,ko,,3.99,3.99,4.99,4.99,3600542617307,KOZMETIKA
BOJA SYOSS OLEO 7-10 PRIR PLAVA,90059997,SYOSS OLEO,1.00 ko,ko,7.99,7.99,,,7.99,9000100814461,KOZMETIKA
BOJA SYOSS OLEO 4-86 ČOKO SMEĐA,90213254,SYOSS OLEO,1.00 ko,ko,7.99,7.99,,,7.99,9000100927055,KOZMETIKA
ZP COLGATE ADVANCED WHITE 2X75 ml,90775310,COLGATE,0.15 l,ko,,30.6,4.59,5.39,5.09,8718951630031,KOZMETIKA
JELLY OLIVAL SUN COCO 100 ml,90785101,OLIVAL,0.10 l,ko,7.99,79.9,,,7.99,3858892695036,KOZMETIKA
SAPUN DALAN OCEAN 100g,90425464,DALAN,0.10 kg,ko,0.49,4.9,,,0.49,8690529507634,KOZMETIKA
STICK OLD SPICE NIGHT PANTHER 50ml,90598666,OLD SPICE,0.05 l,ko,4.99,99.8,,,4.99,8700216884617,KOZMETIKA
KREMA NIVEA Q10 ENERGY 50ml,90082492,NIVEA,0.05 l,ko,,237,11.85,18.19,18.19,9005800227320,KOZMETIKA
KUPKA K PLUS OLEA ALOE/JOG 750ml,06524211,OLEA,0.75 l,ko,1.89,2.52,,,1.89,3850334568380,KOZMETIKA
DEO DOVE INVISIBLE DRY M 150ml,06550371,DOVE,0.15 l,ko,5.35,35.67,,,5.35,8720181284373,KOZMETIKA
VODICA ZA USTA LACALUT AKTIV 300ml,90092310,LACALUT,0.30 l,ko,5.59,18.63,,,5.59,4016369726297,KOZMETIKA
ŠAMPON SYOSS REPAIR TH 440ml,90424986,SYOSS,0.44 l,ko,,10.2,4.49,6.49,4.49,9000101276879,KOZMETIKA
KREMA VEET NORMALNA KOŽA 100ML,06594886,VEET,0.10 l,ko,5.95,59.5,,,5.49,5997321773445,KOZMETIKA
BRIJAČ JEDNOK GILL BLUE2 PLUS 5/1,90703238,GILLETTE,5.00 ko,ko,5.19,1.04,,,5.19,3014260283254,KOZMETIKA
STICK REXONA Ž BRIGHT 50 ml,90885144,REXONA,0.05 l,ko,4.75,95,,,4.75,59002222,KOZMETIKA
GEL NIVEA SENSITIVE 200ML 7405,06561992,NIVEA,0.20 l,ko,,26.45,5.29,7.59,7.59,4005808265312,KOZMETIKA
ZP COLGATE MAX WHITE ONE OPTIC 75ML,90155331,COLGATE,0.08 l,ko,3.99,53.2,,,3.99,8718951050860,KOZMETIKA
GEL NIVEA MILD 200ML,06560043,NIVEA,0.20 l,ko,,27.95,5.59,7.59,7.59,9005800394732,KOZMETIKA
BOJA OLIA 4.0 DARK BROWN,90850094,GARNIER OLIA,1.00 ko,ko,7.59,7.59,,,7.59,3600542601849,KOZMETIKA
ŠAMPON L'ANGEL MASNA KOSA 750ml,90669793,L ANGELICA,0.75 l,ko,5.29,7.05,,,5.29,8017331089446,KOZMETIKA
DEO NIVEA M BLACK&WHITE POWER 250ml,90597890,NIVEA,0.25 l,ko,7.19,28.76,,,7.19,4005808730735,KOZMETIKA
BOJA PALETTE ICC BW12 NUDE SVIJETLOPLAVA,90264176,PALETTE ICC,1.00 ko,ko,5.49,5.49,,,3.49,9000101024449,KOZMETIKA
BRIJAČ WILKINSON CLASSIC + 5 BRITVICA,06630872,WILKINSON,5.00 ko,ko,,0.75,3.75,3.75,6.19,4027800015504,KOZMETIKA
SPREJ SYOSS KERAT HEAT PROT 200ml,90598490,SYOSS,0.20 l,ko,6.49,32.45,,,4.89,9000101049299,KOZMETIKA
ŠAMPON H&S CLASSIC CLEAN 500 ml,90771201,HEAD&SHOULDE,0.50 l,ko,8.29,16.58,,,8.29,8700216157933,KOZMETIKA
PJENA ZA BRIJANJE NIVEA SENS COOLING 200ML,90168654,NIVEA,0.20 l,ko,,17.75,3.55,5.09,5.09,9005800249209,KOZMETIKA
VODA MICEL SN HYAL ALOE 400ml,90478266,GARNIER,0.40 l,ko,7.79,19.48,,,7.79,3600542396608,KOZMETIKA
ČETK COLGATE CHOARCOAL,90155337,COLGATE,1.00 ko,ko,4.39,4.39,,,4.39,8714789954431,KOZMETIKA
BOJA LOREAL CAST CREME GLOSS 780,90235533,LOREAL CASTING CREME GLOSS,1.00 ko,ko,7.99,7.99,,,7.99,3600523281817,KOZMETIKA
ZP SENSOD FLUOR DUO PACK 75ml X2,90324878,SENSODYNE,0.15 l,ko,5.89,39.27,,,4.99,5054563186942,KOZMETIKA
ROLL ON FA PINK P 50ml  6193,06550257,FA,0.05 l,ko,3.99,79.8,,,3.99,9000100326193,KOZMETIKA
MLIJEKO AMBRE SOL SPF30 200ml,90064107,GARNIER AMBRE SOLAIR,0.20 l,ko,18.29,91.45,,,18.29,3600540304520,KOZMETIKA
ŠAMPON L'ANGEL ZA SJAJ 750ml,90669817,L ANGELICA,0.75 l,ko,5.29,7.05,,,5.29,8017331089460,KOZMETIKA
GEL ZA TUŠ PALM KIDS 750ML,90167402,PALMOLIVE,0.75 ko,ko,,6.65,4.99,4.69,6.49,8693495042857,KOZMETIKA
GEL TUŠ OLEA MEDITERAN LAVAN 250ml,90735090,OLEA,0.25 l,ko,1.99,7.96,,,1.99,3850334099884,KOZMETIKA
BOJA COLOR NAT 1 5593,06542042,GARNIER COL NATURALS,1.00 ko,ko,,3.99,3.99,4.99,4.99,3600540335593,KOZMETIKA
REGENER OLEA OŠTEĆENA KOSA 300ml,90735088,OLEA,0.30 l,ko,,2.97,0.89,1.29,1.29,3850334073730,KOZMETIKA
SAPUN TEK DAISY ALOE VERA 1L,90140399,DAISY,1.00 l,ko,1.15,1.15,,,1.15,3850334406231,KOZMETIKA
PUDER MIRISNI FELCE KUTIJA 200G,90649192,FELCE AZZURA,1.00 ko,ko,2.99,2.99,,,2.99,8001280026225,KOZMETIKA
DEO GARN PROT 5 FRESH FLORAL 150ml,90080855,GARNIER,0.15 l,ko,4.99,33.26,,,4.99,3600542119825,KOZMETIKA
ŠAMPON H&S 2IN1 APPLE 330 ml,90771183,HEAD&SHOULDE,0.33 l,ko,6.69,20.27,,,6.69,8700216304689,KOZMETIKA
BRIJAČ GILL BLUE3  6+2KOM LIGA PRVAKA,90402225,GILLETTE,8.00 ko,ko,10.98,1.37,,,10.98,7702018531783,KOZMETIKA
MASKA PANTENE MIRAC HYDRATION 300 ml,90771236,PANTENE,0.30 l,ko,15.99,53.3,,,15.99,8700216173346,KOZMETIKA
ZP KALODONT CANNAB WHITE 75ml,90571768,KALODONT,0.08 l,ko,1.79,23.87,,,1.79,3850105178633,KOZMETIKA
SAPUN OLEA WHITE FLOWER 100 g,90745924,OLEA,0.10 kg,ko,0.59,5.9,,,0.59,3850334071248,KOZMETIKA
BOJA PALETTE DELUXE 240 ZAG HLAD PLAVA,90362877,PALETTE DELU,1.00 ko,ko,,4.79,4.79,4.79,4.79,9000101234206,KOZMETIKA
SAPUN LAHOR SENSITIVE 80g,90571758,LAHOR,0.08 kg,ko,0.89,11.13,,,0.89,3850105176950,KOZMETIKA
DEO SPR MELEM RUŽA 150ml,90403186,MELEM,0.15 l,ko,4.19,27.93,,,3.99,3856007907616,KOZMETIKA
DEO NIVEA Ž FRE SPR 150ml 6016,06555059,NIVEA,0.15 l,ko,5.39,35.93,,,5.39,4005808723256,KOZMETIKA
LOSION OLDSP WHITW 100ml,06560033,OLD SPICE,0.10 l,ko,8.49,84.9,,,8.49,5000174440256,KOZMETIKA
BOJA OLIA 6.3 GOLDEN LIGHT BROWN,90850081,GARNIER OLIA,1.00 ko,ko,7.59,7.59,,,7.59,3600542601894,KOZMETIKA
ČETKICA ELMEX JUNIOR,90214928,ELMEX,1.00 ko,ko,,2.79,2.79,2.99,3.99,7610108043583,KOZMETIKA
MLIJEKO OLEA DJEČJ SPF50 200ml,90360515,OLEA,0.20 l,ko,6.99,34.95,,,6.99,3850334153890,KOZMETIKA
BRIJAČ JEDNOK GILL SENSIT 3KOM,90353569,GILLETTE,3.00 ko,ko,5.29,1.76,,,5.29,7702018490080,KOZMETIKA
KREMA TIJ OLEA MEDITER SMILJE 250ml,90735111,OLEA,0.25 l,ko,2.99,11.96,,,2.99,3850334099846,KOZMETIKA
BOJA OLIA 5.0 BROWN,90850055,GARNIER OLIA,1.00 ko,ko,7.59,7.59,,,7.59,3600542601870,KOZMETIKA
DEO NIVEA FRESH M 150ml,06555058,NIVEA,0.15 l,ko,5.29,35.27,,,5.29,9005800373331,KOZMETIKA
ODSTR LAKA AFR ULJ BIOT 125ml,90423221,AFRODITA,0.13 l,ko,4.29,34.32,,,3.79,3831070655169,KOZMETIKA
ZP MAX WHITE SHINE 125ml,90280232,COLGATE,0.13 l,ko,,16.72,2.09,2.99,2.99,8718951312845,KOZMETIKA
GEL TUŠ NIVEA FOR MEN ACTIVE CLEAN 500ML,90235084,NIVEA,0.50 l,ko,6.69,13.38,,,6.69,9005800243306,KOZMETIKA
DEO NIVEA Ž PEARL&B BLACK 150ml,90598444,NIVEA,0.15 l,ko,5.39,35.93,,,3.99,9005800356112,KOZMETIKA
REGEN PANTENE REPAIR&PROTECT 220 ml,90850364,PANTENE,0.22 l,ko,4.99,22.68,,,4.99,8700216500616,KOZMETIKA
ZP BIOREPAIR PRO WHITE 75ml,90572448,BIOREPAIR,0.08 l,ko,,39.87,2.99,4.35,4.35,8017331073773,KOZMETIKA
BOJA SYOSS OLEO 6-80 LJEŠNJ PLAVA,90065464,SYOSS OLEO,1.00 ko,ko,7.99,7.99,,,7.99,9000100840897,KOZMETIKA
SAPUN TEK PALM LHS DOYP ALMOND 1L,90282231,PALMOLIVE,1.00 l,ko,5.25,5.25,,,4.99,8714789991993,KOZMETIKA
KREMA ZA RUKE ATRIX 150ML 0047,06590145,ATRIX,0.15 l,ko,3.99,26.6,,,3.99,9005800375519,KOZMETIKA
BOJA COLOR NAT 5.25 OPAL MAHOGA,90800422,GARNIER COL NATURALS,1.00 ko,ko,,3.49,3.49,4.99,4.99,3600542617260,KOZMETIKA
SAPUN DOVE BEAUTY CREAM 4X90g,90598307,DOVE,0.36 kg,ko,6.49,18.03,,,6.49,8720181481529,KOZMETIKA
DET ČARLI KAMILICA 900ml,90468640,ČARLI,0.90 l,ko,2.69,2.99,,,2.55,3850111304156,SREDSTVA ZA ČIŠĆENJE
DET ČARLI KAMILICA 450ml,90468626,ČARLI,0.45 l,ko,1.39,3.09,,,1.29,3850111304149,SREDSTVA ZA ČIŠĆENJE
OM VIOLETA GOLD 1.55L,90699059,VIOLETA,1.55 l,ko,,1.93,2.99,3.99,4.55,3870128035294,SREDSTVA ZA ČIŠĆENJE
ARF STAKLO LAV SMILJE 650ML,90648080,ARF,0.65 l,ko,,2.45,1.59,1.49,1.49,3850105181138,SREDSTVA ZA ČIŠĆENJE
DET JAR PLAT LEMON 65 TAB,90662895,JAR ADW,65.02 ko,ko,36.79,0.57,,,36.79,8006540750216,SREDSTVA ZA ČIŠĆENJE
MARAMICE VL K PLUS DAX PARK&LAM 15/1,90064089,DAX,15.00 ko,ko,,0.09,1.29,1.99,1.99,3850334520104,SREDSTVA ZA ČIŠĆENJE
VANISH WHITE POWDER 470 g,90899657,VANISH,0.47 kg,ko,,15.11,7.1,8.89,8.89,5997321747781,SREDSTVA ZA ČIŠĆENJE
OM ECOVER GARDENIA&VANILLA 750ml,90600499,ECOVER,0.75 l,ko,3.29,4.39,,,3.19,5000204247121,SREDSTVA ZA ČIŠĆENJE
DET JAR ALL IN ONE LEMON 67 TAB,90662763,JAR ADW,67.02 ko,ko,28.49,0.43,,,28.49,8006540749999,SREDSTVA ZA ČIŠĆENJE
DET NILA MY SENSUAL BLACK 3.7L,90593633,NILA,3.70 l,ko,4.79,1.29,,,4.99,3850105180735,SREDSTVA ZA ČIŠĆENJE
OSVJ SHAKE ORMAR LAVANDA 3/1,90890128,SHAKE,1.00 ko,ko,,1.99,1.99,2.99,1.89,3859890779353,SREDSTVA ZA ČIŠĆENJE
DOMESTOS IZBJELJ RUBLJA 750ML 7575,08035037,DOMESTOS,0.75 l,ko,,3.45,2.59,3.29,2.99,5996358008773,SREDSTVA ZA ČIŠĆENJE
CEKINA EUKALIPTUS 1 l,90895366,CEKINA,1.00 l,ko,2.19,2.19,,,2.19,3850111505737,SREDSTVA ZA ČIŠĆENJE
DET ARIEL COLOR 1.125 L=25 PR,90886375,ARIEL,1.13 l,ko,,7.99,8.99,13.99,13.99,8700216691925,SREDSTVA ZA ČIŠĆENJE
DET JAR APPLE 1.35 L,90895416,JAR HDW,1.35 l,ko,6.59,4.88,,,6.59,8001090621764,SREDSTVA ZA ČIŠĆENJE
DET JAR APPLE 450ML,90232321,JAR HDW,0.45 l,ko,,4.42,1.99,1.99,2.39,4015400922599,SREDSTVA ZA ČIŠĆENJE
SRED FROSCH KUPAON LIMUN 500ml,08030569,FROSCH,0.50 l,ko,,4.26,2.13,3.05,3.05,4009175941541,SREDSTVA ZA ČIŠĆENJE
OM SILAN SENSITIVE 880ml,90713189,SILAN,0.88 l,ko,1,1.14,,,3.65,9000101590531,SREDSTVA ZA ČIŠĆENJE
VANISH POW PINK 625g,90362926,VANISH,0.63 kg,ko,10,16,,,10,5997321747798,SREDSTVA ZA ČIŠĆENJE
ARF GRILL 650ml,90109087,ARF,0.65 l,ko,,4.05,2.63,3.29,2.59,3850105149961,SREDSTVA ZA ČIŠĆENJE
FINISH QUANTUM AIO LEMON 36TAB,90785458,FINISH ADW,36.00 ko,ko,17.49,0.49,,,17.49,5999109581532,SREDSTVA ZA ČIŠĆENJE
LENOR MIRISNE PERLICE SPR AWAKE 210 g ,90826004,LENOR,0.21 kg,ko,4,19.05,,,4,8001841182193,SREDSTVA ZA ČIŠĆENJE
DET PERSIL SENSITIVE 0.99kg=18PR,90744967,PERSIL,0.99 kg,ko,9.99,10.09,,,9.99,9000101802689,SREDSTVA ZA ČIŠĆENJE
CERESIT STOP VLAZI AP+TAB 450g,08030674,CERESIT,1.00 ko,ko,18.49,18.49,,,18.49,5997272386954,SREDSTVA ZA ČIŠĆENJE
DET PERSIL COLOR 68TAB,90887375,PERSIL,67.98 ko,ko,19.99,0.29,,,19.99,9000101826746,SREDSTVA ZA ČIŠĆENJE
EMSAL ZA DRVENE POVRŠINE 1 L,90809653,EMSAL,1.00 l,ko,4.25,4.25,,,4.25,4009175964595,SREDSTVA ZA ČIŠĆENJE
WC NET GEL CRYSTAL CITRUS FRESH 750ml,90362426,WC NET,0.75 l,ko,3.45,4.6,,,3.45,8003650014719,SREDSTVA ZA ČIŠĆENJE
SOMAT GEL EXCELLENCE LEMON 684ml,90785477,SOMAT,0.68 l,ko,17.99,26.3,,,17.99,9000101818147,SREDSTVA ZA ČIŠĆENJE
DET LIKVI BALS PEACH&MINT 900 ml,90899752,LIKVI,0.90 l,ko,,2.21,1.99,2.52,2.55,3850105189530,SREDSTVA ZA ČIŠĆENJE
SOMAT MACHINE CLEANER 5/1,90759816,SOMAT,5.00 ko,ko,8.99,1.8,,,4.49,9000101388633,SREDSTVA ZA ČIŠĆENJE
CILLIT BRIL DUO 500ML   1037,08030070,CILLIT,0.50 l,ko,4.59,9.18,,,4.59,5997321761992,SREDSTVA ZA ČIŠĆENJE
DET PERSIL FBS 1.98kg=36PR,90744950,PERSIL,1.98 kg,ko,16.99,8.58,,,9.99,9000101804959,SREDSTVA ZA ČIŠĆENJE
DET ARIEL FRESH 2.2 kg=40PR,90886302,ARIEL,2.20 kg,ko,17.99,8.18,,,17.99,8700216733458,SREDSTVA ZA ČIŠĆENJE
WC NET CRYSTAL PINK FLOWERS 750ml,90354338,WC NET,0.75 l,ko,3.45,4.6,,,3.45,8003650011954,SREDSTVA ZA ČIŠĆENJE
DET ARIEL EX STAIN REMOVAL 26TAB,90886268,ARIEL,26.00 ko,ko,17.99,0.69,,,17.99,8700216765305,SREDSTVA ZA ČIŠĆENJE
OM LENOR PT LOTUS DIAMOND 1.239 L,90886184,LENOR,1.24 l,ko,,3.22,3.99,7.39,7.39,8700216723756,SREDSTVA ZA ČIŠĆENJE
DET PERWOLL BLOSSOM 1L=20PR,90745039,PERWOLL,1.00 l,ko,4,4,,,9.99,9000101810356,SREDSTVA ZA ČIŠĆENJE
DET LIKVI BALS PEACH&MINT 450 ml,90899746,LIKVI,0.45 l,ko,1.39,3.09,,,1.39,3850105189509,SREDSTVA ZA ČIŠĆENJE
DET JAR TEATREE&MINT 1.35ML,90232445,JAR HDW,1.35 l,ko,5,3.7,,,6.59,8001090621887,SREDSTVA ZA ČIŠĆENJE
DET JAR PLATINUM LIMUN 90TAB,90667737,JAR ADW,90.01 ko,ko,19.99,0.22,,,20.99,8006540750469,SREDSTVA ZA ČIŠĆENJE
DET ARIEL MOUNTAIN SPRI 2.25 L=50PR,90886346,ARIEL,2.25 l,ko,15,6.67,,,21.99,8700216691147,SREDSTVA ZA ČIŠĆENJE
WC NET CRYSTAL BLUE FRESH 750ml,90354329,WC NET,0.75 l,ko,3.45,4.6,,,3.45,8003650011930,SREDSTVA ZA ČIŠĆENJE
DET PERSIL STAIN REMOVAL 11TAB,90744961,PERSIL,11.00 ko,ko,9.99,0.91,,,9.99,9000101802436,SREDSTVA ZA ČIŠĆENJE
OM COCCOLINO KONC BLUE SPLASH 1.7 L,90785303,COCCOLINO,1.70 l,ko,6.99,4.11,,,6.99,8720181410680,SREDSTVA ZA ČIŠĆENJE
DET WEISSER RIE GEL UNIV 2.25L 50pr,90698974,WEISSER RIESE,2.25 l,ko,16.99,7.55,,,16.99,9000101564365,SREDSTVA ZA ČIŠĆENJE
SRED FROSCH UNIV KUHINJA 500ml,08034514,FROSCH,0.50 l,ko,,4.26,2.13,3.05,3.05,4009175953674,SREDSTVA ZA ČIŠĆENJE
OM DUEL SOFT LOTUS 1.6 L,90895394,DUEL,1.60 l,ko,4.99,3.12,,,4.99,8606015846880,SREDSTVA ZA ČIŠĆENJE
OM DAX MISTERY 2L,90577908,DAX,2.00 l,ko,2,1,,,2.79,3838900962381,SREDSTVA ZA ČIŠĆENJE
DET JAR TEATREE&MINT 450ML,90232330,JAR HDW,0.45 l,ko,,4.42,1.99,1.99,2.39,4015400991311,SREDSTVA ZA ČIŠĆENJE
PAPIR ZA PEČENJE AIR FRY FINO 25/1,90949917,FINO,25.00 ko,ko,2.89,0.12,,,2.89,5201314196389,PROIZVODI ZA KUĆANSTVO
FOLIJA PRIJANJAJUĆA LIST FINO 100/1,90949919,FINO,100.00 ko,ko,2.29,0.02,,,2.29,5201314198499,PROIZVODI ZA KUĆANSTVO
SALV PALOMA BOŽIĆ SWEET 33X33 20/1,90965309,PALOMA,20.00 ko,ko,2.29,0.11,,,2.29,3838952036658,PROIZVODI ZA KUĆANSTVO
TOMI MP 3 VRSTE PERADI 400 g,90976102,TOMI,0.40 kg,ko,1.69,4.23,,,1.69,4003024001608,PROIZVODI ZA KUĆANSTVO
SALV PALOMA RABB NAT 33X33 3SL 20/1,90885066,PALOMA,1.00 ko,ko,1.69,1.69,,,2.29,3838952036023,PROIZVODI ZA KUĆANSTVO
ONE MM PILETINA MAHUNE 85g,90362327,ONE,0.09 kg,ko,1.19,14,,,1.19,7613036936811,PROIZVODI ZA KUĆANSTVO
REKORD SPUŽVA PREMIUM 2/1,90732219,REKORD TIM,2.00 ko,ko,1.49,0.75,,,1.49,3858882684606,PROIZVODI ZA KUĆANSTVO
BUDDY SP MINI 1.5KG SENSITIVE,90674240,BUDDY,1.50 kg,ko,3.99,2.66,,,3.99,3850334019288,PROIZVODI ZA KUĆANSTVO
VREĆE ZA SMEĆE POJAČANE FINO 120L 10/1,90570365,FINO,10.00 ko,ko,,0.31,3.11,3.89,3.89,5201314932024,PROIZVODI ZA KUĆANSTVO
KITEKAT MM PILETINA 85g VR,90726544,KITEKAT,0.09 kg,ko,0.75,8.82,,,0.75,5900951307355,PROIZVODI ZA KUĆANSTVO
RUČNIK PAP VIOLETA MEGA 2SL 1/1 460 LIST,90408416,VIOLETA,1.00 ko,ko,4.91,4.91,,,4.91,3870128011946,PROIZVODI ZA KUĆANSTVO
SPUŽVA  ABR ANTIBAKT VILEDA ULT FR 2/1,90603080,VILEDA,2.00 ko,ko,,0.98,1.95,3.25,3.25,4023103200982,PROIZVODI ZA KUĆANSTVO
PEDIGREE DENTASTIX MALI 110G,01640063,PEDIGREE,0.11 kg,ko,2.19,19.91,,,2.19,5010394984577,PROIZVODI ZA KUĆANSTVO
WHISKAS MM PD MIX 4X85G,90678123,WHISKAS,0.34 kg,ko,2.75,8.09,,,2.75,5900951303319,PROIZVODI ZA KUĆANSTVO
SPUŽVA ABRAZIVNA DAX 2/1,90289992,DAX,2.00 ko,ko,0.4,0.2,,,0.4,3850334608239,PROIZVODI ZA KUĆANSTVO
FRIEND MM LOSOS 100g,90719887,FRIEND,0.10 kg,ko,0.59,5.9,,,0.59,3870547072528,PROIZVODI ZA KUĆANSTVO
SALV PALOMA U EGG WR 33X33 3SL 20/1,90885062,PALOMA,1.00 ko,ko,1.69,1.69,,,2.29,3838952035972,PROIZVODI ZA KUĆANSTVO
SPUŽVE VILEDA ABRAZ RAINB 10/1 3241,05356025,VILEDA,10.00 ko,ko,,0.23,2.25,3.75,3.75,4023103242944,PROIZVODI ZA KUĆANSTVO
METLA VANJSKA BEZ DRŠKE DAX,90276277,DAX,1.00 ko,ko,2.92,2.92,,,2.92,3850334599919,PROIZVODI ZA KUĆANSTVO
PEDIGREE MULTI BISCROK 500G,90158454,PEDIGREE,0.50 kg,ko,,6.38,3.19,3.99,3.99,5998749127322,PROIZVODI ZA KUĆANSTVO
HRANA ZA VANJ PTICE HOBBY PROG 850g,90335202,VITAKRAFT,0.85 kg,ko,1.99,2.34,,,1.99,3023610249888,PROIZVODI ZA KUĆANSTVO
FRISKIES MM PILETINA UMAK 85g,90381983,FRISKIES,0.09 kg,ko,0.59,6.94,,,0.59,7613036964043,PROIZVODI ZA KUĆANSTVO
FOLIJA PRIJANJAJUĆA FINO 30m,90364654,FINO,30.00 m,ko,2.09,0.07,,,2.09,5201314951117,PROIZVODI ZA KUĆANSTVO
RUKAVICE SEMPERIT L-9   7680,05570988,SEMPERIT,1.00 ko,ko,1.69,1.69,,,1.69,9001570497680,PROIZVODI ZA KUĆANSTVO
SALV PALOMA BOŽIĆ RED GREEN 33X33 20/1,90800094,PALOMA,20.00 ko,ko,2.29,0.11,,,2.29,3838952035613,PROIZVODI ZA KUĆANSTVO
RUKAVICE JEDNOKRATNE FINO L 10/1,90570132,FINO,10.00 ko,ko,2.29,0.23,,,2.29,8606013471442,PROIZVODI ZA KUĆANSTVO
CESAR MP IZBOR U UMAKU 4X100g,90335170,CESAR,0.40 kg,ko,3.79,9.48,,,3.79,5900951253553,PROIZVODI ZA KUĆANSTVO
WANPY CAT CREAMY TUNA I ŠKAMPI 5x14g,90707548,WANPY,0.07 kg,ko,2.39,34.14,,,2.39,6927749871095,PROIZVODI ZA KUĆANSTVO
POSLASTICA SP BONAS PILET 80g VITAK,01642197,VITAKRAFT,0.08 kg,ko,3.35,41.88,,,3.35,4008239585813,PROIZVODI ZA KUĆANSTVO
RUKAVICE VILEDA EXTRA SENSATION L,90570108,VILEDA,1.00 ko,ko,,2.79,2.79,3.99,3.99,4023103073944,PROIZVODI ZA KUĆANSTVO
PEDIGREE MULTI BISCROC 200g,01641536,PEDIGREE,0.20 kg,ko,,7.15,1.43,1.79,1.79,9003579302545,PROIZVODI ZA KUĆANSTVO
VREĆA SMEĆE EXTRA JAKE 35 l 15/1 ALUFIX,90754958,ALUFIX,15.00 ko,ko,3.35,0.22,,,3.35,4823071657890,PROIZVODI ZA KUĆANSTVO
VOLI VOLI SP RIBA 5 kg,90886259,VOLI VOLI,5.00 kg,ko,15.99,3.2,,,15.99,3859893822841,PROIZVODI ZA KUĆANSTVO
DARLING SP MESO POVR 3KG,01640595,DARLING,3.00 kg,ko,,2,5.99,8.99,8.99,7613032933760,PROIZVODI ZA KUĆANSTVO
PEDIGREE MP JUNIOR PILET 100G VR,01647061,PEDIGREE,0.10 kg,ko,0.89,8.9,,,0.89,5900951017247,PROIZVODI ZA KUĆANSTVO
BUDDY MP PURETINA 405G,90648745,BUDDY,0.41 kg,ko,0.99,2.44,,,0.99,3850334018175,PROIZVODI ZA KUĆANSTVO
BUDDY MP GOVED 1250g,01647058,BUDDY,1.25 kg,ko,1.89,1.51,,,1.89,3850334018137,PROIZVODI ZA KUĆANSTVO
WHISKAS TEMPTAT LOSOS 60g,90733600,WHISKAS,0.06 kg,ko,1.89,31.5,,,1.89,5998749146736,PROIZVODI ZA KUĆANSTVO
LOPATICA METLICA DAX,90276261,DAX,1.00 ko,ko,,1.39,1.39,1.99,1.99,3850334599735,PROIZVODI ZA KUĆANSTVO
ČISTAČ POS VILEDA PURACTIV 2/1,90230650,VILEDA,2.00 ko,ko,,1.35,2.7,3.85,3.85,4023103070240,PROIZVODI ZA KUĆANSTVO
RUČNIK OLALA BUTLER 2/1 3SL,90493337,OLALA,2.00 ko,ko,4.99,2.5,,,3,3858893272816,PROIZVODI ZA KUĆANSTVO
BRISAČ PODA MIKROFIBRA ZAMJ KRPA DAX,90276230,DAX,1.00 ko,ko,,2.45,2.45,3.35,3.32,3850334599438,PROIZVODI ZA KUĆANSTVO
FRISKIES MM LOS. TUN. BAK. SARD 4X85g,90382002,FRISKIES,0.34 kg,ko,2.29,6.74,,,2.29,7613036987394,PROIZVODI ZA KUĆANSTVO
KRPA VILEDA MICROFIBRE COL 4/1,90303223,VILEDA,4.00 ko,ko,,1.22,4.89,6.99,6.99,4023103192577,PROIZVODI ZA KUĆANSTVO
PEDIGREE RODEO GOVEDINA 123g,90405352,PEDIGREE,0.12 kg,ko,,11.63,1.43,1.79,1.79,5998749141007,PROIZVODI ZA KUĆANSTVO
VREĆA SMEĆE 120L 10/1 OPTIPLAST,90187419,OPTIPLAST,10.00 ko,ko,2.65,0.27,,,2.65,3859891367825,PROIZVODI ZA KUĆANSTVO
KITTY SM RIBA 400G,01640552,KITTY,0.40 kg,ko,0.95,2.38,,,0.95,3850334046833,PROIZVODI ZA KUĆANSTVO
FELIX MM PILETINA 85g,90582728,FELIX,0.09 kg,ko,0.79,9.29,,,0.79,7613287489975,PROIZVODI ZA KUĆANSTVO
CAPPUCCINO PISTACH 8/1 144 g FRANCK,90949743,FRANCK,0.14 kg,ko,,22.85,3.29,3.89,3.89,3850291056043,HRANA
KOKICE SPECIAL M MALINA PVC 70 g,90955946,SPECIAL MOMENTS,0.07 kg,ko,2,28.57,,,3.99,3850334442406,HRANA
KOKICE SPECIAL M TARTUF PVC 25 g,90955963,SPECIAL MOMENTS,0.03 kg,ko,2,80,,,3.99,3850334442444,HRANA
SIR TRAPIST 350 g GAZI,90970434,GAZI,0.35 kg,ko,3.99,11.4,,,3.99,4002566040373,HRANA
MASLINE ZEL OTKOŠ 700/320 g OLYMP,90950565,OLYMP,0.32 kg,ko,3.99,12.47,,,3.99,5201409804618,HRANA
SV SL I LEĐA BK 840G XXL,90950595,PIK VRBOVEC,0.84 kg,ko,5.99,7.13,,,5.99,3850139280401,HRANA
SV SL I LEĐA SK 860G XXL,90950600,PIK VRBOVEC,0.86 kg,ko,5.49,6.38,,,5.49,3850139280395,HRANA
RIBLJA JUHA 500 g,90929952,FISHERIJA,0.50 kg,ko,5.99,11.98,,,5.99,8055323490160,HRANA
TEMELJAC OD ŠKAMPA 450 g,90929955,FISHERIJA,0.45 kg,ko,4.99,11.09,,,4.99,3858892086711,HRANA
KINDER ADVENTSKI KALENDAR 149 g,90975150,FERRERO,0.15 kg,ko,2,13.42,,,8.49,8000500390825,HRANA
RAVNI KULEN  NARESCI 80 g DOBRO,90949794,DOBRO,0.08 kg,ko,1.49,18.63,,,1.89,3850133804221,HRANA
ČAJ PRIMORSKI RAJ 20/1 50 g PODRAVKA,90949836,PODRAVKA,0.05 kg,ko,2.85,57,,,2.85,3838700393415,HRANA
PRALINE SPECIAL M PISTACIJA 200 g,90956030,SPECIAL MOMENTS,0.20 kg,ko,5.99,29.95,,,5.99,3850334437235,HRANA
KEKS SPECIAL M SELECTION MIX 200 g,90956047,SPECIAL MOMENTS,0.20 kg,ko,2,10,,,3.99,3850334428813,HRANA
TJESTENINA VERMICELLI 100 g SHAN SHI,90970539,SHAN SHI,0.10 kg,ko,1.75,17.5,,,1.75,9120012040137,HRANA
BUĐOLA ANDRO NAR 300 g,90930013,ANDRO,0.30 kg,ko,5.99,19.97,,,5.99,3858892823064,HRANA
CROISSANT 7DAYS KAKAO 250 g  5/1,90930078,CHIPITA,0.25 kg,ko,3.49,13.96,,,3.49,7622202340338,HRANA
JUHA GOV S. NOODLES 5X71 g FINI MINI,90970172,FINI MINI,0.36 kg,ko,1.99,5.61,,,1.99,3856020284183,HRANA
PIRE VOĆ BERRY BLOSSOM 4X200 g NUTR,90939688,NUTRINO LAB,0.80 kg,ko,5.49,6.86,,,5.96,8606019656201,HRANA
MIX BARCAFFE CLASSIC 3U1 18 g,90949703,BARCAFFE,0.02 kg,ko,0.29,16.11,,,0.29,3838471057547,HRANA
BOMBONIJERA MERCI BLACK&WHITE 240 g,90974770,MERCI,0.24 kg,ko,3,12.5,,,7.99,4014400931297,HRANA
ČIPS SPECIAL MOMENTS TARTUFI 100 g,90956070,SPECIAL MOMENTS,0.10 kg,ko,1.19,11.9,,,1.19,3850334429117,HRANA
ADVENTSKI KALENDAR SMARTIES 193.9 g,90974683,SMARTIES,0.19 kg,ko,2,10.31,,,13.99,8000300407884,HRANA
KEKS PUNJ LJEŠNJAK KREMOM 200 g LAST,90954859,LASTA,0.20 kg,ko,1.99,9.95,,,1.99,3870128041523,HRANA
LINO PILEĆA PRSA 60 g,90939963,LINO,0.06 kg,ko,1.75,29.17,,,1.75,3856020257064,HRANA
ČAJ WINTER WONDER 30X2 g AHMAD,90959757,AHMAD,0.06 kg,ko,3,50,,,5.99,054881027519,HRANA
AFTER EIGHT MOJITO MINTS 400 g,90974704,AFTER EIGHT,0.40 kg,ko,3,7.5,,,9.99,7613287481726,HRANA
AFTER EIGHT CHERRY MINTS 400 g,90974710,AFTER EIGHT,0.40 kg,ko,3,7.5,,,9.99,8445290287113,HRANA
PRALINE MILKA MIX 130 g,90974741,MILKA,0.13 kg,ko,1,7.69,,,4.69,7622202045592,HRANA
JUHA TERIYAKI NOODLES 75 g FINI MINI,90970165,FINI MINI,0.08 kg,ko,0.69,9.2,,,0.69,3856020283315,HRANA
LINO ČAJNA PAŠTETA 95 g,90975920,PODRAVKA,0.10 kg,ko,1.49,15.68,,,1.49,3856020279523,HRANA
GRISSINI MINI KIKIRIKI 70 G NUTRIBEL,90954884,NUTRIBELLA,0.07 kg,ko,0.99,14.14,,,0.99,8600103145510,HRANA
PUDING SPEC PISTAC DS 80 g DR OETKER,90970291,DR OETKER,0.08 kg,ko,1.19,14.88,,,1.19,5997381377409,HRANA
BOŽIĆNA POKLON KUT S RUČKOM 365 g,90970391,FILIR,0.37 kg,ko,4.99,13.67,,,4.99,3858891166308,HRANA
TOAST AMERICAN TEXAS 400 g MORATO,90934660,MORATO,0.40 kg,ko,2.59,6.48,,,2.59,8006837002011,HRANA
ČOKOLADA RIKI RIŽA DARK 200 g,90954676,RIKI,0.20 kg,ko,4.29,21.45,,,4.29,3856024806213,HRANA
ČOKOLADA RIKI CEREAL/HONEY 230 g,90954678,RIKI,0.23 kg,ko,5.69,24.74,,,5.69,3856024806237,HRANA
ČOKOLADA RIKI POP CORN 250 g,90954680,RIKI,0.25 kg,ko,5.69,22.76,,,5.69,3856024806299,HRANA
BOŽIĆNA VREĆICA MILKA 120 g,90974848,MILKA,0.12 kg,ko,1,8.33,,,4.99,7622300190668,HRANA
ČOKOLADNI SV NIKOLA MILKA 90 g,90974850,MILKA,0.09 kg,ko,0.5,5.56,,,3.49,90122224,HRANA
LIZALICA CH CHUPS RIGHT SIDE UP 12 g,90955227,CHUPA CHUPS,0.01 kg,ko,0.39,32.5,,,0.39,84461223,HRANA
ČOKOLADA MERCI MARCIPAN 100 g,90955329,MERCI,0.10 kg,ko,2.79,27.9,,,2.79,4014400916744,HRANA
KREKER SALTAS PRETZEL SLANI 180 g,90955369,SALTAS,0.18 kg,ko,1.69,9.39,,,1.69,3856014107450,HRANA
DESERT M&M CRISPY SANTA 29 g,90970217,MARS,0.03 kg,ko,0.3,10.34,,,1.19,5000159566391,HRANA
DJED BOŽIĆNJAK M&M 100 g,90970223,MARS,0.10 kg,ko,0.5,5,,,3.79,50166398,HRANA
JUHA GRIZ KNEDLE MINI 34 g MAGGI,90970496,MAGGI,0.03 kg,ko,1.39,40.88,,,1.39,8585002442857,HRANA
DESERT RIŽA NA MLIJEKU ČOK 200 g,90975263,MULLER,0.20 kg,ko,0.99,4.95,,,0.99,42392149,HRANA
BOŽIĆNA VREĆICA MALA 174 g,90954703,FILIR,0.17 kg,ko,2.49,14.31,,,2.49,3858891166230,HRANA
MASLINE ZELENE BK GARDEN G 700/400 g,90935026,GARDEN GOOD,0.40 kg,ko,,6.98,2.79,2.79,3.29,3850334441126,HRANA
ČAJ SPECIAL M JABUKA CIMET 15/1 30 g,90955607,SPECIAL MOMENTS,0.03 kg,ko,1,33.33,,,1.99,3850334429018,HRANA
PANETTONE BAJADERA 500 g KRAŠ,90970582,BAJADERA,0.50 kg,ko,10,20,,,24.99,3859891373949,HRANA
PILEĆA DELUXE ŠUNKA 100 g,90955132,CEKIN,0.10 kg,ko,2.19,21.9,,,2.19,3850159123153,HRANA
TJESTENINA PAD THAI VR 92.5 g MAGGI,90970513,MAGGI,0.09 kg,ko,2.09,22.59,,,2.09,8445292096324,HRANA
VAFL FRONDI MALINA 225 g KRAŠ,90950370,FRONDI,0.23 kg,ko,,8.84,1.99,1.99,2.59,3850120700536,HRANA
JOGURT SENSIA VAN/ŽITAR 190g,02334661,SENSIA,0.19 kg,ko,1.69,8.89,,,1.69,3850354006152,HRANA
RAJČICA PASIRANA ST 560g MUTTI,90704929,MUTTI,0.56 kg,ko,2.59,4.62,,,2.49,8005110630569,HRANA
SLAD TWICE VANILIJA ČOKOLADA 1L LEDO,02350875,TWICE,1.00 l,ko,2.99,2.99,,,2.99,3850116712970,HRANA
MAJONEZA THOMY 165g TUBA,02200920,THOMY,0.17 kg,ko,2.49,15.09,,,2.49,7613287084606,HRANA
ODOJAK ,02400335,PIK VRBOVEC,1.00 kg,kg,,4.99,4.99,5.99,4.19,3850139490015,HRANA
MASLAC 250g ZDENKA,02180301,ZDENKA,0.25 kg,ko,3.29,13.16,,,3.29,3858888590345,HRANA
SLAD QUATTRO NOSTALGIJA 1650ml,90704237,QUATTRO,1.65 l,ko,7.49,4.54,,,7.49,3850116058719,HRANA
GROŽĐE BIJELO,01411025,,1.00 kg,kg,4.99,4.99,,,3.99,3850334173607,HRANA
SIR MOZZARELLA ALPINETTA,90835072,MARAGONI,1.00 kg,kg,8.99,8.99,,,6.99,4020420112349,HRANA
SIR MEKI MOZZAR K PLUS 100g,02398939,K PLUS,0.10 kg,ko,1.19,11.9,,,1.05,3850334000781,HRANA
LISTOVI  ZA PITE I SAVIJAČE 500g CLARUM,02370450,CLARUM,0.50 kg,ko,,2.78,1.39,1.29,1.75,3859888231702,HRANA
KAŠICA INST ČOKOLINO 500g,04172111,LINO,0.50 kg,ko,4.99,9.98,,,4.99,3850104210259,HRANA
GROŽĐE BIJELO BEZ KOŠTICA 500g,90734971,,0.50 kg,ko,2.49,4.98,,,1.59,3858885870730,HRANA
MASLAC ALPINETTA 250 g,90795150,ALPINETTA,0.25 kg,ko,2.99,11.96,,,2.99,4006496018129,HRANA
JOGURT K PLUS  TEK 180G 2.8%,90182933,K PLUS,0.18 kg,ko,,1.39,0.25,0.37,0.37,3850334388100,HRANA
DESERT RAFFAELO 150g T15,04270548,FERRERO,0.15 kg,ko,4.29,28.6,,,3.99,8000500023976,HRANA
TUNJ OCEAN KOM MAS ULJE 3X70/3X52 g ,90869911,OCEAN,0.17 kg,ko,3.79,22.56,,,3.79,3850334114402,HRANA
TJEST TAGLIAT ŠPINAT 400g PEREC,90750965,OPG PEREC,0.40 kg,ko,2.79,6.98,,,2.79,3859894123039,HRANA
TUBA HIPP BIO JAB/BAN/JAG 120g,90706651,HIPP,0.12 kg,ko,1.75,14.58,,,1.75,4062300437074,HRANA
JUHA GOVEĐA KRALJEVSKA MAGGI 49g,90437905,MAGGI,0.05 kg,ko,1.09,22.24,,,1.09,5941017018594,HRANA
SEZAM CRNI PRŽENI 95g SAITAKU,90669952,SAITAKU,0.10 kg,ko,3.49,36.74,,,3.49,5060194790465,HRANA
MUŠKATNI ORAŠČIĆ CIJ 13g KOTANY,04100694,KOTANYI,0.01 kg,ko,2.25,173.08,,,2.25,9001414015384,HRANA
OCAT BALZAMSKI 0.5L IL TORRI CARANDI,03120184,CARANDINI,0.50 l,ko,4.69,9.38,,,4.69,8014347000090,HRANA
MLJEVENO BEYOND 250 g,90800893,BEYOND MEAT,0.25 kg,ko,5.99,23.96,,,5.99,1230000116480,HRANA
KONZERVANS 8g DR OETKER,01561006,DR OETKER,0.01 kg,ko,0.29,36.25,,,0.29,5997381324205,HRANA
SIR DIMLJ VINOGR CCA 400 g VERONIKA,90875143,VERONIKA,1.00 kg,kg,13.49,13.49,,,13.49,,HRANA
RAJČICA PRAH 80g SOTINAC,90751065,OPG SOTINAC,0.08 kg,ko,2.49,31.13,,,2.49,3859893718465,HRANA
MJEŠ ZAČ ZA POVRĆE Q&E 35g KOTANYI,90698110,KOTANYI,0.04 kg,ko,0.99,28.29,,,0.98,9001414237175,HRANA
BOMBON GUM KIS STRAW STICKS 75g ZOZOLE,90809810,ZOZOLE,0.08 kg,ko,1.19,15.87,,,1.19,5900353701522,HRANA
PAPRIKA ZAČ LJUTA DIMLJ 70g SOTINAC,90750978,OPG SOTINAC,0.07 kg,ko,1.79,25.57,,,1.79,3859893718304,HRANA
MJEŠ ZAČ ZA KOTLETE Q&E 35g KOTANYI,90698152,KOTANYI,0.04 kg,ko,0.99,28.29,,,0.99,9001414237243,HRANA
SLAD MAGNUM ALMOND 440ml,90360539,MAGNUM,0.44 l,ko,7.99,18.16,,,7.99,8714100289983,HRANA
MORSKA SOL BOČ 120 g KOTANYI,90890557,KOTANYI,0.12 kg,ko,1.99,16.58,,,1.99,9001414046241,HRANA
ZAČIN CHILI VR 100g VEGETA NATUR,90147480,VEGETA NATUR,0.10 kg,ko,1.49,14.9,,,1.49,3850104273490,HRANA
GRISSINI DULCETTI RUŽMARIN 170 g,90890120,DULCETTI,0.17 kg,ko,,6.06,1.03,1.29,1.29,3838900843499,HRANA
TJESTENINA SPIRALE BG 500 g FREE ZONE,90825447,FREE ZONE,0.50 kg,ko,2.49,4.98,,,2.49,3838900841563,HRANA
ODREZAK VEGAN GARDEN GOURMET 270 g,90825162,GARDEN GOURMET,0.27 kg,ko,,16.95,4.58,5.49,5.49,8445290341457,HRANA
KOLAČ CHOCO ORANGE 60 g JAFFA,90869777,JAFFA,0.06 kg,ko,,14.17,0.85,0.99,0.99,8600114011804,HRANA
ČOKOLADA MILKA GROŽĐ LJEŠNJAK 90 g,90890010,MILKA,0.09 kg,ko,2.49,27.67,,,2.49,7622202262739,HRANA
MLIJEČNI NAMAZ JUNIOR 70 g DUKAT,90879851,DUKAT JUNIOR,0.07 kg,ko,0.99,14.14,,,0.99,3850354019183,HRANA
PERŠIN 7g BOČICA KOTANYI,04100221,KOTANYI,0.01 kg,ko,2.15,195.45,,,2.15,9001414040386,HRANA
KEKS BOOM B MINI ŠUM VOĆE BIJ ČOK 20g,90706588,BOOM BOX,0.02 kg,ko,0.59,29.5,,,0.49,3856027800553,HRANA
UMAK AGLIO 260g AGROMONTE,90814811,AGROMONTE,0.26 kg,ko,3.99,15.35,,,3.99,8032817245901,HRANA
TORTA SPECIAL MOMENTS LIMUN 650 g,90885574,SPECIAL MOMENTS,0.65 kg,ko,3,4.62,,,5.99,3850334437334,HRANA
BOMBONI MEK RATTLERZ 120g BAZOOKA,90769651,BAZOOKA,0.12 kg,ko,1.99,16.58,,,1.99,5011053023545,HRANA
MJEŠAVINA ZAČ MEDITER 25g BOČ KOTANY,04100439,KOTANYI,0.03 kg,ko,2.15,86,,,2.15,9001414040676,HRANA
SIRUP ZA KAVU VANILIJA 0.25l MONIN,90804732,MONIN,0.25 l,ko,7.99,31.96,,,7.99,3052910013776,HRANA
PUDING VAN PERFETTA 80 g DOLCELA,90894883,DOLCELA,0.08 kg,ko,1.09,13.63,,,1.09,3856020277031,HRANA
ŠTRUKLI SA SVJ SIR SLATKI 600g SMRZ,90599565,LATICA,0.60 ko,ko,,6.81,4.08,4.91,4.91,3850261359761,HRANA
VOĆNI NAMAZ OD ŠIPKA 300gr  BOKUN,90403917,BOKUN,0.33 kg,ko,4.69,14.21,,,4.19,3859891224104,HRANA
KIKIRIKI U TIJESTU SIR 60g MOGYI,90381876,MOGYI,0.06 kg,ko,0.8,13.33,,,0.8,5997347541295,HRANA
TIJESTO TARANA 400g MARODI,90703284,MARODI,0.40 kg,ko,1.89,4.73,,,1.89,3859893944260,HRANA
KIKIRIKI LJUSKA PEČENA 400 g NATURA,90850604,NATURA,0.40 kg,ko,3.49,8.73,,,3.49,3859892798901,HRANA
UMAK RICOTTA 260g AGROMONTE,90814816,AGROMONTE,0.26 kg,ko,3.99,15.35,,,3.99,8032817245895,HRANA
ČAJ BAZGA FILTAR 15/1,90623758,SUBAN,0.04 kg,ko,2.65,70.67,,,2.65,3858882913980,HRANA
KOKOS MLIJEKO 400 ml GO-TAN,90819892,GO-TAN,0.40 l,ko,3.29,8.23,,,3.29,8710605092196,HRANA
OCAT BALZAMSKI 0.5L SILVER MONARI,03120122,MONARI FEDERZONI,0.50 kg,ko,4.09,8.18,,,4.09,8003185008931,HRANA
MILKSHAKE JAGODA MINUTE 230ml,90731513,MINUTE,0.23 l,ko,1.49,6.48,,,1.49,3838900829356,HRANA
PRALINE KINDER MINI 107 g,90869756,FERRERO,0.11 kg,ko,5.39,50.37,,,5.39,8000500436561,HRANA
PAPRIKA LJUTA kom,90890469,,0.04 kg,ko,0.29,8.29,,,0.29,3856028690016,HRANA
ORADA SALATA MEDITERANA 170 g DEL,90889706,DELAMARIS,0.17 kg,ko,4.99,29.35,,,4.99,3838929620040,HRANA
ČAJ ŠIPAK 54g TEEKANNE,90623518,TEEKANNE,0.05 kg,ko,2.29,42.41,,,1.59,5901086000098,HRANA
ŠLAG PJENA 114g  DR OETKER,90412541,DR OETKER,0.11 kg,ko,2.39,20.96,,,2.38,5997381375689,HRANA
CHILI PEPERONCINI MRVLJENI 27g KOTANYI,90405942,KOTANYI,0.03 kg,ko,1.29,47.78,,,1.29,9001414015322,HRANA
SLAD GRČKI JOGURT LJEŠNJAK 500 ml,90775877,KRI KRI,0.50 l,ko,3.99,7.98,,,3.99,5202234251608,HRANA
KAJENSKI PAPAR POSIPAČ VEGETA MAESTRO 38 g,90282200,VEGETA MAESTRO,0.04 kg,ko,1.79,47.11,,,1.79,3850104295072,HRANA
POLI GREEN NAREZAK 100 g,90875388,POLI,0.10 kg,ko,2.49,24.9,,,2.49,3838977044515,HRANA
ŠTAPIĆI PRIMA KIKIRIKI 230 g,90894809,SOKO ŠTARK,0.23 kg,ko,1.89,8.22,,,1.69,8600939212448,HRANA
SLAD MILKA KORNET 100ml,90703691,MILKA,0.10 l,ko,1.99,19.9,,,1.58,8606018616220,HRANA
RAJČICA PASIRANA ST 700 g LATORRENTE,90890498,LA TORRENTE,0.70 kg,ko,2.19,3.13,,,2.19,8000282001865,HRANA
KAVA INTENSO ESP NS 10/1 57g ILLY,90814742,ILLY,0.06 kg,ko,6.49,113.86,,,6.49,8003753158761,HRANA
TUNJ OCEAN SALA PIR I KVI 210g/160g,90869929,OCEAN,0.16 kg,ko,,11.19,1.79,2.25,2.25,3850334167934,HRANA
VLASAC 6g BOČ KOTANY,04100528,KOTANYI,0.01 kg,ko,2.15,358.33,,,2.15,9001414040508,HRANA
NAPITAK RIŽA EKO 1L BRIDGE,90713260,THE BRIDGE,1.00 l,ko,2.69,2.69,,,2.69,8019428000013,HRANA
MLIJEKO FIT VANILIJA 0.5L BOCA DUKAT,90230791,DUKAT,0.50 l,ko,2.29,4.58,,,2.29,3850354007838,HRANA
SV MESNATA SLANINA OBR PIVAC,90448206,PIK VRBOVEC,1.00 kg,kg,5.09,5.09,,,5.99,3858881614420,HRANA
BOMBON HARIBO KIND PARTY MINI 250 g,90887170,HARIBO,0.25 kg,ko,3.79,15.16,,,3.79,4001686003015,HRANA
ŠTAPIĆI KVIKI KIKIRIKI 90 g PODRAVKA,90887392,KVIKI,0.09 kg,ko,0.89,9.89,,,0.89,3856020278038,HRANA
KOMPOT ANANAS KOL 850/430 g EXCELS,90886685,EXCELSIOR,0.43 kg,ko,2.99,6.95,,,2.99,9001397501287,HRANA
SV VRAT BK ODR cca 600 g K PLUS,90890226,K PLUS,1.00 kg,kg,,5.39,5.39,6.99,6.99,3850139286298,HRANA
SLAD CROCCANTINO PISTACIJA 500 ml,90900117,CROCCANTINO,0.50 l,ko,11.99,23.98,,,11.99,3859894052025,HRANA
TARTUFI CRNI MLJEVENI 40 g ZIGANTE,90795082,ZIGANTE,0.04 kg,ko,15.99,399.75,,,15.99,3858891983141,HRANA
KEKS MOUNTAIN BROWNIE 150 g GRIESSON,90887317,GRIESSON,0.15 kg,ko,2.35,15.67,,,2.35,4001518117019,HRANA
TIJESTO TORTIGLIONI RIG LC 500 g BAR,90890419,BARILLA,0.50 kg,ko,2.85,5.7,,,2.85,8076809584920,HRANA
SIR RIBANI EXTRATVRDI 40 g VINDIJA,90890501,Z BREGOV,0.04 kg,ko,1.39,34.75,,,1.49,3850108055610,HRANA
FISH NUGGETS KIDS 240 g,90890538,PANONA MARE,0.24 kg,ko,3.49,14.54,,,3.49,3858889834479,HRANA
CROISSANT 7DAYS MIDI KAK KOKOS 80 g ,90879904,CHIPITA,0.08 kg,ko,1.29,16.13,,,1.29,7622201392017,HRANA
KRASTAVAC,01405646,,1.00 kg,kg,3.99,3.99,,,1.89,3850334173409,HRANA
ULJE MASLIN EX DJ 0.75L ZVIJEZD,03210018,ZVIJEZDA,0.75 l,ko,10.99,14.65,,,10.99,3858882211567,HRANA
PRSA PILEĆA K PLUS BEZ KOŽE,90270061,K PLUS,1.00 kg,kg,,4.79,4.79,5.99,4.89,3850159118036,HRANA
KRUMPIR ZA SALATU 2.5 kg,90201902,KORA,2.50 kg,ko,,0.6,1.49,2.69,2.79,3850334035370,HRANA
PUREĆA PRSA VAKUM CCA 1 kg,90408545,AIA,1.00 kg,kg,9.99,9.99,,,9.99,,HRANA
KEKS PETIT BEURRE 960g KRAŠ,04142430,KRAŠ,0.96 kg,ko,5.09,5.3,,,5.09,3850102311446,HRANA
ULJE SUNCOKRET 1L DIJAMANT,01499920,DIJAMANT,1.00 l,ko,1.59,1.59,,,1.59,8600498170029,HRANA
JANJEĆI TRUP BEZ GLAVE UVOZ,02470157,PIK VRBOVEC,1.00 kg,kg,14.79,14.79,,,8.04,3850139510188,HRANA
KRUH ZLATNI SA SJEMENKAMA 300g MLINAR,90360104,MLINAR,0.30 kg,ko,1.89,6.3,,,1.89,3858881128965,HRANA
LIMUN,01411805,,1.00 kg,kg,1.49,1.49,,,1.49,3856017202480,HRANA
KRUH POLUBIJELI 500g PAK KLARA,90597807,KLARA,0.50 kg,ko,1.15,2.3,,,1.15,3856016906730,HRANA
MARGARIN 60% K PLUS 250g,90352815,K PLUS,0.25 kg,ko,0.7,2.8,,,0.77,3850334268532,HRANA
TIJ MAXX SPAGH 3 625G,04051337,PASTA ZARA,0.63 kg,ko,1.59,2.54,,,1.59,8004350001887,HRANA
KUPUS KISELI MIX ZA SARMU MADIG,01400413,,1.00 kg,ko,3.69,3.69,,,3.29,3859891493098,HRANA
CIKLA 380g PODRAVKA,01590098,PODRAVKA,0.38 kg,ko,2.49,6.55,,,2.49,3850104050718,HRANA
LIGNJA PATAGONICA KOL I KR 400g LEDO,02194994,LEDO,0.40 kg,ko,10.49,26.23,,,7.99,3850116892313,HRANA
MASLAC 250g DEUTSCHE MARKENBUT,90331882,DEUTSCHE MARKENBUTTER,0.25 kg,ko,2.99,11.96,,,2.99,4033854001677,HRANA
PUDING PROTEIN ČOK 180g VINDIJA,90389420,VINDIJA,0.18 kg,ko,,5.5,0.99,1.29,1.29,3850108040913,HRANA
MALINA 300g LEDO,90668501,LEDO,0.30 kg,ko,4.99,16.63,,,4.49,3850116053615,HRANA
JAGODA 250 grama,01410085,,0.25 kg,ko,2.49,9.96,,,1.99,3850334057266,HRANA
ČOKOLADA MILKA S LJEŠNJACIMA 80g,90045381,MILKA,0.08 kg,ko,,16.88,1.35,1.35,2.09,7622210043931,HRANA
BRAŠNO GLATKO T-550 1kg PODRAVKA,04030203,PODRAVKA,1.00 kg,ko,0.79,0.79,,,0.79,3850104223624,HRANA
BOMBON SWEETLY VOĆ KARAMEL 350g LIKING,90600691,LIKING,0.35 kg,ko,3.09,8.83,,,3.09,8002415500153,HRANA
GROŽĐICE PREMIUM 200g KRESTO,01310470,KRESTO,0.20 kg,ko,1.49,7.45,,,1.49,3858882290814,HRANA
ČAJ KONOPLJA MENTA 25g BIO CANNONA,90485722,CANNONA,0.03 kg,ko,3.98,159.2,,,3.98,3859893683145,HRANA
MLIJEKO ČOKOLADNO BOOST 0.5 L DUKAT,90885851,DUKAT,0.50 l,ko,,2.78,1.39,1.79,1.79,3850354019060,HRANA
KIKIRIKI U TIJESTU LUK/VRH 120g MOGYI,90600117,MOGYI,0.12 kg,ko,1.6,13.33,,,1.6,5997347540557,HRANA
KLINČIĆ CIJELI 30g BOČ KOTANYI,04100219,KOTANYI,0.03 kg,ko,3.15,105,,,3.05,9001414040317,HRANA
PIRE VOĆNI JAB MANG MARAK 200 g BB,90875499,BOOM BOX,0.20 kg,ko,,8.45,1.69,2.19,1.99,3856027801987,HRANA
PAHULJICE LUMPI FRUTTI RINGS 250 g,90869879,LUMPI,0.25 kg,ko,,3.6,0.9,1.06,1.06,3850334433305,HRANA
TIJESTO FARFALLE DURUM 400 g ZP,90890100,ZLATO POLJE,0.40 kg,ko,1.99,4.98,,,1.99,3856020278953,HRANA
ZAČIN KIM ZRNO VR 10g VEGETA MAESTRO,90282295,VEGETA MAESTRO,0.01 kg,ko,0.99,99,,,0.99,3850104294532,HRANA
LIMETA DEHIDRIRANA VEEMEE 30 g,90850432,VEEMEE,0.03 kg,ko,3.69,123,,,3.69,3859894055446,HRANA
KAVA MUST DECAFFEINATO NS 10/1 50g,90494609,MUST,0.05 kg,ko,3.49,69.8,,,3.49,8056370761067,HRANA
MARINATO GRILL MINI FILE cca 800g,90720270,CEKIN,1.00 kg,kg,10.49,10.49,,,10.49,3850159150272,HRANA
PAPRENJAK ĐUMBIR 100g KEKSOMANIJA,90670186,KEKSOMANIJA,0.10 kg,ko,,27.8,2.78,3.32,3.32,3857500127860,HRANA
ORADA OČIŠĆENA 350g KOM,90383000,KONZUM,0.35 kg,ko,3.7,10.57,,,3.7,,HRANA
MILKSHAKE BANANA MINUTE  230ml,90731517,MINUTE,0.23 l,ko,1.49,6.48,,,1.49,3838900829363,HRANA
JUNEĆA JETRA LOVRIĆ,90648710,LOVRIĆ,1.00 kg,kg,5.79,5.79,,,5.49,,HRANA
TJESTENINA LASAGNE 250 g FREE ZONE,90825449,FREE ZONE,0.25 kg,ko,2.49,9.96,,,2.49,3838900841570,HRANA
FLIPS BOBI STIX KETCHUP 35g,90599982,BOBI,0.04 kg,ko,0.55,14.86,,,0.55,3858891590479,HRANA
TUBA NUTR JABUKA 100g,90494049,NUTRINO,0.10 kg,ko,1.05,10.5,,,1.05,8606019650506,HRANA
MLINCI S BUČOM 400g ČOKOLAND,90669609,ČOKOLAND,0.40 kg,ko,3.39,8.48,,,3.39,3857500076274,HRANA
SLAD MILKA JAG CHEESCAKE ČAŠA 425 ml,90886493,MILKA,0.43 l,ko,7.99,18.8,,,7.99,4007993035763,HRANA
SVJEŽI ZELENI REZANCI 250g NAŠE KL,04020447,AURELIA,0.25 kg,ko,2.19,8.76,,,2.19,3859890561163,HRANA
OMBOLO SUHI cca 200g HISTRIS,90750961,HISTRIS,1.00 kg,kg,36.49,36.49,,,36.49,,HRANA
BOMB PJENASTI TWIST 60G BEBETO,90210656,BEBETO,0.06 kg,ko,0.89,14.83,,,0.86,8690146091882,HRANA
HUMMUS JALAPENO PAP 180g GURU,90764830,RIBELLA,0.18 kg,ko,,12.5,2.25,2.25,2.25,8606011896254,HRANA
SLAD MAGNUM DOUB GOLD CARAMEL 440ml,90483518,MAGNUM,0.44 l,ko,7.99,18.14,,,7.99,8711327480438,HRANA
ČOKOLADNI DJEDICE KINDER 3/1 45g,90300896,FERRERO,0.05 kg,ko,1,22.22,,,0.5,4008400511528,HRANA
PERŠIN LIST GRANULE 30g SOTINAC,90750981,OPG SOTINAC,0.03 kg,ko,1.39,46.33,,,1.39,3859893718458,HRANA
SIR RIBANI LISTIĆI 100 g VINDIJA,90890518,Z BREGOV,0.10 kg,ko,3.09,30.9,,,3.09,3850108055634,HRANA
SVJEŽI KVASAC 42 g DR OETKER,90880130,DR.OETKER,0.04 kg,ko,0.49,11.67,,,0.49,4003834000112,HRANA
ŠTRUDLICE PREKRAŠNI ŠLJIVA 200 g,90887177,PREKRAŠNI ŠTRUDLICE,0.20 kg,ko,1.99,9.95,,,1.99,3850120700376,HRANA
NAPITAK KOK RIŽA BIO ACTIVE ZONE 1 l,90895345,ACTIVE ZONE,1.00 l,ko,,1.19,1.19,1.69,1.69,3850334433039,HRANA
ČIPS HRUSTY STICKS PAPRIKA 100 g,90887129,HRUSTY,0.10 kg,ko,,7.9,0.79,0.99,0.99,3838900821022,HRANA
MLIJEKO ČOKOLADNO KOKOS 500 ml DUKAT,90900067,DUKAT,0.50 l,ko,1.69,3.38,,,1.69,3850354019299,HRANA
OSLIĆ SVJ PAKIRANA KONZUM,90405326,,1.00 kg,kg,4.59,4.59,,,4.59,,HRANA
KVIKI GRIC VRHNJE I LUK 50G PODRAVKA,90887388,KVIKI,0.05 kg,ko,0.89,17.8,,,0.89,3856020276607,HRANA
DESERT PLAZMA STIKSI KIK/KAR 30 g,90887176,BAMBI,0.03 kg,ko,0.79,26.33,,,0.79,8600043038934,HRANA
PAČJI BATAK CCA 180-330g HUNENT,90360231,HUNENT,1.00 kg,kg,8.99,8.99,,,8.99,,HRANA
VIVIS SVJEŽI KREM SIR 100g,90298692,VIVIS,0.10 kg,ko,1.29,12.9,,,1.29,3850108058734,HRANA
ŠUNKA PUREĆA DIMLJENA  PIK,90409798,PIK,1.00 kg,kg,20.99,20.99,,,17.99,3850139520446,HRANA
SIR TVRDI RIBANAC 40g DUKAT,02050951,PRESIDENT,0.04 kg,ko,1.49,37.25,,,1.49,3850355007608,HRANA
AJVAR GARDEN GOOD BLAGI PREM 550g,90826452,GARDEN GOOD,0.55 kg,ko,,9.07,4.99,6.59,6.59,3850334431707,HRANA
SMOKVA EUROCOMPANY SUHA 200g,01311158,EUROCOMPANY,0.20 kg,ko,2.69,13.45,,,2.29,3872084014528,HRANA
BOMBONJERA MERCI GROSSE 250g,04211002,MERCI,0.25 kg,ko,7.99,31.96,,,7.99,4014400901191,HRANA
JOGURT NATUR GRČKI VILIKIS 150g VINDIJA,90087504,VILIKIS,0.15 kg,ko,,5.67,0.85,0.99,0.99,3850108030242,HRANA
MASLAC 250g VINDIJA,02180362,Z BREGOV,0.25 kg,ko,2.99,11.96,,,2.99,3850108060102,HRANA
NAMAZ LINO LADA DUO 400g ST PODRAVKA,04230107,LINO LADA,0.40 kg,ko,3.99,9.98,,,3.99,3850104019784,HRANA
KRUH DOMAĆI KUKURUZNI 400g DON DON,90228019,DON DON,0.40 kg,ko,2.35,5.88,,,1.85,3830043040339,HRANA
PRŠUT DOBRO NAR 250g,90732052,DOBRO,0.25 kg,ko,,25.96,6.49,8.79,8.79,3850133804115,HRANA
JOGURT BADEM PISTACIJA 150g DUKATOS,90059149,DUKATOS,0.15 kg,ko,0.99,6.6,,,0.99,3850354009764,HRANA
PILEĆI FILE ZABATKA CEKIN 500g,90707054,CEKIN,0.50 kg,ko,4.69,9.38,,,4.19,3850159112843,HRANA
SIRNICA PAK 400g MLINAR,90290218,MLINAR,0.40 kg,ko,2.79,6.98,,,2.49,3858881127913,HRANA
KOBASICA ČAJNA 300g GAVRILOVIĆ,90725254,GAVRILOVIĆ,0.30 kg,ko,,19.97,5.99,6.39,6.39,3858892725849,HRANA
BOMBON GUM VOĆNI 80g SOUR PATCH ,90825673,SOUR PATCH,0.08 kg,ko,1.09,13.63,,,1.09,7622210442789,HRANA
SIR POLUTV TRAPIST 200G,90283233,PAŠKI SIR,0.20 kg,ko,5.99,29.95,,,4.59,3859892884390,HRANA
RAJČICA PASIRANA 690g BIO ZONE,90599890,BIO ZONE,0.69 kg,ko,,1.87,1.29,1.99,1.99,3838900807323,HRANA
EXTRA SA SIROM 350g,90570182,PERUTNINA,0.35 kg,ko,1.35,3.86,,,1.35,3850220152006,HRANA
GRAH BIJELI 230g LIM PODRAVKA,01529013,PODRAVKA,0.23 kg,ko,1.39,6.04,,,1.39,3850104020797,HRANA
KRUH RAŽENA RUSTIKA 500g KLARA,90340618,KLARA,0.50 kg,ko,0.85,1.7,,,1.99,3856016904651,HRANA
SV MESO ZA HLADETINU PAK PIK,02400278,PIK VRBOVEC,1.00 kg,kg,3.15,3.15,,,3.89,3850139002782,HRANA
PECIVO PUTER ŠTANGICA 60g KLARA,04010139,KLARA,0.06 kg,ko,0.75,12.5,,,0.75,3858881321434,HRANA
MJEŠAVINA TOSKANA 480 g LEDO,90824998,LEDO,0.48 kg,ko,3.99,8.3,,,3.99,3850116068282,HRANA
KROASAN SUNNY MIDI KA ČOK  50gX5KOM,90705765,SUNNY,0.25 kg,ko,1.89,7.56,,,1.89,3850334043269,HRANA
JOGURT ACTIMEL JAGOD BEZ DOD ŠEĆ 4X100g,90428373,ACTIMEL,0.40 kg,ko,2.69,6.73,,,2.49,5997536303789,HRANA
MRVICE KRUŠNE 1000g KLARA,04010251,KLARA,1.00 kg,ko,3.39,3.39,,,3.39,3858881322233,HRANA
SIR TVRDI BOVIDUR 280g VINDIJA,90719944,VINDIJA,0.28 kg,ko,6.99,24.96,,,6.49,3850108052824,HRANA
UMAK PESTO BOS PISTACIJA 190g BARILLA,90770598,BARILLA,0.19 kg,ko,,15.74,2.99,4.79,4.79,8076809581868,HRANA
RIŽA ZL POLJE ST ANDREA 1KG KUT VAK,04060220,ZLATO POLJE,1.00 kg,ko,4.99,4.99,,,4.99,3838700540406,HRANA
INDIJSKI ORAH SLANI 100g NATURA,90301929,NATURA,0.10 kg,ko,3.39,33.9,,,3.39,3859892798802,HRANA
UMAK RAJČICA SALSA 410g,01491261,PODRAVKA,0.41 kg,ko,3.19,7.78,,,3.19,3850104222351,HRANA
KOLAČ BEĆAR MIX 350g MARICA,90675022,MARICA PEKARICA,0.35 kg,ko,4.09,11.69,,,4.09,3859890947486,HRANA
JELO U ČAŠI JUNETINA-WASABI 93g AJINOMOTO,90483198,AJINOMOTO,0.09 kg,ko,1.89,20.32,,,1.89,5901384503659,HRANA
SLAD GELATISSIMO VANIL ČOKO 5x110 ml,90769985,GELATISSIMO,0.38 l,ko,4.29,11.45,,,4.29,3838900844793,HRANA
KOMORAČ,01402160,,1.00 kg,kg,1.99,1.99,,,1.99,3850334173263,HRANA
PIZZA LEDO CAPRICCIOSA 330g,90485042,LEDO,0.33 kg,ko,4.29,13,,,3.99,3850116038155,HRANA
BAGUETTE S BIJELIM LUKOM 160g MEGGLE,90553560,MEGGLE,0.16 kg,ko,1.99,12.44,,,1.59,4034900032416,HRANA
GRAŠAK GARDEN GOOD 400/265g,90707348,GARDEN GOOD,0.27 kg,ko,1.19,4.49,,,1.19,8605028600120,HRANA
PAPAR MJEŠAVINA SPICE CHEF 35G MLINAC,90409635,SPICE CHEF,0.04 kg,ko,1.99,56.86,,,1.99,3850334133762,HRANA
SKUŠA FILETI U BILJ ULJU AQ 73.5G,02198489,ADRIATIC QUEEN,0.07 kg,ko,2.79,37.96,,,2.79,3850160110067,HRANA
PITA PRHKA 450g K PLUS,90366019,K PLUS,0.45 kg,ko,3.98,8.84,,,3.98,3850334189493,HRANA
SODA BIKARBONA 200g DOLCELA,90091389,DOLCELA,0.20 kg,ko,0.99,4.95,,,0.99,8594004496874,HRANA
KIKIRIKI CHIO PRŽEN EXTRA 250g,90764992,CHIO,0.25 kg,ko,2.69,10.76,,,2.69,3856021306198,HRANA
PAPRIKA SLATKA MLJEV MAXX SPICE CHEF 200 g,90774857,SPICE CHEF,0.20 kg,ko,1.49,7.45,,,1.49,3850334101211,HRANA
TUNJ SALATA BALANCE 160g EVA,90706300,EVA,0.16 kg,ko,4.29,26.81,,,4.29,3856020263874,HRANA
JEGER IVANEČKI CHILI MILI 300g,90703594,IMISIMO,0.30 kg,ko,3.69,12.3,,,3.69,3859893866432,HRANA
ZAČIN ZA RIBLJU JUHU 90g ALEVA,04165106,ALEVA,0.09 kg,ko,1.65,18.33,,,1.65,8600947042235,HRANA
SLAD KING DESIRE 100 ml ŠTAPIĆ,90885978,LEDO,0.10 l,ko,2.79,27.9,,,2.79,3850116066219,HRANA
KAVA JULIUS M COLLECTION ORIENT 250g,90488321,JULIUS MEINL,0.25 kg,ko,5.59,22.36,,,5.29,9000403951238,HRANA
SALATA MIJEŠANA PODRAVKA 300g,01550164,PODRAVKA,0.30 kg,ko,2.99,9.97,,,2.69,3850104051319,HRANA
DOMAĆA SARMA 400g CARNEX,90220105,CARNEX,0.40 kg,ko,,7.48,2.99,3.99,3.69,8600012700336,HRANA
RAJČICA PELAT 400G ROSSOGARGANO,90571972,ROSSOGARGANO,0.40 kg,ko,1.39,3.48,,,1.39,8033837720027,HRANA
NAPITAK BADEM PRŽ 1L DAR,90528252,DAR,1.00 l,ko,2.99,2.99,,,2.69,3850108028010,HRANA
BOMBONI MENTOL LIMUN MED 100g,90036914,KANDIT,0.10 kg,ko,0.96,9.6,,,0.96,3858881049789,HRANA
PANCETA PERAJICA cca 300g SUŠ PERAJICA,90404113,SUŠARA PERAJICA,1.00 kg,kg,21.99,21.99,,,21.99,,HRANA
ČOKOLADA GRIOTTE 135 g,90834880,KRAŠ SELECTION,0.14 kg,ko,3.49,25.85,,,3.49,3850102013494,HRANA
DESERT KNOPPERS MINIS 18/1 200 g,90826348,KNOPPERS,0.20 kg,ko,3.99,19.95,,,3.99,4014400929010,HRANA
KAVA ESPRES EX 140g DOZE ZA APARA,04070778,FRANCK,0.14 kg,ko,9.99,71.36,,,9.99,3858881082410,HRANA
PERŠIN 7g VR KOTANYI,04100166,KOTANYI,0.01 kg,ko,0.99,141.43,,,0.99,9001414015445,HRANA
ČIPS S TARTUFIMA 50g ZIGANTE,90320102,ZIGANTE,0.05 kg,ko,3.18,63.6,,,3.18,3858891980256,HRANA
SLAD MOCHI MALINA LITLLE MOONS 6x32g,90704571,LITTLE MOONS,0.19 kg,ko,6.99,36.41,,,6.99,5027324001235,HRANA
ŠEĆER U PRAHU MAXX 600g SWEET CHEF,90740004,SWEET CHEF,0.60 kg,ko,0.99,1.65,,,1.49,3850334082589,HRANA
ČIPS DORITOS SWEET CHILLI 90 g,90770009,DORITOS,0.09 kg,ko,1.99,22.11,,,1.99,8606017379409,HRANA
ČEŠNJAK GRANULE 70g ST KOTANY,04100215,KOTANYI,0.07 kg,ko,3.19,45.57,,,3.19,9001414040218,HRANA
MUESLI GRANOLA VOĆE 350g SANTE,90363367,SANTE,0.35 kg,ko,3.89,11.11,,,3.89,5900617002969,HRANA
KEKS PLAZMA MINI MINI 200g,90301853,BAMBI,0.20 kg,ko,2.25,11.25,,,2.25,8600043022346,HRANA
PAHULJICE LUMPI HONEY RINGS 250g,90593667,LUMPI,0.25 kg,ko,,3.6,0.9,1.06,1.06,3850334009333,HRANA
TJESTENINA U VREĆICI PILETINA 59.2g MAGGI,90407788,MAGGI,0.06 kg,ko,0.79,13.34,,,0.79,5201219488800,HRANA
CORDON BLEU PAN PILEĆI 400G LEDO,90157447,LEDO,0.40 kg,ko,8.19,20.48,,,7.69,3850116103891,HRANA
TUNA SALATA CUS CUS 210/160g OCEAN,90372970,OCEAN,0.16 kg,ko,,11.19,1.79,2.25,2.25,3850334189066,HRANA
TUNJ KOMADI SUNC ULJE 112G RIO MARE,90130170,RIO MARE,0.11 kg,ko,3.95,35.27,,,3.95,8004030595002,HRANA
ČOKOL MILKA CARAMEL PEANUT  276G,90251402,MILKA,0.28 kg,ko,6.79,24.6,,,6.79,7622210612267,HRANA
TORTILLA PŠEN MAXX 12X25CM 780g HRUS,90697787,HRUSTY,0.78 kg,ko,1.99,2.55,,,1.99,8605002359747,HRANA
MIX NESCAFE 3U1 CREAMY LATTE 10X15g VR,90607909,NESCAFE,0.15 kg,ko,2.99,19.93,,,2.99,8445290099785,HRANA
FANT KOSANI ODREZAK 90g VREĆ PODRAV,04160553,FANT,0.09 kg,ko,1.39,15.44,,,1.39,3850104048999,HRANA
PRSA PILEĆA S&F 400g PERUTNINA,90599053,SLIM&FIT,0.40 kg,ko,3.45,8.63,,,3.45,3850220154055,HRANA
STUDENTSKI MIX VEDRINI 400g,90303765,VEDRINI,0.40 kg,ko,4.79,11.98,,,4.79,3858889331848,HRANA
PUREĆA POSEBNA 1000g VINDIJA,02044207,VINDON,1.00 kg,kg,3.78,3.78,,,3.78,3850159128349,HRANA
PAHULJICE BEZ DOD. ŠEĆERA 500g RISE&SMILE,90668774,RISE&SMILE,0.50 kg,ko,,3.38,1.69,2.25,2.25,8605002356944,HRANA
MLIJEKO TR 1.5% BEZ LAKT 1L LJUB MLEK,90036037,LJUBLJ.MLEK.,1.00 l,ko,2.19,2.19,,,2.19,3838800049922,HRANA
VALJUŠCI 500g LEDO,02370042,LEDO,0.50 kg,ko,3.59,7.18,,,2.99,3850116535890,HRANA
TUBA VOĆNA HIPP JAB BAN JAG 100g,90290027,HIPP,0.10 kg,ko,1.35,13.5,,,1.35,4062300278547,HRANA
PUDING ŠLA VANIL 175g FINESSE,90713935,FINESSE,0.18 kg,ko,,1.66,0.29,0.29,0.39,3850334043368,HRANA
KOZICA SVJEŽA PAK KONZUM,02197318,,1.00 kg,kg,11.49,11.49,,,11.29,,HRANA
FILET LOSOSA PAK KONZUM,90072325,,1.00 kg,kg,21.49,21.49,,,19.99,,HRANA
BOMBON NEGRO 100g PIONIR,04190823,PIONIR,0.10 kg,ko,1.39,13.9,,,1.39,8602300204137,HRANA
PAŠTETA TUNA CLASS EVA 95G LIM,90158458,EVA,0.10 kg,ko,1.85,19.47,,,1.85,3850104274978,HRANA
PIK PEČENA ŠUNKA NAR 125g MA,90291848,PIK VRBOVEC,0.13 kg,ko,2.99,23.92,,,2.99,3850139350401,HRANA
ČOKOLADA ZA KUHANJE 200g KANDIT,04211370,KANDIT,0.20 kg,ko,3.99,19.95,,,3.99,3858881040298,HRANA
HAMBURGER PEČENI CCA 300-400g VAK KUDELIĆ,90382398,KUDELIĆ,1.00 kg,kg,6.99,6.99,,,6.99,,HRANA
BOMBONJERA GRIOTTE VREĆICA 153g,90049011,GRIOTTE,0.15 kg,ko,5.39,35.23,,,5.39,3850102008179,HRANA
JAJA SVJEŽA M 10/1 POD UZGOJ ŽITO,90835052,ŽITO,10.00 ko,ko,2.99,0.3,,,2.99,3859889611374,HRANA
SRIJEMSKA SALAMA NAR 80g,90045243,GAVRILOVIĆ,0.08 kg,ko,2.35,29.38,,,2.19,3858881227620,HRANA
MJEŠAVINA MEKSIČKA 400g LEDO,90668458,LEDO,0.40 kg,ko,3.49,8.73,,,3.49,3850116053431,HRANA
GRAH S HAMBURGEROM 400g PODRAVKA,02166105,PODRAVKA,0.40 kg,ko,3.89,9.73,,,3.69,3850104035746,HRANA
VRHNJE ZA KAVU 10% 10*10g ZOTT,02170418,ZOTT,0.10 kg,ko,0.79,7.9,,,0.53,40145037,HRANA
MORTADELA SAN GIORGIO 1/2 VP,90140329,GAVRILOVIĆ,1.00 kg,kg,8.29,8.29,,,8.49,3858881227026,HRANA
ČOKOL SAMO TI JAGODA 100g,04210002,SAMO TI,0.10 kg,ko,1.59,15.9,,,1.15,3858881065055,HRANA
HRENOVKE PIL SIR BEZ OV 300g CEKIN,02048161,CEKIN,0.30 kg,ko,2.15,7.17,,,2.15,3850159120817,HRANA
INSTANT NESCAFE CLASSIC XXL LIM 300g,90799855,NESCAFE,0.30 kg,ko,9.99,33.3,,,9.49,7891000383254,HRANA
ŠTRUDLICE PREKRAŠNI MIJEŠ VOĆE 200g,90789858,PREKRAŠNI ŠTRUDLICE,0.20 kg,ko,1.99,9.95,,,1.39,3850102009992,HRANA
BOMBON HARIBO CRVI 200g,04191372,HARIBO,0.20 kg,ko,2.45,12.25,,,2.45,9002975377218,HRANA
SIR TVRDI TARTUFIN 300g MIH,90486919,SIRANA MIH,0.30 kg,ko,14.49,48.3,,,14.49,3859891700646,HRANA
CAPP FR CLASSIC 112g KUT,90281750,FRANCK,0.11 kg,ko,,29.37,3.29,3.89,3.89,3858881088313,HRANA
MRVICE K PLUS 500g,90714158,K PLUS,0.50 kg,ko,1.05,2.1,,,1.05,3850334045584,HRANA
ŽV GUMA ORBIT REFRESH SPEARMINT BOČ 67g,90485452,WRIGLEY,0.07 kg,ko,4.2,62.69,,,4.2,4009900536257,HRANA
JUN GRUDI ,02411998,PIK VRBOVEC,1.00 kg,kg,9.29,9.29,,,8.49,3850139523140,HRANA
SLAD KING MAJESTIC 450ml,90764869,KING,0.45 l,ko,7.99,17.76,,,6.99,3850116064505,HRANA
DESERT ČOKOLADNA TORTICA DUO 2X25g,90704761,TORTICA,0.05 kg,ko,0.99,19.8,,,0.99,3850102005086,HRANA
KUPUS KISELI REZANI 500g MADIG,01400078,,0.50 kg,ko,1.09,2.18,,,1.09,3859891493036,HRANA
KAŠ INST KEKSOLINO 500g,04171102,LINO,0.50 kg,ko,4.99,9.98,,,4.99,3850104218804,HRANA
KOLAČ SACHER 450g K PLUS,90366018,K PLUS,0.45 kg,ko,3.98,8.84,,,3.98,3850334189516,HRANA
TUNJ SALATA QUINOA 160g EVA,90320967,EVA,0.16 kg,ko,4.29,26.81,,,4.29,3856020217679,HRANA
BISKVIT BARNI MILK 30g,04151404,BARNI,0.03 kg,ko,0.85,28.33,,,0.85,5906747318345,HRANA
UMAK RICOTTA MINUTE 400g,90406509,MINUTE,0.40 kg,ko,,4.48,1.79,1.79,2.29,3850334130396,HRANA
BOMBON TIC TAC STRAWBERRY MIX 18g,90669944,FERRERO,0.02 kg,ko,0.79,43.89,,,0.79,80800019,HRANA
ČOKOLADA KANDI NUGASSO 90g,90047123,KANDIT,0.09 kg,ko,1.85,20.56,,,1.85,3858881046726,HRANA
LIZALICE MINI NIMM2 120g,90177602,NIMM2,0.12 kg,ko,2.35,19.58,,,2.35,4014400930054,HRANA
ZELENA MJEŠAVINA S JEČMOM 400g LEDO,90568774,LEDO,0.40 kg,ko,2.99,7.48,,,2.99,3850116041445,HRANA
BRAŠ PIR 1kg  KARLA,90302735,KARLA,1.00 kg,ko,2.39,2.39,,,2.39,3858881506008,HRANA
BAKALAR BIANCO 165g TRENTON,90303567,TRENTON,0.17 kg,ko,3.99,24.18,,,3.99,3859893081217,HRANA
FLIPS SMOKI CLASSIC XXL 300g ŠTARK,90673858,SOKO ŠTARK,0.30 kg,ko,2.39,7.97,,,2.39,8600939508145,HRANA
KOLAČ ČUPAVCI  XXL 750 g MLINAR,90849648,MLINAR,0.75 kg,ko,11.19,14.92,,,11.19,3856028407201,HRANA
TIJESTO K PLUS PENNE PREM INT 500g,90072960,K PLUS,0.50 kg,ko,,1.98,0.99,1.39,1.39,3850334363527,HRANA
NAPITAK BARISTA ZOB 1L ALPRO,90448099,ALPRO,1.00 l,ko,3.89,3.89,,,3.89,5411188130550,HRANA
PUREĆA PRSA DIMLJ S&F PERUTNINA,90886740,SLIM&FIT,1.00 kg,kg,,9.99,9.99,15.99,15.99,3850220428927,HRANA
RIBLJE GLAVE SVJ PAK KONZUM,02197294,,1.00 kg,kg,2.49,2.49,,,2.49,,HRANA
DŽEM K PLUS ŠIPAK 840g,90066879,K PLUS,0.84 kg,ko,3.71,4.42,,,3.71,3850334351050,HRANA
SIR POSNI 500G POSUDICA VERONIKA,90267807,VERONIKA,0.50 kg,ko,2.75,5.5,,,2.75,3859889622929,HRANA
TORTA MEDENA S ORAS BEZ GLUT 800g MARLENKA,90248017,MARLENKA,0.80 kg,ko,16.99,21.24,,,16.99,8594071650872,HRANA
KREKER KUKUR PROTEIN BIO 90g ENCIAN,90623399,ENCIAN,0.09 kg,ko,1.99,22.11,,,1.99,3858890104295,HRANA
TIJESTO SPAGHETTINI 2 500g ZARA,04050178,PASTA ZARA,0.50 kg,ko,1.09,2.18,,,1.09,8004350130020,HRANA
TUNJ OCEAN KOM NATURALE 185 g/130 g,90869923,OCEAN,0.13 kg,ko,,11.46,1.49,1.89,1.79,3850334114488,HRANA
TIJESTO FARFALLE 65 500g BARILLA,04310327,BARILLA,0.50 kg,ko,2.85,5.7,,,2.85,8076809580144,HRANA
KAVA MLJEV VIENNA JULIUS M 220g,90804881,JULIUS MEINL,0.22 kg,ko,7.09,32.23,,,6.59,9000403975456,HRANA
MLIJEKO ČOKOLADNO 'ZB 0.5L VINDIJA,02230427,Z BREGOV,0.50 l,ko,1.59,3.18,,,1.59,3850108023350,HRANA
ČAJ UVIN H 60g NATURAVITA,90407195,NATURAVITA,0.06 kg,ko,2.19,36.5,,,1.99,3858884092034,HRANA
TIJESTO SPAGHETTONI 4 500g ZARA,04050177,PASTA ZARA,0.50 kg,ko,1.09,2.18,,,1.09,8004350130044,HRANA
JUHA KOKOŠJA BISTRA S TJEST 52g PODR,04169012,PODRAVKA,0.05 kg,ko,0.89,17.12,,,0.89,3850104252518,HRANA
KOBASICE SUHE ISTAR BOŠKARIN 167g BURETIĆ,90404116,BURETIĆ,0.17 kg,ko,8.29,49.64,,,8.29,3859893159251,HRANA
TUNA NAMAZ 100g ZVIJEZDA,90733003,ZVIJEZDA,0.10 kg,ko,1.99,19.9,,,1.99,3856015329370,HRANA
ŠEĆER KOCKA 500g RIO PAK,04129016,RIO PAK,0.50 kg,ko,2.39,4.78,,,2.39,3859888279476,HRANA
SLAD GELATISSIMO VANILIJA Š VOĆE 1L,90360370,GELATISSIMO,1.00 l,ko,2.49,2.49,,,2.49,3850334433886,HRANA
TORTA MEDENA S ORASIMA 800g MARLENKA,90437999,MARLENKA,0.80 kg,ko,15.99,19.99,,,15.99,8594071650018,HRANA
KOBASICE ROŠTILJ 320g KUDELIĆ,90713563,KUDELIĆ,0.32 kg,ko,3.99,12.47,,,3.49,3859891672608,HRANA
TIJESTO K PLUS SPAGH PREMIUM 500g,90072954,K PLUS,0.50 kg,ko,,1.98,0.99,1.05,1.05,3850334363497,HRANA
GRAH SMEĐI 240g GIANA,90800118,GIANA,0.24 kg,ko,0.5,2.08,,,0.79,8594012794948,HRANA
KAVA ILLY U ZRNU 250g ,04073974,ILLY,0.25 kg,ko,10.29,41.16,,,10.29,8003753900520,HRANA
ČAJ FUNKC. DETOX 40g FRANCK,90362203,FRANCK,0.04 kg,ko,2.99,74.75,,,2.99,3850291049069,HRANA
MLIJEKO FIT ČOKOLADA 0.5L BOCA DUKAT,90230793,DUKAT,0.50 l,ko,2.29,4.58,,,2.29,3850354007814,HRANA
ODRESCI PIL PANIRANI CORNFLAKES 900g,90409045,CEKIN,0.90 kg,ko,11.59,12.88,,,11.59,3850159141768,HRANA
NAPOLITANKA CLASIC 740g,90089101,KOESTLIN,0.74 kg,ko,4.79,6.47,,,4.79,3856014114977,HRANA
TUBA FRULLÀ BIO JAB/JAG 100g,90734704,FRULLA,0.10 kg,ko,0.89,8.9,,,0.89,8024985011037,HRANA
SLADILO NATREEN TABLETE 120 KOM,90599783,NATREN,0.01 kg,ko,3.59,472.37,,,2.99,8711000476260,HRANA
PUDING PRAL&TAMN ČOK TRES CHIC 200g VINDIJA,90409713,VINDIJA,0.20 kg,ko,1.25,6.25,,,1.25,3850108023923,HRANA
GRAH KRUPNI BIJELI 400g PODRAVKA,90219181,PODRAVKA,0.40 kg,ko,1.39,3.48,,,1.39,3850104283536,HRANA
RAŽNJIĆI PUREĆI S PAPRIKOM 470g SVJ,02455512,VINDON,0.47 kg,ko,7.99,17,,,6.99,3850339419083,HRANA
BOMBON GUMEN EUKALIPT HERBA ŠUMI 90,90110331,ŠUMI,0.09 kg,ko,1.19,13.22,,,1.19,3838700040678,HRANA
KAVA STARB CAFFE LATTE DG 12/1 121.2g ,90494007,STARBUCKS,0.12 kg,ko,6.49,53.55,,,6.49,7613287009647,HRANA
ČOKOLADA FINESSE CHOC&BL COOK 250 g,90854975,FINESSE,0.25 kg,ko,,13.2,3.3,3.89,3.69,8605028614561,HRANA
VAFL MANNER TORTICE CHOCO BROW 400g,90403944,MANNER,0.40 kg,ko,4.29,10.73,,,3.99,9000331627908,HRANA
FEFERON K PLUS BLAGI 160g,01560305,K PLUS,0.16 kg,ko,1.69,10.56,,,1.69,3850334411792,HRANA
KAVA INSTANT LIM CLASSIC 95 g ILLY,90749734,ILLY,0.10 kg,ko,9.99,105.16,,,9.99,8003753144337,HRANA
GRAH ZAPEČENI 400g PODRAVKA,90074374,PODRAVKA,0.40 kg,ko,2.69,6.73,,,2.69,3858886465997,HRANA
KAVA BARCAFFE BLACK&EASY SUGAR 11g,90215819,BARCAFFE,0.01 kg,ko,0.39,35.45,,,0.39,3838471030359,HRANA
UMAK BOSILJAK 410g PODRAVKA,90412273,PODRAVKA,0.41 kg,ko,3.19,7.78,,,3.19,3856020242237,HRANA
KEKS BELVITA SOFT ČOK KOMADIĆI 250g,90381659,BELVITA,0.25 kg,ko,3.35,13.4,,,3.35,7622210609540,HRANA
FILEKI 300g GAVRILOVIĆ,90377513,GAVRILOVIĆ,0.30 kg,ko,3.49,11.63,,,3.49,3858892720936,HRANA
ULJE OD KOKOSA BEZ MIRISA 1000ml ENCIAN,90403166,ENCIAN,1.00 l,ko,7.99,7.99,,,7.99,3858890103847,HRANA
ČOKOLADA KANDI LJEŠNJAK 80g,90047113,KANDIT,0.08 kg,ko,1.85,23.13,,,1.85,3858881046665,HRANA
MINI HOT DOG 700 g LEDO,90825018,LEDO,0.80 kg,ko,,5.23,4.18,4.99,4.99,3850116066035,HRANA
ZAČIN KURKUMA VR 110G VEGETA MAESTRO,90599295,VEGETA MAESTRO,0.11 kg,ko,2.69,24.45,,,2.69,3856020256326,HRANA
DESERT KINDER MAXI T6X20 126g,04221439,FERRERO,0.13 kg,ko,2.89,22.94,,,2.59,80310167,HRANA
TIJESTO K PLUS GRAMIGNONE 027 500g,90409057,K PLUS,0.50 kg,ko,1.29,2.58,,,1.29,,HRANA
ČOKOLADA MILKA ALPSKA 250 g,90890015,MILKA,0.25 kg,ko,5.99,23.96,,,5.99,7622202257827,HRANA
MUESLI TAMNA ČOKOLADA 375g DR OETKER,04171123,VITALIS,0.38 kg,ko,4.19,11.17,,,4.19,4000521002954,HRANA
ČAJ K PLUS ĐUMBIR LIMUN 20x2 g,90749830,K PLUS,0.02 kg,ko,1.25,62.5,,,1.25,3850334110503,HRANA
GROŽĐICA GARD GOOD TAMNA JUMBO 180g,90553211,GARDEN GOOD,0.18 kg,ko,1.49,8.27,,,1.29,3838900987896,HRANA
FILET MARINI INCUNA U SU ULJU 75g,90058923,ARBASOL,0.05 kg,ko,3.39,75.33,,,3.39,3859891895069,HRANA
TIJESTO LAZANJE ZELENE 500g KLARA M,04050523,KLARA M,0.50 kg,ko,4.79,9.58,,,4.39,3859888499119,HRANA
ČAJ KOPRIVA LIST AGRISTAR 50g,90077253,AGRISTAR,0.05 kg,ko,1.79,35.8,,,1.79,3858886500438,HRANA
PUR MARINIRANI RAŽNJIĆI 470g PIKANT VINDIJA,90331285,VINDON,0.47 kg,ko,7.99,17,,,6.99,3850339489086,HRANA
KEKS BOOM BOX ZOBENI KOKOS 50g,90487099,BOOM BOX,0.05 kg,ko,1.19,23.8,,,0.99,3858890476866,HRANA
MASLINE SNACK KALAMATA ODKOŠT 65g,90187365,GAEA,0.07 kg,ko,2.59,39.85,,,2.59,5201671801513,HRANA
NAMAZ PROTEIN COCOA CREAM 200g,90340913,POLLEO,0.20 kg,ko,5.99,29.95,,,5.99,3859893008801,HRANA
KAVA ANAMARIA ESPR VENDI ZRNO 1000g,90573029,ANAMARIA,1.00 kg,ko,19.99,19.99,,,21.29,3858881771581,HRANA
KAVA PERFETTO MACC NOISETTE DG 10/1 140g,90572841,BARCAFFE,0.14 kg,ko,4.49,32.07,,,3.98,3838471045339,HRANA
UMAK 4 VRSTE SIRA 42 g FANT,90770341,FANT,0.04 kg,ko,1.19,28.33,,,1.19,3856020269432,HRANA
DESERT KINDER CRISPY 34 g,90869764,FERRERO,0.03 kg,ko,1.19,35,,,1.09,8000500434123,HRANA
ČIPS LAY'S OVEN BAKED SLANI 110g,90720103,PEPSICO,0.11 kg,ko,2.69,24.45,,,2.59,5900259128652,HRANA
MUESLI RISE&SMILE CLASSIC 750g,90726177,RISE&SMILE,0.75 kg,ko,,3.03,2.27,2.85,2.85,3850334045522,HRANA
KAŠ INST FRUTOLINO 200g,04174521,LINO,0.20 kg,ko,2.59,12.95,,,2.59,3850104230073,HRANA
JEČMENA KAŠA 1kg MLIN PUKANIC,90404101,MLIN PUKANIĆ,1.00 kg,ko,1.69,1.69,,,1.69,3859892888527,HRANA
FANT ZA SLAV ČOB LJUT 90 g PODRAVKA,90484410,FANT,0.09 kg,ko,1.39,15.44,,,1.39,3850104226786,HRANA
DŽEM K PLUS EXTRA KUPINA 350g,90794846,K PLUS,0.35 kg,ko,,5.69,1.99,2.99,2.99,3850334111760,HRANA
KEKS GRISBI LJEŠNJAK 135g,90810069,GRISBI,0.14 kg,ko,2.29,16.96,,,2.29,8000350007928,HRANA
NAMAZ SPECIAL MOMENTS PISTACIJA 190g,90880045,SPECIAL MOMENTS,0.19 kg,ko,5.99,31.53,,,5.99,3850334437624,HRANA
HREN 100g STAKLO MAUTNER,90382452,MAUTNER MARK,0.10 kg,ko,1.59,15.9,,,1.59,90119736,HRANA
MUFFINS ČOKOLADNI 360g DR OETKER,04182080,DR OETKER,0.36 kg,ko,3.85,10.69,,,3.85,5997381372169,HRANA
PAPAR CRNI ZRNO 50g FRANCK,04100304,FRANCK,0.05 kg,ko,2.39,47.8,,,2.39,3858881083110,HRANA
SIRNI NAMAZ KAJMAK 150g ZDENKA,90433057,ZDENKA,0.15 kg,ko,2.19,14.6,,,2.19,3858888596972,HRANA
FANT ZA LAZANJE 70g PODRAVKA,90351306,FANT,0.07 kg,ko,1.49,21.29,,,1.39,3850104295492,HRANA
KAŠICA HIPP ŠPAGETI BOLOGNESE 190g,03140525,HIPP,0.19 kg,ko,,8.89,1.69,1.99,1.99,4062300266247,HRANA
MLIJEKO KOKOS 400ml YOUWOK,01496118,YOUWOK.COM,0.40 l,ko,3.19,7.98,,,3.99,8717228380242,HRANA
PRŠUT NARESCI 90 g PREMIUM DOBRO,90851045,DOBRO,0.09 kg,ko,3.99,44.33,,,3.99,3850133816224,HRANA
PASTA ČEŠNJAK TUBA 90g PODRAVKA,90730908,PODRAVKA,0.09 kg,ko,1.69,18.78,,,1.69,3856020263539,HRANA
TJEST ŠKOLJKICE MRK JAJ 400g MARODI,90599564,MARODI,0.40 kg,ko,2.69,6.73,,,2.69,3859888666740,HRANA
PAPRIKA CRVENA FILET 300g PODRAVKA,01510803,PODRAVKA,0.30 kg,ko,3.79,12.63,,,3.79,3850104040467,HRANA
SIR POLUTV GOUDA 250g ZDENKA,02055620,ZDENKA,0.25 kg,ko,4.19,16.76,,,4.19,3858888590512,HRANA
ROŠTILJ KOBASICA,02403736,KONZUM,1.00 ko,ko,8.23,8.23,,,8.23,,HRANA
PUDING PROT LJEŠ 200g STAY STRONG,90764694,STAY STRONG,0.20 kg,ko,,7.45,1.49,1.49,1.49,3850354018612,HRANA
BRAŠNO HELJDINO 1kg FARINA SPECIALE,90403548,FARINA,1.00 kg,ko,3.69,3.69,,,3.69,3858887101023,HRANA
SLAD MONTE KORNET 4x120ml,90703708,MONTE,0.48 l,ko,7.99,16.62,,,6.99,4014500519821,HRANA
KAVA PERFETTO ESPRESSO DG 10/1 70g BAR,90363502,BARCAFFE,0.07 kg,ko,4.49,64.14,,,3.98,3838471037754,HRANA
PUDING JAGODA 120g 3X40g PODRAVKA,04181600,DOLCELA,0.12 kg,ko,1.99,16.58,,,1.99,3850104219344,HRANA
ŠTRUDLA SPECIAL M ČOKO JAGODA 145 g,90880151,SPECIAL MOMENTS,0.15 kg,ko,1.29,8.9,,,1.29,3850334437075,HRANA
TIJESTO FIDELINI GNIJE JAJ  250g ZL POLJE,04050026,ZLATO POLJE,0.25 kg,ko,1.99,7.96,,,1.99,3838700011432,HRANA
TUBA FRUTOLINO VOĆE/PIR 100g,90568457,LINO,0.10 kg,ko,1.39,13.9,,,1.39,3856020248185,HRANA
MLIJEKO UHT BEZ LAKT 1.5% 1 L MEGGLE,90775194,MEGGLE,1.00 l,ko,1.99,1.99,,,1.99,3870085010006,HRANA
TOFU SVJEŽI EKO 200g,90670409,BIO ZONE,0.20 kg,ko,1.59,7.95,,,1.59,3850334021359,HRANA
TIJES BARILLA PENNE RIG INTEG 500g,04052280,BARILLA,0.50 kg,ko,3.09,6.18,,,3.09,8076809529433,HRANA
SOL SOLNI CVIJET 150g SOLANA PAG,04110051,SOLANA PAG,0.15 kg,ko,7.99,53.27,,,7.99,3859888155763,HRANA
MARINADA TERIYAKI 250g KIKKOMAN,01490587,KIKKOMAN,0.25 kg,ko,6.49,25.96,,,6.49,8715035210301,HRANA
DRESSING THOUS ISLANDS 250ML KUHNE,01491220,KUHNE,0.25 l,ko,2.89,11.56,,,2.89,40122472,HRANA
ORAH IND JEZGRA PEČENA 150 g NATURA,90850601,NATURA,0.15 kg,ko,4.79,31.93,,,4.79,3859890587224,HRANA
DVOPEK INTEGRALNI 330g NATUREL,90453644,NATUREL,0.33 kg,ko,2.45,7.42,,,2.45,3858889365263,HRANA
JOGURT LAG JUTRO JAGODA 330g DUKAT,90764662,LAGANO JUTRO,0.33 kg,ko,1.59,4.82,,,1.59,3850354018209,HRANA
TJESTENINA SPAGHETTI MARODI 400g,90104245,MARODI,0.40 kg,ko,1.89,4.73,,,1.9,3859888666399,HRANA
BOMBON ŠUMI MIX 400g ŽITO,04196694,ŠUMI,0.40 kg,ko,3.99,9.98,,,3.99,3838700040937,HRANA
UMAK ZA HAMB SQUEZZE 250ML DEVELEY,90236729,DEVELEY,0.25 l,ko,2.99,11.96,,,2.99,4006824004404,HRANA
SENF BLAGI TUBA 100g THOMY,01530001,THOMY,0.10 kg,ko,1.79,17.9,,,1.79,7613287084644,HRANA
KREMA TIRAMISU 100g DOLCELA,04180075,DOLCELA,0.10 kg,ko,2.29,22.9,,,2.09,3850104066405,HRANA
KRASTAVAC DELIKATES 290g DOORA,90697855,DOORA,0.29 kg,ko,2.39,8.24,,,2.39,3858894541669,HRANA
MEĐ.PILE PILEĆI MIX MINI 500 g,90864975,MEĐIMURSKO PILE,0.50 kg,ko,2.49,4.98,,,2.49,3850220428507,HRANA
TEL REBRA I PRSA SK MARTINJAK DOMAĆA,90669291,MARTINJAK,1.00 kg,kg,12.49,12.49,,,10.49,3859893702518,HRANA
SUDŽUK 400G GAVRILOVIĆ,90169428,GAVRILOVIĆ,0.40 kg,ko,13.99,34.98,,,10.99,3858890203691,HRANA
OCAT K PLUS JABUČNI 1L,03120129,K PLUS,1.00 l,ko,1.05,1.05,,,1.05,3850334125309,HRANA
PAŠTETA KOKOŠJA 95g LO PODRAVKA,90308799,PODRAVKA,0.10 kg,ko,1.29,13.58,,,1.29,3858886469377,HRANA
SENF ESTRAGON TUBA 100g PODRAVKA,01530317,PODRAVKA,0.10 kg,ko,1.59,15.9,,,1.59,3850104023019,HRANA
ČAJ MARELICA FILT OMOT 60g FRANCK,04091003,FRANCK,0.06 kg,ko,2.49,41.5,,,2.29,3858881082076,HRANA
ŠTRUDLICE PREKRAŠNI JABUKA 200g,90789855,PREKRAŠNI ŠTRUDLICE,0.20 kg,ko,1.99,9.95,,,1.39,3850102009985,HRANA
NAPITAK SOJA ORGINAL 1L ALPRO,90401360,ALPRO,1.00 l,ko,,1.99,1.99,3.09,3.09,5411188543381,HRANA
KOLAČ STRACCIATELLA 400g,90739703,JOMO,0.40 kg,ko,2.89,7.23,,,2.79,9002287005311,HRANA
UMAK NAPOLITANA 400g BARILLA,01495019,BARILLA,0.40 kg,ko,3.29,8.23,,,3.29,8076809513692,HRANA
SIR ZRNATI SA VLASCEM 200G PRESIDENT,90281708,PRESIDENT,0.20 kg,ko,2.49,12.45,,,2.29,3850355005307,HRANA
RIŽA SANT ANDREA 1kg  SCOTTI,90298098,RISO SCOTTI,1.00 kg,ko,4.99,4.99,,,4.99,8001860251108,HRANA
DESERT KINDER COUNTRY T4 94G,90153060,FERRERO,0.09 kg,ko,2.79,29.68,,,2.49,8000500199985,HRANA
TJEST.RIBANA KAŠA MRKVA KPLUS 400G,90166209,K PLUS,0.35 kg,ko,,3.11,1.09,1.29,1.33,3850334410511,HRANA
PIKNIK TEXAS KRILCA  500g/4kg,90494224,PIKNIK,0.50 kg,ko,4.25,8.5,,,4.25,3838977041439,HRANA
PECIVO S BUČINIM KOŠTICAMA 120g KLAR,90076716,KLARA,0.12 kg,ko,0.95,7.92,,,0.95,3858881322158,HRANA
KREKER RIŽA SLANI ACTIVE ZONE 120 g,90780001,ACTIVE ZONE,0.12 kg,ko,,6.58,0.79,0.99,0.99,3838900837429,HRANA
INSTANT NES GOLD CREMA ST 95g,90703435,NESCAFE,0.10 kg,ko,7.99,84.11,,,7.49,8445290502353,HRANA
ČOKOLADA ZA KUHANJE  XXL 400 g KANDIT,90835098,KANDIT,0.40 kg,ko,4.19,10.48,,,4.99,3858889866753,HRANA
KEKS BREAKFAST CEREALS/CHOCO 160g,90080742,BREAKFAST,0.16 kg,ko,2.09,13.06,,,1.89,3856014113543,HRANA
MLIJEKO ZA KAVU MARESI 250g,90518149,MARESI,0.25 kg,ko,1.79,7.16,,,1.65,90027871,HRANA
MLIJEKO ZAMJ BEBIMIL 3 AKTIV 500g,90400874,BEBIMIL,0.50 kg,ko,,15.38,7.69,8.95,8.95,9007253104920,HRANA
SLAD TORTERIE PISTACIJA 500ml,90487015,TORTERIE MACARON,0.50 l,ko,6.99,13.98,,,7.89,3859893855009,HRANA
ČOKOLADA MILKA GINGERBREAD 300g,90730977,MILKA,0.30 kg,ko,6.79,22.63,,,6.79,7622201386191,HRANA
CAPPUCCINO NESCAFE VANILLA 8/1 112 g,90869941,NESCAFE,0.11 kg,ko,,26.7,2.99,3.99,2.99,8445291532045,HRANA
ČOKOL MILKA CHOCO&COOKIE 300g,90494290,MILKA,0.30 kg,ko,6.79,22.63,,,6.79,7622201787790,HRANA
PLATA SLAVONSKA 8 KONZUM,90204702,,0.83 kg,ko,19.91,23.89,,,19.91,,HRANA
KAVA ESPRESSO ZRNO CLAS 500g FRANCK,90707102,FRANCK,0.50 kg,ko,12.69,25.38,,,12.69,3850291054001,HRANA
RIŽA ORIGINARIO 1kg GALLO,04060021,RISO GALLO,1.00 kg,ko,4.59,4.59,,,4.59,8001420001594,HRANA
ČOKOL LINDT DARK EXCELL 70% 100g,04210560,LINDT,0.10 kg,ko,5.29,52.9,,,4.29,3046920022323,HRANA
ZAČIN ORIGANO USITNJ VR 5g VEGETA MAESTRO,90282031,VEGETA MAESTRO,0.01 kg,ko,0.89,178,,,0.89,3850104294570,HRANA
 PAPAR CRNI MLJEV. VR 50g VEGETA MAESTRO,90364221,VEGETA MAESTRO,0.05 kg,ko,2.29,45.8,,,2.29,3850104294822,HRANA
SENDVIČ PANE AMORE PILETINA RIK 140G,90409398,PANE AMORE,0.14 kg,ko,2.79,19.93,,,2.79,8020693070106,HRANA
NAMAZ LINO LADA KOKOS 350g PODRAVKA,90231961,LINO LADA,0.35 kg,ko,3.99,11.4,,,3.99,3850104284458,HRANA
KVASAC SVJEŽI 42g HARMER,90373330,HARMER,0.04 kg,ko,0.35,8.33,,,0.35,42436881,HRANA
MED BAGREM 900g PIP,04130101,PIP,0.90 kg,ko,10.69,11.88,,,10.69,3859888500044,HRANA
ČIPI ČIPS PRŠUT 130 g,90751030,ČIPI ČIPS,0.13 kg,ko,2.19,16.85,,,2.19,3856021306525,HRANA
TORTILLA OD KUKUR 8KOM 320g LA FIESTA,01490586,LA FIESTA,0.32 kg,ko,2.99,9.34,,,2.99,5412514934958,HRANA
TJESTENINA S CARBONARA UMAKOM 160g MINUTE,90677709,MINUTE,0.16 kg,ko,,8.06,1.29,1.29,1.69,3850334042866,HRANA
ŽV GUMA ORBIT REFRESH BUBBLEMINT 15.6g,90569165,WRIGLEY,0.02 kg,ko,0.99,63.46,,,0.99,4009900535823,HRANA
BRAŠNO OŠTRO T-400 2kg PODRAVKA,90396538,PODRAVKA,2.00 kg,ko,1.59,0.8,,,1.59,3850104223648,HRANA
PAHULJ LINO PILLOWS 250g PODRAVKA,04170926,LINO,0.25 kg,ko,3.49,13.96,,,3.49,3850104258978,HRANA
FANTAZIJA EC MAHUN ŽITAR MIX  500g,04160956,EUROCOMPANY,0.50 kg,ko,1.99,3.98,,,1.99,3872084000927,HRANA
SENF ESTRAGON ST 200g PODRAVKA,01530101,PODRAVKA,0.20 kg,ko,2.19,10.95,,,2.19,3850104092176,HRANA
CAPPUCCINO RITUAL VANILIJA VR 200g,90683009,RITUAL,0.20 kg,ko,,8.95,1.79,2.29,1.95,8605002356425,HRANA
SIR POLUTV DIMEK 150G,90159712,VINDIJA SIREVI,0.15 kg,ko,2.99,19.93,,,2.99,3850108057744,HRANA
KAVA LEDENA HELL KARAMELA 250ml,90623106,HELL ENERGY,0.25 l,ko,1.59,6.36,,,1.45,5999571050611,HRANA
KAŠICA FRUTEK MAREL KRUŠ 190g,03140457,FRUTEK,0.19 kg,ko,,6.79,1.29,1.29,1.75,3838945503136,HRANA
KOMPOT GARDEN GOOD MARELICA 480g/825g,90673218,GARDEN GOOD,0.48 kg,ko,,4.15,1.99,2.59,2.59,3838900825211,HRANA
JEGER DOM VAK KUDELIĆ,90390358,KUDELIĆ,1.00 kg,kg,11.99,11.99,,,11.49,,HRANA
SOK 100% JABUKA JUICY 1L,90037585,JUICY,1.00 l,ko,2.29,2.29,,,2.29,3858890970210,PIĆE
NAPITAK HELL ENERGY ZERO 0.25L,90603229,HELL,0.25 l,ko,1.09,4.36,,,1.09,5999884034445,PIĆE
GAZ PIĆE COCA COLA 0.3L PET ,90785019,COCA COLA,0.30 l,ko,0.95,3.17,,,0.95,,PIĆE
PROSECCO VILLA SANDI 0.75L,03021797,VILLA SANDI,0.75 l,ko,12.15,16.2,,,12.15,8017494837014,PIĆE
MIN VODA STUDENAC 0.5L GAZ PET,03180794,STUDENAC,0.50 l,ko,0.79,1.58,,,0.79,3856022300911,PIĆE
VODKA ABSOLUT BLUE 0.7L 40%,03063431,ABSOLUT,0.70 l,ko,17.99,25.7,,,17.55,7312040553150,PIĆE
LIKER PELINKOVAC 1L MARASKA,03075806,MARASKA,1.00 l,ko,15.49,15.49,,,15.49,3850158406752,PIĆE
NEKTAR CRNI RIB HAPPY DAY 1L,03142017,HAPPY DAY,1.00 l,ko,2.29,2.29,,,2.29,9008700181860,PIĆE
NAPITAK MONSTER RIO PUNCH 0.5 L,90889892,MONSTER,0.50 l,ko,1.95,3.9,,,1.95,5056784904466,PIĆE
VINO MUŠKAT RUŽA 0.5L VINA LAGUNA,90311404,LAGUNA,0.50 l,ko,11.89,23.78,,,11.89,3858881191822,PIĆE
LEDENI ČAJ FUZE TEA ZERO PASFRT 0.5l,90361073,FUZETEA,0.50 l,ko,1.25,2.5,,,1.25,5449000269461,PIĆE
PIĆE GAZ COCA COLA 5+1 GR 0.33L LIM,90484772,COCA COLA,1.65 l,ko,5.45,3.3,,,5.45,5000112652857,PIĆE
COCKTAIL MARGARITA 0.33L NB ,90599785,A LE COQ,0.33 l,ko,1.65,5,,,1.55,4740098002895,PIĆE
SIRUP CRNI RIBIZ 0.5L BOBO,90571024,BOBO,0.50 l,ko,5.69,11.38,,,5.69,3859893313561,PIĆE
LIKER PELINKOVAC 0.7L MARASKA,90186599,MARASKA,0.70 l,ko,12.05,17.21,,,12.05,3850158406820,PIĆE
NEKTAR HAPPY DAY FAMILY JABUKA 1L,90648097,HAPPY DAY,1.00 l,ko,2.09,2.09,,,1.99,9008700218184,PIĆE
CEDEVITA FRESH LIMETA 0.34L,90405344,CEDEVITA,0.34 l,ko,,3.5,1.19,1.19,1.15,3850322013403,PIĆE
PIVO STAROČEŠKO 0.5L LIM,90514001,STAROČEŠKO,0.50 l,ko,1.39,2.78,,,1.39,3859892222185,PIĆE
VINO SHIRAZ 0.75L JP CHENET,90099234,JP CHENET,0.75 l,ko,6.09,8.12,,,5.85,3263289998711,PIĆE
NEKTAR CRNI RIBIZ VINDI 1L,90785365,VINDI,1.00 l,ko,1.99,1.99,,,1.99,3850108074321,PIĆE
PIVO OŽUJSKO 6x0.50l LIM,90402959,OŽUJSKO,3.00 l,ko,,2.33,6.99,7.99,7.69,3850131005682,PIĆE
PIĆE ALKOH HOLIDAY CREAM 0.7L,90424685,HOLIDAY CREAM,0.70 l,ko,8.29,11.84,,,8.29,4009887221702,PIĆE
VISKI MONKEY SHOULDER 0.70 L,90234946,MONKEY SHOULDER,0.70 l,ko,35.05,50.07,,,35.05,5010327105215,PIĆE
VISKI J WALKER RED LAB 0.7+2ČAŠE,03080563,JOHNNIE WALKER,0.70 l,ko,19.29,27.56,,,19.29,3859894245106,PIĆE
VINO TERAN TERRA VINEA 0.75L,90528192,TERRA VINEA,0.75 l,ko,,4.92,3.69,6.49,4.99,3850334519634,PIĆE
GAZ PIĆE PIPI NARA 0.5L PET DALMACI,03160037,PIPI,0.50 l,ko,1.15,2.3,,,1.15,3870183400006,PIĆE
NEKTAR BRES MAR JABUKA 0.2L,03140216,VINDI,0.20 l,ko,0.65,3.25,,,0.65,3850108079753,PIĆE
NAPITAK ISO SPORT LIMUN-GREJP 4X1L,90745464,ISO SPORT,4.00 l,ko,4.19,1.05,,,4.29,3850108877991,PIĆE
PIVO KLAAS 0.5L LIM,90633079,KLAAS,0.50 l,ko,,1.28,0.64,0.82,0.64,3850334113108,PIĆE
RAKIJA LOZA VINOPLOD 1L ,90484925,VINOPLOD,1.00 l,ko,14.05,14.05,,,14.05,3858892460405,PIĆE
PIVO OŽUJSKO 0.5L BOCA POV AMB ZG PI,03130524,OŽUJSKO,0.50 l,ko,1.19,2.38,,,1.19,38501692,PIĆE
PJENUŠAC MIA DELICAT FREIXENET 0.75L,90424812,FREIXENET,0.75 l,ko,8.99,11.99,,,8.99,8410384012087,PIĆE
VODKA COSMOPOLITAN 1L MARASKA,03081038,MARASKA,1.00 l,ko,11.99,11.99,,,11.99,3850158409005,PIĆE
VISKI OLD SMUGGLER 0.7L 40% BLENDED,03082792,OLD SMUGGLER,0.70 l,ko,12.69,18.13,,,12.69,5010327605005,PIĆE
LIKER CAMPARI 0.7L,90380765,CAMPARI,0.70 l,ko,20.69,29.56,,,20.69,8000040001106,PIĆE
NEKTAR+PIĆA VINDI MIX OKUSA 4X1L,90682932,VINDI,4.00 l,ko,4.39,1.1,,,4.39,3850108074390,PIĆE
LIKER PELINKOVAC 1L DEGENIJA,03071675,DEGENIJA,1.00 l,ko,13.65,13.65,,,13.65,3859889693066,PIĆE
VODA FUNKC JANA VIT REFRESH 1.5L,90373162,JANA,1.50 l,ko,1.79,1.19,,,1.59,3858890874686,PIĆE
NAPITAK MONSTER KHAOTIC 0.5L,90707628,MONSTER,0.50 l,ko,1.95,3.9,,,1.95,5060947544185,PIĆE
NAPITAK RED BULL ZERO 0.25 L,90875398,RED BULL,0.25 l,ko,1.69,6.76,,,1.19,90474637,PIĆE
GAZ PIĆE LEMONISH LIMUN 1.25 L,90889859,LEMONISH,1.25 l,ko,2.29,1.83,,,2.29,3838471049023,PIĆE
VINO SYRAH LA CACCIATORA 0.75L,90147596,LA CACCIATORA,0.75 l,ko,7.29,9.72,,,6.95,8004300018873,PIĆE
SOK FRUCTAL JABUKA 0.2L,90171698,FRUCTAL,0.20 l,ko,0.95,4.75,,,0.95,3838945028547,PIĆE
GIN FINSBURY LONDON DRY 0.7L,90874941,FINSBURY,0.70 l,ko,13.99,19.99,,,13.99,4062400111218,PIĆE
NEGAZ PIĆE JUICY FRUITS LIMUNADA 1.5L,03141833,JUICY FRUITS,1.50 l,ko,1.69,1.13,,,1.69,3858890975185,PIĆE
GIN BEEFEATER PINK 0.7l,90330864,BEEFEATER,0.75 l,ko,22.69,30.25,,,22.69,5000299605950,PIĆE
VISKI CHIVAS REGAL 12 YO 0.7L,03085107,CHIVAS REGAL,0.70 l,ko,33.99,48.56,,,32.05,0080432402931,PIĆE
NEG PIĆE FRUC MULTI 1.5L PET,90603095,FRUCTAL,1.50 l,ko,1.75,1.17,,,1.75,3838945501231,PIĆE
VINO CRNO PLAVAC 1L PUTNIKOVIĆ,90236008,PUTNIKOVIĆ,1.00 l,ko,4.89,4.89,,,4.89,3859889291071,PIĆE
PIVO BENEDIKTINER PŠENIČNO 5 L BAČVICA,90795383,BENEDIKTINER,5.00 l,ko,15.79,3.16,,,15.79,3859892482121,PIĆE
PJENUŠAC SREBRNA PENINA MUŠKAT 0.75L,90874693,RADGONSKE GORICE,0.75 l,ko,9.85,13.13,,,9.85,3830000344074,PIĆE
COGNAC COURVOISIER VS 0.7 L,90874780,COURVOISIER,0.70 l,ko,41.29,58.99,,,41.29,3049197110076,PIĆE
ENERG NAPITAK PROGAME MANGO-MARELICA 0.5L,90573802,PROGAME,0.50 l,ko,1.49,2.98,,,1.49,3858890877861,PIĆE
NEG PIĆE MULTIVIT CAPRI SONNE 0.2L,03140107,CAPRI SONNE,0.20 l,ko,0.53,2.65,,,0.53,4000177407509,PIĆE
SIRUP JABUKA LIM TRAVA FRUCTAL  1L,90484512,FRUCTAL,1.00 l,ko,2.99,2.99,,,2.99,3838945038928,PIĆE
NAPITAK RED BULL SUMMER PEACH 0.25 L,90884947,RED BULL,0.25 l,ko,1.69,6.76,,,1.19,90474729,PIĆE
PRAŠK. NAPITAK MOJ DAN LIMUN 1000g,90662967,MOJ DAN,1.00 kg,ko,4.25,4.25,,,4.25,8605028604609,PIĆE
PIVO HEINEKEN 0.33L NEP AMB BOCA,03040410,HEINEKEN,0.33 l,ko,1.85,5.61,,,1.79,3850103901189,PIĆE
GAZ PIĆE COCKTA ORIGINAL 1.5L,90310493,COCKTA,1.50 l,ko,1.85,1.23,,,1.55,3838471032537,PIĆE
PIĆE GAZIRANO SKY COLA ZERO 0.5L,90382312,SKY,0.50 l,ko,0.95,1.9,,,0.95,3875000181625,PIĆE
PIĆE GAZ FANTA SHOKATA 2L,90484789,FANTA,2.00 l,ko,,1.1,2.19,2.39,2.29,5449000291691,PIĆE
PIVO KRUŠOVICE 0.5L 4 PACK LIM,90316091,KRUŠOVICE,2.00 l,ko,5.99,3,,,5.79,8594009922699,PIĆE
NEKTAR C NARANČA TO 0.2 L,90890110,TO,0.20 l,ko,0.49,2.45,,,0.49,3858890976755,PIĆE
SOK JABUKA 1L MOJ DAN,90485474,MOJ DAN,1.00 l,ko,2.79,2.79,,,2.79,3850334045935,PIĆE
PIVO BAVARIA 0.25L BEZALK NB,03040047,BAVARIA,0.25 l,ko,1.19,4.76,,,1.19,87316667,PIĆE
VODA SMART WATER 1.1L PET,90319368,SMART,1.10 l,ko,1.55,1.41,,,1.49,5449000243089,PIĆE
NEG PIĆE FUZE TEA ZERO PASFRT 1.5L,90361045,FUZETEA,1.50 l,ko,1.79,1.19,,,1.75,5449000269478,PIĆE
NAPITAK MONSTER ENERGY 0.5L,90088082,MONSTER,0.50 l,ko,1.95,3.9,,,1.95,5060166695279,PIĆE
LIKER JAGERMEISTER 1L,03080263,JAGERMEISTER,1.00 l,ko,22.29,22.29,,,22.29,4067700015013,PIĆE
VINO GRAŠEVINA KV 0.75L ILOČKI PODRU,03020076,ILOČKI PODRUMI,0.75 l,ko,7.05,9.4,,,7.05,3859889556453,PIĆE
NEG PIĆE FIS JABUKA 1L,03160760,FIS,1.00 l,ko,1.09,1.09,,,1.09,3850108072907,PIĆE
GAZ PIĆE PEPSI BEZ ŠEĆERA 0.5l PET,03167378,PEPSI,0.50 l,ko,1.05,2.1,,,1.05,3830065020326,PIĆE
LEDENI ČAJ BRESKVA 0.33 L,90889928,VINDI,0.33 l,ko,0.79,2.39,,,0.79,3850108072297,PIĆE
NEKTAR NARANČA JUICY 1L,03140213,JUICY,1.00 l,ko,2.29,2.29,,,2.39,3858890970005,PIĆE
VINO GRAŠEVINA KUTJEVO 0.75L KV,03021680,KUTJEVO,0.75 l,ko,7.79,10.39,,,7.79,3850156001133,PIĆE
PIVO BENEDIKTINER PŠENIČNO 0.5L LIM,90299597,BENEDIKTINER,0.50 l,ko,1.95,3.9,,,1.95,4052197001281,PIĆE
Vino Vupik Vranac BiB 3L,90331922,VUPIK,3.00 l,ko,7.29,2.43,,,7.29,3858882617109,PIĆE
LIKER JAGERMEISTER 0.7L,03080172,JAGERMEISTER,0.70 l,ko,16.99,24.27,,,16.99,4067700015020,PIĆE
RAKIJA TRAVARICA 0.1L VINOPLOD,03061172,VINOPLOD,0.10 l,ko,1.79,17.9,,,1.79,3859890650119,PIĆE
ENERG NAPITAK PROGAME VIŠNJA 0.5L ,90573806,PROGAME,0.50 l,ko,1.49,2.98,,,1.49,3858890877830,PIĆE
HUGO BLUE GRACIOSO 0.75L,90320037,HUGO,0.75 l,ko,3.25,4.33,,,3.25,4002391378801,PIĆE
PIVO PILSNER URQUEL LIM 0.5L,90232952,ASAHI,0.50 l,ko,1.75,3.5,,,1.75,8594404115115,PIĆE
VINO JERUZALEM MUŠKAT OTTONEL 0.75L,90708112,JERUZALEM,0.75 l,ko,7.59,10.12,,,7.59,3830078701748,PIĆE
MIN VODA STUDENAC 4+2 GRATIS 1.5L ,90674277,STUDENAC,6.00 l,ko,3.56,0.59,,,3.56,3856022301826,PIĆE
 STOCK 84 38% 0.1L,03080560,STOCK,0.10 l,ko,1.89,18.9,,,1.89,8000440393009,PIĆE
NAPITAK RED BULL MARELICA-JAGODA 0.25L ,90599681,RED BULL,0.25 l,ko,1.69,6.76,,,1.19,,PIĆE
PRIMA BRAND 0.10L 36% BADEL,03070095,BADEL 1862,0.10 l,ko,1.65,16.5,,,1.65,3850112141231,PIĆE
VODA FUNKC JANA VIT ANTIOX 0.5L,90428070,JANA,0.50 l,ko,1.19,2.38,,,1.19,3858890875638,PIĆE
NEGAZ PIĆE JUICY FR MUL 0.5L JAM,03160271,JUICY FRUITS,0.50 l,ko,1.09,2.18,,,1.09,3858890975031,PIĆE
PIVO PILSNER URQUELL 0.5L PB,90573724,ASAHI,0.50 l,ko,1.49,2.98,,,1.49,8594404018324,PIĆE
PIVO LAŠKO ZLATOROG 0.5L LIM,03040303,LAŠKO,0.50 l,ko,1.45,2.9,,,1.45,3830001710991,PIĆE
RAKIJA  WILLIAMS BADEL 0.7L,90573078,BADEL 1862,0.70 l,ko,21.05,30.07,,,21.05,3850112123091,PIĆE
LIKER SVAT KRUŠKOVAC 0.1L BADEL 1862,03075212,KRUŠKOVAC,0.10 l,ko,1.65,16.5,,,1.65,3850112110497,PIĆE
BOLERO CLASSIC LIMUNADA 9g,90382296,BOLERO,0.01 kg,ko,0.89,98.89,,,0.89,3800048227202,PIĆE
BARUN 35% 0.7L ZVEČEVO,03070008,ZVEČEVO,0.70 l,ko,14.05,20.07,,,14.05,3858894171798,PIĆE
VINO CAB SAUVIGNON TERRA VINEA 0.75L,90528199,TERRA VINEA,0.75 l,ko,,4.92,3.69,6.49,4.99,3850334519665,PIĆE
PIVO PAN LAGER 6PACK LIM 0.5L,90703097,PAN,3.00 l,ko,7.49,2.5,,,7.49,3858887581993,PIĆE
VINO ROSE SKARAMUČA 0.75l,90361281,SKARAMUČA,0.75 l,ko,9.39,12.52,,,9.39,3859888214286,PIĆE
PJENUŠAC LA BELLE PERLA GRAND 0.75L,90568584,BELJE,0.75 l,ko,9.99,13.32,,,9.99,3850257022143,PIĆE
PIVO LEFFE BLOND 0.33L NEP AMB ZG P,03130300,LEFFE,0.33 l,ko,2.29,6.94,,,2.29,5410228166665,PIĆE
NEKTAR NARANČA FRUCTAL CLASS 1L,90142201,FRUCTAL,1.00 l,ko,,1.79,1.79,2.29,1.99,3838945029216,PIĆE
VINO MERLOT 0.75L VINA BELJE,90311415,BELJE,0.75 l,ko,8.29,11.05,,,8.29,3850257020293,PIĆE
LIKER AMARO 18 ISOLABELLA 0.7L,90380510,AMARO 18,0.70 l,ko,11.89,16.99,,,11.89,8001110017034,PIĆE
LEDENI ČAJ ŠUMSKO VOĆE 0.5L FUZETEA,90311873,FUZETEA,0.50 l,ko,1.25,2.5,,,1.25,5449000239167,PIĆE
SOK FRUTEK BANANA 125ML,03140469,FRUTEK,0.13 l,ko,,6.32,0.79,0.79,0.99,3838945502726,PIĆE
NEKTAR VINDI DISNEY NARANČA 0.2L,90731584,VINDI,0.20 l,ko,0.65,3.25,,,0.65,3850108078220,PIĆE
NEG PIĆE TOCO CRVENA NAR AVOK-CIKLA 0.5L,90600155,TOCO,0.50 l,ko,1.05,2.1,,,1.05,3858890879001,PIĆE
LIKER JAGERMEISTER 0.5L,90703403,JAGERMEISTER,0.50 l,ko,12.49,24.98,,,12.49,4067700014566,PIĆE
NEKTAR JABUKA FRUCTAL CLASS 1L,90142191,FRUCTAL,1.00 l,ko,,1.49,1.49,1.89,1.89,3838945029209,PIĆE
GEL TUŠ ZIAJA NARANČA 500ml,06522928,ZIAJA,0.50 l,ko,3.19,6.38,,,3.19,5901887016236,KOZMETIKA
BALZAM NIVEA MEN SENSIT RECOV 100ml,90299040,NIVEA,0.10 l,ko,,79.9,7.99,11.89,11.89,5900017102580,KOZMETIKA
ULJE U SPRAYU NIVEA PROTECT&BRONZE F30,90167743,NIVEA,0.20 l,ko,19.49,97.45,,,19.49,4005900118172,KOZMETIKA
GEL NIVEA KREMAST ZA KOSU 150ML 8780,06540367,NIVEA,0.15 l,ko,7.59,50.6,,,7.59,0000042246534,KOZMETIKA
PJENA BRIJ MAN MAX SENSITIVE 300ml,90051026,MAN MAX,0.30 l,ko,1.59,5.3,,,1.59,3850334333605,KOZMETIKA
SPREJ NIV SUN F30 200ml,06591727,NIVEA,0.20 l,ko,17.49,87.45,,,17.49,5025970022840,KOZMETIKA
KREMA EVELINE EXTRA SOFT OSJ KOŽA 200ML,90045031,EVELINE,0.20 l,ko,3.25,16.25,,,3.25,5907609328748,KOZMETIKA
DEO SPREJ NIVEA FRESH COMFORT W 150ml,90162533,NIVEA,0.15 l,ko,5.39,35.93,,,3.99,9005800250328,KOZMETIKA
KREMA NOĆ OLEA HYDRATING 50ml,90362335,OLEA,0.05 l,ko,3.35,67,,,3.35,3850334150707,KOZMETIKA
PUDER ZA KOSU TAFT VOLUMEN 10g,06544350,TAFT,0.01 kg,ko,5.99,599,,,5.99,9000100672825,KOZMETIKA
SPREJ NIV PR & BRONZE F20 200ml,90037991,NIVEA,0.20 l,ko,16.99,84.95,,,16.99,7319470012127,KOZMETIKA
GEL TUŠ K PLUS OLEA ŠIP/ŠLJI 300ml,90089201,OLEA,0.30 l,ko,1.19,3.97,,,1.19,3850334103192,KOZMETIKA
SUHI ŠAMP NIVEA VOLUME 200 ml,90885444,NIVEA,0.20 l,ko,6.79,33.95,,,6.79,9005800358086,KOZMETIKA
GEL ANNYER STRONG BLUE 470 ml,90775324,ANNYER,0.47 l,ko,6.89,14.66,,,6.89,3850177007428,KOZMETIKA
DEO AXE DARK TEMPT 150ML  7379,06565041,AXE,0.15 l,ko,4.99,33.27,,,4.55,8717644277379,KOZMETIKA
GEL TUŠ AXE EXCITE 250ML,06521302,AXE,0.25 l,ko,2.99,11.96,,,2.99,8710447276587,KOZMETIKA
ŠAMPON SCHAUMA LONG HAIR 400 ml,90885566,SCHAUMA,0.40 l,ko,,7.48,2.99,4.19,4.19,9000101750058,KOZMETIKA
PUDER DJ BECUTAN 100g   9247,06601504,BECUTAN,0.10 kg,ko,3.19,31.9,,,3.19,5310001139797,KOZMETIKA
ŠAMPON SYOSS COLOR 440ml,90424971,SYOSS,0.44 l,ko,,10.2,4.49,6.49,4.49,9000101276916,KOZMETIKA
SERUM LICE NIVEA Q10 ANTI WRIN 30 ml,90775377,NIVEA,0.03 l,ko,,433,12.99,19.99,19.99,9005800376882,KOZMETIKA
ZUBNA ČETKICA AQF TRIPLE PROTEC DUO PACK,06531309,AQUAFRESH,1.00 ko,ko,4.09,4.09,,,3.79,5054563931771,KOZMETIKA
DEO ROLL ON GARN CONTR 50ml,90362119,GARNIER,0.05 l,ko,4.99,99.8,,,4.99,3600542217422,KOZMETIKA
BRIJAČ JEDNOK Ž GILL SIM VEN2 4+2,06562139,VENUS,6.00 ko,ko,4.99,0.83,,,4.99,7702018069316,KOZMETIKA
KREMA NIVEA 100ML TUBA  3690,06592169,NIVEA,0.10 l,ko,,30.5,3.05,4.69,4.69,9005800315676,KOZMETIKA
ZLATNO ULJE SUPER MRKVA 100ml,90488137,OLIVAL,0.10 l,ko,7.99,79.9,,,7.99,3858892691809,KOZMETIKA
KONAC ZUBNI OB PRO EXP CL 25m,90146981,ORAL B,25.00 m,ko,4.25,0.17,,,4.25,8700216365604,KOZMETIKA
DEO GARNIER AC THERMIC ROLL ON 50ml,90185909,GARNIER,0.05 l,ko,4.99,99.8,,,4.99,3600541740051,KOZMETIKA
REGEN PANTENE MIRAC VOLUME 160 ml,90771240,PANTENE,0.16 l,ko,5.99,37.44,,,5.99,8700216191654,KOZMETIKA
LAK TAFT HOLDING ME STRONG 250 ml,90850656,TAFT,0.25 l,ko,,19.16,4.79,5.99,5.99,9000101735857,KOZMETIKA
ZP COLG ADV WH CHARCOAL 75ml,90378129,COLGATE,0.08 l,ko,,30.53,2.29,3.25,2.99,8718951253827,KOZMETIKA
GEL TUŠ NIVEA CREME SMOOTH 500ML,90231996,NIVEA,0.50 l,ko,6.29,12.58,,,6.29,9005800243788,KOZMETIKA
ČETK ORAL B PRO SENS Cl 2/1,90885824,ORAL B,2.00 ko,ko,8.79,4.4,,,8.79,8700216567923,KOZMETIKA
GEL TUŠ LACTOVIT LACTOUREA 600ml,90598353,LACTOVIT,0.60 l,ko,4.09,6.82,,,3.99,8411135351721,KOZMETIKA
ČETKICA CURAPROX 2PACK CS 5460 CRO,90771312,CURAPROX,2.00 ko,ko,12.69,6.35,,,12.69,7612412429718,KOZMETIKA
BOJA COMPLETE CC EB120 IZRAZ PLAVO,06540300,ANNYER,1.00 ko,ko,3.99,3.99,,,3.99,3850177007770,KOZMETIKA
STICK OS EPIC LEGEND 50 ml,90885633,OLD SPICE,0.05 l,ko,3.99,79.8,,,3.99,8700216607360,KOZMETIKA
BOJA PALETTE ICC W5 NUGAT,06540965,PALETTE ICC,1.00 ko,ko,5.49,5.49,,,3.49,3838824184203,KOZMETIKA
MARAMICE VL ASEPSOL CLASSIC 5/1,90484523,ASEPSOLETA,5.00 ko,ko,1.15,0.23,,,0.99,3856007908323,KOZMETIKA
ŠAMPON SCHAUMA 250ml MEN 7658,06523227,SCHAUMA,0.25 l,ko,3.39,13.56,,,3.39,4012800567658,KOZMETIKA
DEO NIVEA M BLACK&WHITE FRESH 250ml,90597885,NIVEA,0.25 l,ko,7.19,28.76,,,7.19,9005800379074,KOZMETIKA
BOJA SYOSS OLEO 4-18 SMEĐA KAVA,90059983,SYOSS OLEO,1.00 ko,ko,7.99,7.99,,,7.99,9000100815000,KOZMETIKA
REG GLISS FULL HAIR 200 ml,90885505,GLISS,0.20 l,ko,4.29,21.45,,,4.29,9000101749533,KOZMETIKA
ZP AQUA WHITE&SHINE 100 ml,90774965,AQUAFRESH,0.10 l,ko,3.89,38.9,,,3.89,5054563205490,KOZMETIKA
STICK OLD SPICE AP CAPT 70ml,90362382,OLD SPICE,0.07 l,ko,4.99,71.29,,,4.99,8001090999153,KOZMETIKA
KREMA BAD DUO ORIGINAL 94 g,90771188,BLEND-A-DENT,0.09 kg,ko,7.55,80.32,,,7.55,8006540300053,KOZMETIKA
GEL TUŠ FAZZ CLASSIC 400 ML,06521421,FELCE AZZURA,0.40 l,ko,2.85,7.13,,,2.85,8001280013973,KOZMETIKA
ZP SENSOD COMPLETE PROTECT 75ML,90070644,SENSODYNE,0.08 l,ko,7.45,99.33,,,6.99,5054563242877,KOZMETIKA
GEL TUŠ L'ANGELICA ALOA VERA 500ml,90341634,L ANGELICA,0.50 l,ko,3.25,6.5,,,3.25,8017331076798,KOZMETIKA
DEOSPREJ FA DIVINE MOMENTS 150ml,90298846,FA,0.15 l,ko,3.99,26.6,,,3.99,9000101053111,KOZMETIKA
BOJA SYOSS OLEO 10-50 PEPELJ PLAVA,90401833,SYOSS OLEO,1.00 ko,ko,7.99,7.99,,,7.99,9000100999120,KOZMETIKA
LOSION NIV SUN SENS POS SUN 175ml,90406381,NIVEA,0.18 l,ko,10.99,62.8,,,10.99,4005900702630,KOZMETIKA
ŠAMPON ELSEVE HYALURON PURE 400 ml,90800300,LOREAL ELSEVE,0.40 l,ko,5.99,14.98,,,5.99,3600524135041,KOZMETIKA
BOJA COLOR NAT 1 JET BLACK,90478263,GARNIER COL NATURALS,1.00 ko,ko,,3.99,3.99,4.99,4.99,3600542362375,KOZMETIKA
ŠAMPON ELSEVE HYALURON 400ml,90598172,LOREAL ELSEVE,0.40 l,ko,5.99,14.98,,,5.99,3600524029883,KOZMETIKA
PEKMEZ OLIVAL MRKVA 100ml,90360683,OLIVAL,0.10 l,ko,8.29,82.9,,,8.29,3858892691717,KOZMETIKA
DEO DOVE M SAND&VANIL 150 ml,90885084,DOVE,0.15 l,ko,5.35,35.67,,,5.35,8720181570070,KOZMETIKA
ŠAMPON ELSEVE HYALURON PURE 250 ml,90800288,LOREAL ELSEVE,0.25 l,ko,4.49,17.96,,,4.49,3600524135232,KOZMETIKA
REGENERATOR GLISS UL REPAIR 200ML,06547038,GLISS,0.20 l,ko,4.79,23.95,,,2.99,9000100662987,KOZMETIKA
SPREJ NIV SUN PR&CAR DJ F50 270ml,90607812,NIVEA,0.27 l,ko,24.99,92.56,,,24.99,4006000075433,KOZMETIKA
GEL TUŠ L'ANG PHY KOKOS 520 ml,90890619,L ANGELICA,0.52 l,ko,1.99,3.83,,,1.99,8017331091555,KOZMETIKA
ZP SENSOD EXTRA FRESH 75ml,90380252,SENSODYNE,0.08 l,ko,5.95,79.33,,,5.55,5054563187239,KOZMETIKA
BOJA EXCELLENCE 01,90164082,LOREAL EXCELLANCE,1.00 ko,ko,8.99,8.99,,,8.99,3600523724932,KOZMETIKA
GEL TUŠ ŠAMP FA DJ 250ml,06601225,FA,0.25 l,ko,2.79,11.16,,,2.79,9000100662468,KOZMETIKA
BOJA COLOR NAT 4.5 MAHOGANY,90800421,GARNIER COL NATURALS,1.00 ko,ko,,3.99,3.99,4.99,4.99,3600542617246,KOZMETIKA
KREMA ZA RUKE MEDIC 48 50ML,06595755,LEK,0.05 l,ko,1.95,39,,,1.69,3838980810343,KOZMETIKA
ŠAMPON H&S OS 800 ml,90885588,HEAD&SHOULDE,0.80 l,ko,12.49,15.61,,,12.49,8700216658317,KOZMETIKA
ŠAMPON SCHAUMA ZA MUŠK 400ml DUO,90713851,SCHAUMA,0.80 l,ko,5.49,6.86,,,5.49,3838824432991,KOZMETIKA
KREMA NIVEA VIS 50ml DN NOR,06591076,NIVEA,0.05 l,ko,,119.8,5.99,9.39,9.39,9005800396880,KOZMETIKA
GEL TUŠ K PLUS OLEA ORH/KAŠ 300ml,90089196,OLEA,0.30 l,ko,1.19,3.97,,,1.19,3850334103178,KOZMETIKA
MLIJEKO OLEA SPF30 200ml,90360478,OLEA,0.20 l,ko,5.99,29.95,,,5.99,3850334153760,KOZMETIKA
GEL TUŠ DOVE W DEEPLY NOURISH 225 ml,90775061,DOVE,0.23 l,ko,4.49,19.96,,,4.49,8720181457494,KOZMETIKA
MASKA ELSEVE TOT REPAIR 300ml,06541701,LOREAL ELSEVE,0.30 l,ko,6.99,23.3,,,6.99,3600523569762,KOZMETIKA
MLIJEKO NIVEA SMOOTH SENSAT 625ml,90478429,NIVEA,0.63 l,ko,13.19,21.1,,,13.19,9005800308456,KOZMETIKA
ŠAMPON H&S MENTHOL 500 ml,90771205,HEAD&SHOULDE,0.50 l,ko,8.29,16.58,,,8.29,8700216158114,KOZMETIKA
ŠAMPON FRUCTIS SOS 10U1 400ml,90361834,GARNIER FRUCTIS,0.40 l,ko,6.29,15.73,,,6.29,3600542225397,KOZMETIKA
ČETKICA COLG 360 CHARC 1+1,90424589,COLGATE,1.00 ko,ko,4.89,4.89,,,4.89,8718951197183,KOZMETIKA
LOSION NIVEA SUN SPF50+ 400 ml,90887302,NIVEA,0.40 l,ko,28.39,70.98,,,28.39,4006000133805,KOZMETIKA
MARAMICE VIOLETA MAKE UP 25/1,90076003,VIOLETA,25.00 ko,ko,2.15,0.09,,,2.15,3870128004009,KOZMETIKA
GEL TUŠ AFR ULJNI GROŽĐE 250ml,90261392,AFRODITA,0.25 l,ko,2.99,11.96,,,2.99,3831070652199,KOZMETIKA
ZP ELMEX JUNIOR 6-12G 75ML,90128939,ELMEX,0.08 l,ko,,50,3.75,3.69,4.39,8718951470583,KOZMETIKA
GEL+ŠAMP DJ LUMPI JABUKA 500ML,90674649,LUMPI,0.50 l,ko,1.75,3.5,,,1.75,3838900823996,KOZMETIKA
GEL TUŠ AGRADO JAGOD 750 ml,90795014,AGRADO,0.75 l,ko,2.79,3.72,,,2.79,8433295061029,KOZMETIKA
ŠAMPON PANTENE 3U1 REPAIR&PR 325 ml,90850411,PANTENE,0.33 l,ko,5.99,18.43,,,5.99,8700216567084,KOZMETIKA
KREMA GENERA SPREJ SPF 30 200 ml,90887234,GENERA,0.20 l,ko,8.49,42.45,,,8.49,8003693403785,KOZMETIKA
LAK NIVEA VOLUMEN 250ML 8049,06540093,NIVEA,0.25 l,ko,6.19,24.76,,,6.19,9005800223957,KOZMETIKA
SET DESIRE JAZZY SG+DEO W,90673327,DESIRE,1.00 ko,ko,4.49,4.49,,,4,5944568001060,KOZMETIKA
TRAKE VEET DEPIL NOGE 20/1,90705159,VEET,20.00 ko,ko,8.85,0.44,,,6.48,5997321774732,KOZMETIKA
ŠAMPON DAISY KOPRIVA 1L,90735068,DAISY,1.00 l,ko,1.19,1.19,,,1.19,3850334073259,KOZMETIKA
MICELARNA OTOPINA OLEA 400ml,90402866,OLEA,0.40 l,ko,2.65,6.63,,,2.65,3850334129932,KOZMETIKA
SAPUN PALM OS MILK&ROSE 90g,90031241,PALMOLIVE,0.09 kg,ko,1.49,16.56,,,1.39,8693495034258,KOZMETIKA
BOJA ZA KOSU L'OREAL EXCELLENCE 7.1,06546879,LOREAL EXCELLANCE,1.00 ko,ko,8.99,8.99,,,8.99,3600523724864,KOZMETIKA
DEO LACTOVIT Ž INVISIBLE 200 ml,90775583,LACTOVIT,0.20 l,ko,4.79,23.95,,,4.79,8411135005525,KOZMETIKA
SMOOTHIE DI SUN F10 150ml,90488131,DI,0.15 l,ko,10,66.67,,,10,3850105173195,KOZMETIKA
ŠAMPON ELSEVE BOND REPAIR 200 ml,90805029,LOREAL ELSEVE,1.00 ko,ko,8.49,8.49,,,8.49,3600524074760,KOZMETIKA
BOJA PALETTE ICC N2     0057,06540411,PALETTE ICC,1.00 ko,ko,5.49,5.49,,,3.49,3838824159454,KOZMETIKA
GEL TUŠ OLD SPICE WHITEWATER 1 l,90775140,OLD SPICE,1.00 l,ko,,6.86,6.86,12.49,12.49,8006540818862,KOZMETIKA
ZP PLIDENTA HERBAL 125 ml+75 ml,90795173,PLIDENTA,1.00 ko,ko,2.79,2.79,,,2.69,3856007911477,KOZMETIKA
TRAKE ČUP DEP TIJ 16 KOM SENSITIV,06590464,ČUPKO,16.00 ko,ko,4.75,0.3,,,4.49,3859888495500,KOZMETIKA
GEL TUŠ NIVEA BABY BED TIME 200ml,90764805,NIVEA,0.20 l,ko,5.49,27.45,,,5.49,9005800369174,KOZMETIKA
ŠAMPON H&S DEEP HYDRA 500 ml,90771218,HEAD&SHOULDE,0.50 l,ko,8.29,16.58,,,8.29,8700216305327,KOZMETIKA
VODICA ZA USTA LISTERINE FRESH 250ml,06530634,LISTERINE,0.25 l,ko,4.79,19.16,,,4.65,5010123703431,KOZMETIKA
ZP COLGATE MAX WHITE 100 ml+WH 75 ml,90814934,COLGATE,1.00 ko,ko,3.39,3.39,,,3.39,3830075444150,KOZMETIKA
SUHO ULJE OLIVAL MRKVA 100ml,90360684,OLIVAL,0.10 l,ko,8.49,84.9,,,8.49,3858892691779,KOZMETIKA
KREMA ZAŠTITNA SUDOCREM 125g,06601600,SUDOCREM,0.13 kg,ko,9.45,75.6,,,8.65,3850114243674,KOZMETIKA
ŠAMPON AFR GINSENG 1L,90744868,AFRODITA,1.00 l,ko,3.49,3.49,,,3.49,3831070658061,KOZMETIKA
OM DUEL LIKE A DIAMOND 1.6 L,90895397,DUEL,1.60 l,ko,4.99,3.12,,,4.99,8606015847023,SREDSTVA ZA ČIŠĆENJE
MR MUSCOLO KUHINJA GEL 1L,90569507,MR MUSCOLO,1.00 l,ko,7.29,7.29,,,6.99,5000204199604,SREDSTVA ZA ČIŠĆENJE
DET PERSIL COLOR 60 tab,90899868,PERSIL,60.02 ko,ko,18.99,0.32,,,18.99,9000101830880,SREDSTVA ZA ČIŠĆENJE
DET ARIEL FRESH 1.65 kg=30PR,90886292,ARIEL,1.65 kg,ko,,6.36,10.49,16.49,16.49,8700216733663,SREDSTVA ZA ČIŠĆENJE
SWIFFER JEDNOKR KRPICE PRAŠINA 36/1,90569080,SWIFFER,36.01 ko,ko,9.99,0.28,,,9.99,8006540307939,SREDSTVA ZA ČIŠĆENJE
DET PERSIL GEL COLOR 2.97L=66PR,90875470,PERSIL,2.97 l,ko,23.99,8.08,,,23.99,9000101599091,SREDSTVA ZA ČIŠĆENJE
SMAC EXPRESS KUPAONICA 650ml,90569025,SMAC,0.65 l,ko,4.44,6.83,,,4.44,8003650026682,SREDSTVA ZA ČIŠĆENJE
DOMESTOS LAVANDA 750ml,90362816,DOMESTOS,0.75 l,ko,,3.05,2.29,3.29,2.99,8717163760192,SREDSTVA ZA ČIŠĆENJE
OM SILAN MAGNOLIA 2X1.364 L,90879928,SILAN,2.73 l,ko,5.99,2.2,,,5.99,9000101597158,SREDSTVA ZA ČIŠĆENJE
DOMESTOS TB WHITE&SHINE 750ML,90258189,DOMESTOS,0.75 l,ko,,3.05,2.29,3.29,2.99,8710908675089,SREDSTVA ZA ČIŠĆENJE
SRED SANYTOL DEZINF RUBLJA 500ml,90303721,SANYTOL,0.50 l,ko,3.79,7.58,,,3.79,3045200765004,SREDSTVA ZA ČIŠĆENJE
CIF CREAM 500ML UN SRED 0739,08034494,CIF,0.50 l,ko,2.49,4.98,,,2.49,8712561552905,SREDSTVA ZA ČIŠĆENJE
OM LENOR FLORAL BOUQUET 925ml,90703531,LENOR,0.93 l,ko,3,3.24,,,3,8006540889749,SREDSTVA ZA ČIŠĆENJE
DET ČARLI BALSAM 450ml,90468622,ČARLI,0.45 l,ko,1.39,3.09,,,1.29,3850111304163,SREDSTVA ZA ČIŠĆENJE
DET DASH REGULAR 3.2kg=64PR,90705817,DASH,3.20 kg,ko,20,6.25,,,25.59,8006540920824,SREDSTVA ZA ČIŠĆENJE
DET ARIEL FRESH AIR 38 TAB,90904712,ARIEL,38.01 ko,ko,25.49,0.67,,,25.49,8700216764599,SREDSTVA ZA ČIŠĆENJE
DET PERWOLL BLOSSOM 3.75 L=75PR,90890200,PERWOLL,3.75 l,ko,19.49,5.2,,,19.49,9000101810233,SREDSTVA ZA ČIŠĆENJE
SOLNA KISELINA 1L       0199 METEOR,08033066,METEOR,1.00 l,ko,2.15,2.15,,,1.95,3859888110199,SREDSTVA ZA ČIŠĆENJE
DET LIKVI ULTRA FRESH 450ml,90365160,LIKVI,0.45 l,ko,1.39,3.09,,,1.39,3850105170101,SREDSTVA ZA ČIŠĆENJE
SWIFFER DUST NASTAVCI ZA PRAŠINU 10/1,90569071,SWIFFER,10.00 ko,ko,9.99,1,,,9.99,8700216743563,SREDSTVA ZA ČIŠĆENJE
VIM CITRO 500g,08030796,VIM,0.50 kg,ko,1.85,3.7,,,1.85,3850105136404,SREDSTVA ZA ČIŠĆENJE
DET ARIEL COLOR 1.98kg=36PR,90705858,ARIEL,1.98 kg,ko,10,5.05,,,10,8006540940099,SREDSTVA ZA ČIŠĆENJE
DET JAR TEA TREE&MINT 900ml,90232415,JAR HDW,0.90 l,ko,,3.32,2.99,4.65,4.15,4015400991434,SREDSTVA ZA ČIŠĆENJE
OM SILAN JUNGLE 2.772 L,90879998,SILAN,2.77 l,ko,5.99,2.16,,,5.99,9000101581911,SREDSTVA ZA ČIŠĆENJE
SPR K PLUS DAX UNIVER LIMUN 750ml,08030882,DAX,0.75 l,ko,1.85,2.47,,,1.85,3850334164346,SREDSTVA ZA ČIŠĆENJE
DET PERSIL GEL COLOR 1.98L=44PR,90744905,PERSIL,1.98 l,ko,16.99,8.58,,,9.99,9000101568363,SREDSTVA ZA ČIŠĆENJE
DET PERSIL COLOR 26TAB,90744941,PERSIL,26.00 ko,ko,16.99,0.65,,,9.99,9000101800043,SREDSTVA ZA ČIŠĆENJE
DET LIKVI ULTRA HYGIENIC 900ml,90369965,LIKVI,0.90 l,ko,,2.21,1.99,2.52,2.52,3850105170460,SREDSTVA ZA ČIŠĆENJE
DET VIO EXTRA STRONG LEMON 43/1,90784994,VIO,43.01 ko,ko,13.99,0.33,,,13.99,3870128036888,SREDSTVA ZA ČIŠĆENJE
VANISH PINK POWDER 470 g,90899656,VANISH,0.47 kg,ko,,15.11,7.1,8.89,8.89,5997321747774,SREDSTVA ZA ČIŠĆENJE
DET JAR PLATINUM LIMUN 75TAB,90667742,JAR ADW,75.02 ko,ko,19.99,0.27,,,20.99,8006540751626,SREDSTVA ZA ČIŠĆENJE
DET DAX BALZAM 450 ml,90825537,DAX,0.45 l,ko,,1.98,0.89,0.89,0.89,3838900834770,SREDSTVA ZA ČIŠĆENJE
OM VIOLETA PARADISE 900ml,90486460,VIOLETA,0.90 l,ko,2.65,2.94,,,2.65,3870128026087,SREDSTVA ZA ČIŠĆENJE
VANISH WHITE POWDER 970 g,90825914,VANISH,0.97 kg,ko,9,9.28,,,9,5999109562821,SREDSTVA ZA ČIŠĆENJE
DET ARIEL COLOR 44 TAB,90662803,ARIEL,44.00 ko,ko,10,0.23,,,15,8001090337054,SREDSTVA ZA ČIŠĆENJE
DET DAX GEL BLACK 1.5L=41PRANJE,90407492,DAX,1.50 l,ko,,1.99,2.99,3.75,3.75,3850334132468,SREDSTVA ZA ČIŠĆENJE
OM VIOLETA ORIGINAL 1.71L,90699049,VIOLETA,1.71 l,ko,,1.75,2.99,3.99,4.55,3870128034594,SREDSTVA ZA ČIŠĆENJE
DR BECK HLADNJAK MIKROVALNA 250 ml,90800516,BECKMANN,0.25 l,ko,4.29,17.16,,,4.29,4008455598819,SREDSTVA ZA ČIŠĆENJE
DET PUR ALOE VERA 750ml,90401870,PUR,0.75 l,ko,3.49,4.65,,,1.79,9000101386745,SREDSTVA ZA ČIŠĆENJE
ODSTR MRLJA DR BECKMANN TAPEC NAMJEŠTAJ 400ML,90673042,BECKMANN,0.40 l,ko,5.49,13.73,,,5.49,4008455612317,SREDSTVA ZA ČIŠĆENJE
OM ORNEL ALLURE 3 L,90900320,ORNEL,3.00 l,ko,3.99,1.33,,,3.99,3850105190222,SREDSTVA ZA ČIŠĆENJE
DET OSJ VIOLETA COLOR 1.8L,90706015,VIOLETA,1.80 l,ko,6.89,3.83,,,6.89,3870128035362,SREDSTVA ZA ČIŠĆENJE
FROSCH KREMA ČIŠ LAVANDA 500ml,90706029,FROSCH,0.50 l,ko,,3.06,1.53,2.19,2.19,4009175186782,SREDSTVA ZA ČIŠĆENJE
DET ARIEL COLOR 2.2 kg=40PR,90886305,ARIEL,2.20 kg,ko,17.99,8.18,,,17.99,8700216733311,SREDSTVA ZA ČIŠĆENJE
DET PERWOLL BLACK 2 L=40PR,90890163,PERWOLL,2.00 l,ko,12.99,6.5,,,12.99,9000101808445,SREDSTVA ZA ČIŠĆENJE
DET PERWOLL BLACK 3.75L=75PR,90745032,PERWOLL,3.75 l,ko,19.49,5.2,,,19.49,9000101810295,SREDSTVA ZA ČIŠĆENJE
DET ARIEL SENSITIVE 30TAB,90886266,ARIEL,30.00 ko,ko,17.99,0.6,,,17.99,8700216766012,SREDSTVA ZA ČIŠĆENJE
SMAC EXPRESS KAMENAC 650ml,90553537,SMAC,0.65 l,ko,4.44,6.83,,,4.44,8003650026767,SREDSTVA ZA ČIŠĆENJE
SWIFFER VL MARAMICE ZA POD 10/1,90569101,SWIFFER,10.00 ko,ko,5.69,0.57,,,5.69,8006540308257,SREDSTVA ZA ČIŠĆENJE
SALV PALOMA BOŽIĆ FAIRYTALE 33X33 20/1,90800084,PALOMA,20.00 ko,ko,1.35,0.07,,,2.29,3838952035590,PROIZVODI ZA KUĆANSTVO
SALV PALOMA ELITE ROSE 40x40 2sl 20/1,90572893,PALOMA,20.00 ko,ko,3.95,0.2,,,3.95,3838952028417,PROIZVODI ZA KUĆANSTVO
PEDIGREE SP JUNIOR PERAD POV 2 kg,90784679,PEDIGREE,2.00 kg,ko,10.49,5.25,,,10.49,5998749145111,PROIZVODI ZA KUĆANSTVO
KRPA POLLYFL 5/1 10135  2444,05350645,POLLY FLEX,5.00 ko,ko,3.29,0.66,,,3.29,3859888122444,PROIZVODI ZA KUĆANSTVO
BUDDY MP DIVLJAČ 1250g,01645050,BUDDY,1.25 kg,ko,1.89,1.51,,,1.89,3850334018090,PROIZVODI ZA KUĆANSTVO
PEDIGREE RODEO 70g,01647013,PEDIGREE,0.07 kg,ko,,13.57,0.95,1.19,1.19,5998749170212,PROIZVODI ZA KUĆANSTVO
MY PETS SP GOVEDINA 3 kg,90750490,MY PETS,3.00 kg,ko,3.99,1.33,,,3.99,3850334106438,PROIZVODI ZA KUĆANSTVO
RUKAVICE SEMPERIT M-8   7673,05570975,SEMPERIT,1.00 ko,ko,1.69,1.69,,,1.69,9001570497673,PROIZVODI ZA KUĆANSTVO
ALU FOLIJA EXTRA ČV GRILL 10MX44CM ALUFIX,90410693,ALUFIX,1.00 ko,ko,2.5,2.5,,,3.99,5949509000119,PROIZVODI ZA KUĆANSTVO
KITTY SM JUNIOR 400GR,90138610,KITTY,0.40 kg,ko,1.35,3.38,,,1.35,3850334400062,PROIZVODI ZA KUĆANSTVO
SALV PALOMA US SHEEP 33X33 3SL 20/1,90885059,PALOMA,1.00 ko,ko,1.69,1.69,,,2.29,3838952035934,PROIZVODI ZA KUĆANSTVO
WHISKAS SM GOVEDINA 300G,90678129,WHISKAS,0.30 kg,ko,2.39,7.97,,,2.39,5998749144183,PROIZVODI ZA KUĆANSTVO
VREĆICE ZA PEČENJE FINO 5/1,90364665,FINO,5.00 ko,ko,1.69,0.34,,,1.72,5201314961109,PROIZVODI ZA KUĆANSTVO
FRISKIES SM STERILE 1.5kg,90051690,FRISKIES,1.50 kg,ko,,2.99,4.49,6.69,6.69,8445291762725,PROIZVODI ZA KUĆANSTVO
KRPA POD 50X65 cm CS,90799917,CLEAN SMART,1.00 ko,ko,1.79,1.79,,,1.79,3859893097102,PROIZVODI ZA KUĆANSTVO
MY PETS SP GOVEDINA 10 kg,90750491,MY PETS,10.00 kg,ko,9.99,1,,,9.99,3850334102942,PROIZVODI ZA KUĆANSTVO
FRISKIES SP MINI MENU PIL 1.5KG,90052122,FRISKIES,1.50 kg,ko,6.49,4.33,,,6.49,7613034230485,PROIZVODI ZA KUĆANSTVO
WHISKAS DREAMIES LOSOS 60G,90139349,WHISKAS,0.06 kg,ko,1.79,29.83,,,1.79,5998749130933,PROIZVODI ZA KUĆANSTVO
VREĆA SMEĆE LD 160L 10/1 ROYAL,90090625,ROYAL,10.00 ko,ko,2,0.2,,,3.32,3858888961732,PROIZVODI ZA KUĆANSTVO
GOURMET GOLD MM PAŠTE JANJ PAT 85G,90052109,GOURMET,0.09 kg,ko,0.89,10.47,,,0.89,7613032814571,PROIZVODI ZA KUĆANSTVO
WHISKAS MM KLASIČNI IZBOR 4X85G,90678146,WHISKAS,0.34 kg,ko,2.75,8.09,,,2.75,5900951301841,PROIZVODI ZA KUĆANSTVO
VREĆICA ZAMR LD 10L 25/1 ROYAL,90448433,ROYAL,25.00 ko,ko,3.05,0.12,,,3.05,3858888966492,PROIZVODI ZA KUĆANSTVO
SPUŽVICA INOX VILEDA GLITZI 2/1,90082123,VILEDA,1.00 ko,ko,,3.04,3.04,4.35,4.35,4023103172036,PROIZVODI ZA KUĆANSTVO
ALU FOLIJA FINO 10M,90388278,FINO,10.00 m,ko,2.65,0.27,,,2.65,5900536352046,PROIZVODI ZA KUĆANSTVO
VOLI VOLI SP GOV I JAB 5 kg,90886265,VOLI VOLI,5.00 kg,ko,15.99,3.2,,,15.99,3859893822865,PROIZVODI ZA KUĆANSTVO
SHEBA MM JUNIOR MIJ IZBOR LOS PIL 4X85 g,90775501,SHEBA,0.38 kg,ko,3.29,8.69,,,3.29,4770608265076,PROIZVODI ZA KUĆANSTVO
VREĆA SMEĆE PREMIUM 35l 15/1 ALUFIX,90754956,ALUFIX,15.00 ko,ko,2.39,0.16,,,2.39,4823071655322,PROIZVODI ZA KUĆANSTVO
VREĆICA ZIP 10/1 F&P,90071403,FRESH&PACK,10.00 ko,ko,,0.1,0.99,1.35,1.33,3850334009722,PROIZVODI ZA KUĆANSTVO
SALV PALOMA U RABBIT 33X33 3SL 20/1,90885049,PALOMA,1.00 ko,ko,1.69,1.69,,,2.29,3838952035927,PROIZVODI ZA KUĆANSTVO
METALNA DRŠKA TELESKOPSKA 150cm DAX,90276271,DAX,1.00 ko,ko,2.25,2.25,,,2.25,3850334599827,PROIZVODI ZA KUĆANSTVO
SALVETE PREMIUM BRESKVA 33X33 3SL 30/1,90632933,NATUR,1.00 ko,ko,0.7,0.7,,,1.06,3850334017963,PROIZVODI ZA KUĆANSTVO
SALV PALOMA BOŽIĆ MERRY XMAS 33x33 20/1,90668656,PALOMA,20.00 ko,ko,2.29,0.11,,,2.29,3838952033558,PROIZVODI ZA KUĆANSTVO
SALV PALOMA BOU FLOW 33X33 3SL 20/1,90885067,PALOMA,1.00 ko,ko,1.69,1.69,,,2.29,3838952036153,PROIZVODI ZA KUĆANSTVO
VREĆA ZA SMEĆE FINO HD 10L 50/1 ,90603250,FINO,50.00 ko,ko,1,0.02,,,1.49,5201314413943,PROIZVODI ZA KUĆANSTVO
BRISAČ PODA MIKROFIB RESE DRŠKA DAX,90276222,DAX,1.00 ko,ko,,4.25,4.25,5.35,5.31,3850334599346,PROIZVODI ZA KUĆANSTVO
DAX RUKAVICE LATEX BEZ PUD L 100/1 ,90725628,DAX,100.00 ko,ko,6.99,0.07,,,7.05,3850334036537,PROIZVODI ZA KUĆANSTVO
VREĆA SMEĆE FINO GRE LIF 60L 18/1,90732207,FINO,18.00 ko,ko,,0.15,2.63,3.29,3.29,5900536335971,PROIZVODI ZA KUĆANSTVO
PEDIGREE MP GOVEDINA 100G VR,01642172,PEDIGREE,0.10 kg,ko,0.89,8.9,,,0.89,5900951017261,PROIZVODI ZA KUĆANSTVO
SPUŽVA GLITZI CRYST 3/1 1031,05354939,VILEDA,3.00 ko,ko,,0.8,2.39,3.99,3.99,3838447000331,PROIZVODI ZA KUĆANSTVO
KOCKE ZA POTPALU 32/1 FLASH PETROL,90301905,FLASH,32.00 ko,ko,1.45,0.05,,,1.45,4007467822103,PROIZVODI ZA KUĆANSTVO
RUČNIK PAP PALOMA FLEXI CUT 2SL 2/1,90704701,PALOMA,2.00 ko,ko,1.89,0.95,,,0.1,3838952014656,PROIZVODI ZA KUĆANSTVO
SALV PALOMA BOŽIĆ DEERS 33X33 20/1,90800087,PALOMA,20.00 ko,ko,1.35,0.07,,,2.29,3838952035576,PROIZVODI ZA KUĆANSTVO
BRISAČ PODA MOP PAMUK ZAMJ KRPA DAX,90276243,DAX,1.00 ko,ko,1.99,1.99,,,1.99,3850334599551,PROIZVODI ZA KUĆANSTVO
KITTY MM GOVEDINA 100g ALU,01640554,KITTY,0.10 kg,ko,0.49,4.9,,,0.49,3850334028389,PROIZVODI ZA KUĆANSTVO
SALV PALOMA BOUQ 40X40 2SL 20/1,90599740,PALOMA,20.00 ko,ko,3.95,0.2,,,3.95,3838952028431,PROIZVODI ZA KUĆANSTVO
FELIX MM JUHA PILETINA 48 g,90864725,FELIX,0.05 kg,ko,0.55,11.46,,,0.55,8445291954083,PROIZVODI ZA KUĆANSTVO
TOMI MM LOSOS PASTRVA 400 g,90886182,TOMI,0.40 kg,ko,1.75,4.38,,,1.75,4003024157053,PROIZVODI ZA KUĆANSTVO
BUDDY MP DIVLJAČ 405g,01645044,BUDDY,0.41 kg,ko,0.99,2.45,,,0.99,3850334018199,PROIZVODI ZA KUĆANSTVO
KOZICE ARGENTINSKE EVA 250 g,90955784,EVA,0.25 kg,ko,,31.92,7.98,9.99,9.99,3856020283919,HRANA
PANIRANI RIBLJI ŠTAPIĆI EVA 250 g,90955803,EVA,0.25 kg,ko,,15.96,3.99,4.99,4.99,3856020283940,HRANA
PANETTONE CLASSIC 500 g LASTA,90970630,LASTA,0.50 kg,ko,3,6,,,9.99,8002630106826,HRANA
ČOKO DJED BOŽIĆNJAK MILKA 90 g,90974852,MILKA,0.09 kg,ko,0.5,5.56,,,3.69,7622201688998,HRANA
KEKS PARIS LIMUN 225 g KOESTLIN,90955374,PARIS,0.23 kg,ko,2.09,9.29,,,2.09,3856014122743,HRANA
BOMBON GUM MIXED FRUIT 140 g MOND,90955446,MOND,0.07 kg,ko,1.49,21.29,,,1.49,6298042781337,HRANA
JQ BAGUETTE 2/1 250 g PP,90929869,JACQUET,0.25 kg,ko,1.29,5.16,,,1.29,3029330031055,HRANA
JQ PECIVO 6/1 300 g PP,90929871,JACQUET,0.30 kg,ko,1.79,5.97,,,1.79,3029330062820,HRANA
ČAJNA ANDRO NAR 300 g,90930015,ANDRO,0.30 kg,ko,3.99,13.3,,,3.49,3858892822982,HRANA
MASLINE ZELENE 700/400 g OLYMP,90950563,OLYMP,0.40 kg,ko,3.99,9.98,,,3.99,5201409804410,HRANA
MEDENJACI KANTICA 700 g LAMBERTZ,90975446,LAMBERTZ,0.70 kg,ko,3,4.29,,,3.99,5900881737901,HRANA
LIZALICA LABUBU 30 g,90975458,LABUBU,0.03 kg,ko,1.99,66.33,,,1.99,8684759910951,HRANA
KRUH CHIA 500 g NAR PAK KLARA,90935153,KLARA,0.50 kg,ko,1.85,3.7,,,1.85,3856016907560,HRANA
MIX ANAMARIA 3U1 XXL 216 g,90934775,ANAMARIA,0.22 kg,ko,2.39,11.06,,,2.39,3858881775572,HRANA
KUKURUZ KUH ŠEĆERAC ZRNO 150 g,90970147,MADIG,1.00 ko,ko,1.29,1.29,,,1.29,3856028690252,HRANA
KEKS MILKA MINI STARS WHITE 150 g,90934950,MILKA,0.15 kg,ko,2.25,15,,,2.25,7622202318672,HRANA
VAFL MANNER SPECULAAS 185 g,90970632,MANNER,0.19 kg,ko,0.5,2.7,,,2.39,9015810000646,HRANA
SLAD CHOCO CRUMBLE 500 ml AMELIE,90974652,AMELIE,0.50 l,ko,,19.98,9.99,9.99,9.99,3859894132635,HRANA
SLAD BOROVNICA/ĐUMBIR 500 ml AMELIE,90974654,AMELIE,0.50 l,ko,,19.98,9.99,9.99,9.99,3859894132642,HRANA
SLAD PISTACIJA 500 ml AMELIE,90974657,AMELIE,0.50 l,ko,,23.98,11.99,11.99,11.99,3859894132734,HRANA
LIZALICA MAXI PVC LICENCA 4/1 32 g,90975461,LICENCA,0.03 kg,ko,2.99,93.44,,,2.99,8435477908665,HRANA
PILEĆA PRSA DIM S&F FAMILY PAC 250 g,90964849,SLIM&FIT,0.25 kg,ko,2.99,11.96,,,2.99,3838977038774,HRANA
ĆEVAPČIĆI JUNEĆI 480 g PIK VRBOVEC,90975391,PIK VRBOVEC,0.48 kg,ko,6.79,14.15,,,6.79,3850139522488,HRANA
KOKICE SPECIAL MOMENTS CHOCOL 90 g ,90956067,SPECIAL MOMENTS,0.09 kg,ko,1,11.11,,,1.99,3850334430069,HRANA
KEKS ORAŠAR LIMENKA 150 g JACOBSENS,90959647,DANISH COOKI,0.15 kg,ko,1,6.67,,,2.99,5776879023024,HRANA
KEKS VINTAGE LIMENKA 150 g JACOBSENS,90959649,DANISH COOKI,0.15 kg,ko,1,6.67,,,2.99,5776879022034,HRANA
PRALINE HELLO SANTA VR 200 g ROVELLI,90959651,ROVELLI,0.20 kg,ko,0.5,2.5,,,2.99,8004333017058,HRANA
PRALINE LET IT SNOW VR 200 g ROVELLI,90959654,ROVELLI,0.20 kg,ko,0.5,2.5,,,2.99,8004333017041,HRANA
DESERT RIŽA NA MLIJEKU VANIL  200 g,90975310,MULLER,0.20 kg,ko,0.99,4.95,,,0.99,42244035,HRANA
MASLINE ZEL PAPR GARDEN G 700/400 g,90935000,GARDEN GOOD,0.40 kg,ko,,6.63,2.65,2.65,3.09,3850334441089,HRANA
ČIPS CHIO ČČ ULTR REB KREM PAP 120 g,90965017,CHIO,0.12 kg,ko,2.19,18.25,,,2.19,3856021307775,HRANA
ČOKOL BOŽIĆ FIGURIC SMARTIES VR 65 g,90974676,SMARTIES,0.07 kg,ko,0.5,7.69,,,3.49,8000300408713,HRANA
MILKA BOŽIĆNA KUĆICA 70 g,90974769,MILKA,0.07 kg,ko,1,14.29,,,3.99,7622202251375,HRANA
ADVENTSKI KALENDAR MILKA 213 g,90974773,MILKA,0.21 kg,ko,2,9.39,,,10.99,7622202025181,HRANA
ORADA BRANC MARIN NAT 130/80 g BROK,90884738,BROK,0.08 kg,ko,6.29,78.63,,,6.29,3858891991566,HRANA
SLADOLED TWIX BAR 47 g,90886376,MARS,0.05 kg,ko,1.89,40.21,,,1.89,5000159484640,HRANA
SLADOLED SNICKERS 73.5 g,90886388,MARS,0.07 kg,ko,1.89,25.71,,,1.89,5000159515481,HRANA
SLADOLED ALGIDA DONUT 62 ml,90886435,UNILEVER,0.06 l,ko,1.89,30.48,,,1.89,8711327678293,HRANA
SLADOLED TWISTER GREEN 80 ml,90886443,UNILEVER,0.08 l,ko,1.59,19.88,,,1.59,8711327575646,HRANA
SLADOLED MAGNUM WHITE CHOCOLA 110 ml,90886459,UNILEVER,0.11 l,ko,2.79,25.36,,,2.79,8711327612945,HRANA
SLADOLED MAGNUM CLASSIC 110 ml,90886465,UNILEVER,0.11 l,ko,2.79,25.36,,,2.79,8711327612372,HRANA
SLAD KORNET KINDER BUENO 62 g,90886483,FERRERO,0.06 kg,ko,2.99,48.23,,,2.99,8000500385081,HRANA
SLAD KINDER BUENO WHITE KORNET 62 g,90886487,FERRERO,0.06 kg,ko,2.99,48.23,,,2.99,8000500385098,HRANA
SLAD KINDER CHOCOLATE  38 g,90886505,FERRERO,0.04 kg,ko,2.09,55,,,2.09,8000500407219,HRANA
SLADOLED MAGNUM DUPLI LJEŠNJAK 85 ml,90886521,UNILEVER,0.09 l,ko,2.79,32.82,,,2.79,8711327667174,HRANA
SLADOLED MAGNUM BADEM KORNET 160 ml,90886533,UNILEVER,0.16 l,ko,2.99,18.69,,,2.99,8714100659922,HRANA
MLIJ NAPITAK VANILIJA YFOOD 500 ml,90900049,YFOOD,0.50 l,ko,4.99,9.98,,,1,4260556631158,HRANA
MLIJ NAPITAK CLASSIC YFOOD 500 ml,90900057,YFOOD,0.50 l,ko,4.99,9.98,,,1,4260556631165,HRANA
MLIJ NAPITAK ŠUM VOĆE YFOOD 500 ml,90900059,YFOOD,0.50 l,ko,4.99,9.98,,,1,4260556631189,HRANA
NAP KOLAGEN JAGOD STAY STRONG 500 ml,90900061,STAY STRONG,0.50 l,ko,2.59,5.18,,,2.59,3850354019275,HRANA
NAP KOLAGEN KAKAO STAY STRONG 500 ml,90900065,STAY STRONG,0.50 l,ko,2.59,5.18,,,2.59,3850354019251,HRANA
ČEŠNJOVKA NAR 300 g PIVAC,90904704,PIVAC,0.30 kg,ko,6.99,23.3,,,5.29,3859892881627,HRANA
BOSILJAK SVJEŽI ZB BIO ZONE,90904845,BIO ZONE,1.00 ko,ko,1.69,1.69,,,1.69,3856028690153,HRANA
PERŠIN SVJEŽI ZB BIO ZONE,90904847,BIO ZONE,1.00 ko,ko,1.69,1.69,,,1.69,3856028690184,HRANA
SLADOLED MAGNUM DUPLA VIŠNJA 255 ml,90886476,UNILEVER,0.26 l,ko,7.39,28.98,,,7.39,8711327663695,HRANA
SIR TVRDI RIBANAC 140 g PRESIDENT,90809647,PRESIDENT,0.14 kg,ko,3.99,28.5,,,3.99,3850355008056,HRANA
ZOB KEKSI SRCA BRU/VIŠ/CHIA 50g ROW SPI,90707942,ROW SPIRIT,0.05 kg,ko,1.19,23.8,,,1.19,3859894094056,HRANA
MUESLI GRANOLA BOOM BOX DOUBLE ČOK 60g,90622928,BOOM BOX,0.06 kg,ko,,12.67,0.76,1.09,0.99,3858890478396,HRANA
PRALINE MIX FERRERO MOMENTS 183g,90734754,FERRERO,0.12 kg,ko,7.99,65.49,,,6.99,8000500413302,HRANA
TOAST INTEGRALNI DULCESOL 820 g,90869652,DULCESOL,0.82 kg,ko,2.59,3.16,,,2.59,8410087413952,HRANA
ŠTAPIĆI KIKIRIKI SALTAS 40g,90082048,SALTAS,0.04 kg,ko,0.69,17.25,,,0.59,3856014114359,HRANA
BRAŠNO BUČINO 0.5kg OPG CESAREC,90403928,OPG CESAREC,0.50 kg,ko,2.19,4.38,,,2.19,3859893456442,HRANA
ČOKOLADA LINDT LINDOR PISTACIO 100g,90726679,LINDT,0.10 kg,ko,3.69,36.9,,,3.69,8003340801094,HRANA
PAŠTETA PAČJA 115g HENAFF,02166688,JEAN HENAFF,0.12 kg,ko,3.59,31.22,,,3.59,3537580700886,HRANA
SLANUTAK GARDEN GOOD 410/250 g,90854701,GARDEN GOOD,0.25 kg,ko,0.79,3.16,,,0.79,3838900842843,HRANA
KEKS PRINCEZA ČOKO ORIGINAL 230g,90427882,PRINCEZA,0.23 kg,ko,2.99,13,,,2.69,3856014101649,HRANA
TJEST FUSILLI 400g BRONZA,90730978,BRONZA,0.40 kg,ko,2.59,6.48,,,2.59,3857500128508,HRANA
SLAD GELATISSIMO ČOKO VIŠNJA 1.65l,90485277,GELATISSIMO,1.64 l,ko,4.99,3.04,,,4.99,3838900972830,HRANA
ŠARAN DIM FILET 150 g SPECIAL MOMENTS,90829647,SPECIAL MOMENTS,0.15 kg,ko,3.59,23.93,,,3.59,3850334429070,HRANA
UMAK ZA MESO BURGER STYLE 235ml CARL KUHNE,90324614,KUHNE,0.24 l,ko,3.99,16.98,,,3.99,40198668,HRANA
BOMBON GUMENI MAGIC CARPETS 90 g,90886028,FINI,0.09 kg,ko,1.39,15.44,,,1.39,8410525121500,HRANA
SOK OD LIMUNA 500 ml REALEMON,90890038,REALEMON,0.50 l,ko,3.99,7.98,,,3.99,5410233711829,HRANA
ORADA SVJ  OČIŠ MAP 720g,90485218,CROMARIS,0.72 kg,ko,12.49,17.35,,,9.29,3858890596793,HRANA
DESERT MILKA WAFFELINI CHOCO 31 g,90889952,MILKA,0.03 kg,ko,0.89,28.71,,,0.79,7622202286742,HRANA
GELATISSIMO ONE IN A MELON 5x70 ml,90899926,GELATISSIMO,0.35 l,ko,2.99,8.54,,,2.99,3850334434227,HRANA
SLAD CROCCANTINO BIS 4X50 g,90886255,SAMMONTANA,0.20 kg,ko,5.99,29.95,,,5.99,8005840021071,HRANA
VAFL KREM ŠTAPIĆI ČOKOLADA 200g LAST,90889853,LASTA,0.20 kg,ko,2.39,11.95,,,2.39,3870128039568,HRANA
BOMBON MAMBA MAGIC STICKS 140 g,90889828,MAMBA,0.14 kg,ko,1.79,12.79,,,1.79,4014400933413,HRANA
SLADOLED ALGIDA CLASSIC MIX 482 ml,90886470,UNILEVER,0.48 l,ko,6.59,13.67,,,6.59,8711327676671,HRANA
SLADOLED TTL JAGODA CHEESCAKE 473 ml,90899971,TASTE THE LAYERS,0.47 l,ko,4.99,10.55,,,4.99,8021995014263,HRANA
BOMBON PEZ DEKSTROZA ROLLS 39g,90361209,PEZ,0.04 kg,ko,0.99,25.38,,,0.99,9044400806306,HRANA
KAŠ LINO KRUŠKA 130G,90184219,LINO,0.13 kg,ko,1.15,8.85,,,1.15,3850104280122,HRANA
TIJESTO REZANCI ZA JUHU 250g KLARA MARIĆ,90770047,KLARA M,0.25 kg,ko,2.59,10.36,,,2.39,3859888499898,HRANA
MUESLI DATULJA I KAKAO 350 g OPLAN,90869772,OPLANT,0.35 kg,ko,3.99,11.4,,,3.99,3856020274290,HRANA
KEKS OREO 110G,90288238,OREO,0.11 kg,ko,1.69,15.36,,,1.69,7622210765932,HRANA
PAŠTETA TARTUFI 50g BURETIĆ,90573451,BURETIĆ,0.05 kg,ko,2.65,53,,,2.65,3859893159343,HRANA
TARTUFATA 80 g SPECIAL MOMENTS,90850703,SPECIAL MOMENTS,0.08 kg,ko,7.99,99.88,,,7.99,3850334428714,HRANA
ZELENO ZA JUHU 95g (400ml)KOTANYI,90405965,KOTANYI,0.10 kg,ko,5.59,58.84,,,5.59,9001414502556,HRANA
PERŠIN 100g GASTRO KOTANYI,90405967,KOTANYI,0.10 kg,ko,6.99,69.9,,,6.99,9001414024560,HRANA
HRENOVKE TELEĆE 275 g IVANEČKI,90824902,IVANEČKI,0.28 kg,ko,4.09,14.87,,,4.09,3859893866647,HRANA
KAŠICA HIPP INT ŽIT VOĆE 4-6MJ 190g,03140035,HIPP,0.19 kg,ko,1.75,9.21,,,1.75,9062300137825,HRANA
UMAK RAJČICA BOSILJAK 300g BAKINA TAJNA,90819809,BAKINA TAJNA,0.30 kg,ko,2.99,9.97,,,2.99,8606018022045,HRANA
DESERT KNOPPERS NUTBAR 40g,90405382,KNOPPERS,0.04 kg,ko,0.85,21.25,,,0.85,40144450,HRANA
ČAJ BAK KAMIL 60g PIRAMID PAMPA-TEA,90408757,PAMPA TEA,0.06 kg,ko,7.69,128.17,,,7.69,3859891239375,HRANA
KAŠICA FRUTEK POV GOV/RIŽ 190g,90320524,FRUTEK,0.19 kg,ko,1.99,10.47,,,1.99,3838945030663,HRANA
PERŠIN U LISTIĆIMA 7g ŠAFRAM,04101010,ŠAFRAM,0.01 kg,ko,0.49,70,,,0.53,3859888163263,HRANA
SOL HIMALAJSKA SITNA 250g ŠAFRAM,90215194,ŠAFRAM,0.25 kg,ko,2.79,11.16,,,3.32,3859892109394,HRANA
LIZALICE FLOPITO COLA 80g 10/1,90074953,FLORESTAL,0.08 kg,ko,1.29,16.13,,,1.29,7896321004376,HRANA
LUČIĆI U VINS OCTU 290g SACLA,90485173,SACLA,0.18 kg,ko,2.99,16.61,,,2.99,8001060001503,HRANA
ZAČIN PIKANT FIX KISELI 100g DR OETK,04183458,DR OETKER,0.10 kg,ko,0.99,9.9,,,0.99,5997381327077,HRANA
PAHULJICE PIR BIO ZONE 500g,90513574,BIO ZONE,0.50 kg,ko,1.99,3.98,,,1.99,3838900804193,HRANA
ZAČIN MEXICO BURITO 40g VR KOTANYI,01490842,KOTANYI,0.04 kg,ko,1.69,42.25,,,1.69,9001414011546,HRANA
TJEST CASARECCE DURUM 400g PEREC,90750963,OPG PEREC,0.40 kg,ko,2.49,6.23,,,2.49,3859894123107,HRANA
SIRUP ZA KAVU KARAMELA 0.25l MONIN,90804720,MONIN,0.25 l,ko,6.99,27.96,,,6.99,3052910013677,HRANA
PRŠUT DALMATINSKI NAR 80 g MAP,90886635,VOŠTANE,0.08 kg,ko,3.29,41.13,,,3.29,3858889494758,HRANA
JOGURT Z BREGOV 2.8% 1750gVINDIJA,90513938,Z BREGOV,1.75 kg,ko,4.05,2.31,,,4.05,3850108037265,HRANA
SV BUT BK MHF,90283094,PIK VRBOVEC,1.00 kg,kg,6.09,6.09,,,4.69,3850139445152,HRANA
KIWI 1 kg,01410026,,1.00 kg,ko,2.49,2.49,,,2.49,3838900270394,HRANA
MESNI DORUČAK 3X150g XXL GAVRILOVIĆ,90477985,GAVRILOVIĆ,0.45 kg,ko,4.49,9.98,,,4.49,3858892722121,HRANA
BATAK PILEĆI K PLUS,90270053,K PLUS,1.00 kg,kg,,3.29,3.29,4.09,4.09,3850159118050,HRANA
ČOKOL DORINA LEDENA 100g,04212302,DORINA,0.10 kg,ko,1.99,19.9,,,1.45,3850102117215,HRANA
RAFFAELLO PIATTA 260g,90087739,FERRERO,0.26 kg,ko,6.69,25.73,,,6.19,4008400180724,HRANA
ULJE MASLIN EX DJ 1L ZVIJEZD,03210017,ZVIJEZDA,1.00 l,ko,13.99,13.99,,,13.99,3858882211550,HRANA
OSLIĆ BEZ GLAVE OCEAN 1kg,90385602,OCEAN,1.00 kg,ko,,3.99,3.99,3.99,3.69,3850334388001,HRANA
HRENOVKE U PRIR CRIJEVU RFZ PIK VRBO,02044281,PIK VRBOVEC,1.00 kg,kg,12.49,12.49,,,12.49,3850139191103,HRANA
VRHNJE K PLUS ZA KUHANJE 500ml 20%,90307275,K PLUS,0.50 l,ko,,3.78,1.89,2.39,1.89,3850334343864,HRANA
KRASTAVAC SALATNI KOM,01407864,,0.30 kg,ko,1.39,4.63,,,0.59,3859892765255,HRANA
TORTILLA PŠEN 8x20cm 320g HRUSTY,90533230,HRUSTY,0.32 kg,ko,1.59,4.97,,,1.59,8605002359723,HRANA
ČOKOL MILKA CIJELI LJEŠ 270G,90297962,MILKA,0.27 kg,ko,2.5,9.26,,,6.79,7622210702555,HRANA
PRŠUT K PLUS 500G NAR MAXX,90286979,K PLUS,0.50 kg,ko,13.49,26.98,,,9.99,3850334341518,HRANA
ČOKOLADA MILKA NOISETTE 80g,90045395,MILKA,0.08 kg,ko,,16.88,1.35,1.35,2.09,7622210043955,HRANA
PUDING PROTEIN VAN 180g VINDIJA,90389423,VINDIJA,0.18 kg,ko,,5.5,0.99,1.29,1.29,3850108040906,HRANA
DESERT KINDER BUENO T1 43g,04220953,FERRERO,0.04 kg,ko,1.29,30,,,1.19,80052760,HRANA
PILEĆI ZABATAK 500g,90674557,MEĐIMURSKO PILE,0.50 kg,ko,2.79,5.58,,,2.79,3850220115780,HRANA
PRIPRAVAK ZA ŠLAG HALTA  500ml,02324114,HALTA,0.50 l,ko,2.19,4.38,,,2.06,8004172000303,HRANA
ČOKOL ZA JELO I KUHANJE 200g KRAŠ,04341008,DORINA,0.20 kg,ko,,14.95,2.99,3.89,2.99,3850102113613,HRANA
DESERT ČOK/VAN JAJE 70G,90191799,KIDSWORLD,0.07 kg,ko,1.13,16.14,,,0.95,8595588202561,HRANA
ŠPINAT 400g LEDO,90668483,LEDO,0.40 kg,ko,1.59,3.98,,,1.99,3850116053257,HRANA
ČOKOLADA KINDER T12 150g,90070401,FERRERO,0.15 kg,ko,2.89,19.27,,,2.59,8000500141601,HRANA
TELEĆI VRAT SK T BOER,90408173,T BOER & ZN,1.00 kg,kg,,8.49,8.49,8.19,8.89,,HRANA
ČIPS DORITOS NACHO SIR 90g,90754984,DORITOS,0.09 kg,ko,1.99,22.11,,,1.99,8606017379393,HRANA
RIKULA 125 grama,90290439,KONZUM,0.13 kg,ko,1.29,10.32,,,1.29,3858890542455,HRANA
VRHNJE K PLUS ZA KUH 200G 20%,90229967,K PLUS,0.20 kg,ko,0.99,4.95,,,1.05,3850334585523,HRANA
CVJETAČA KOM,90043126,,0.63 kg,ko,1.69,2.7,,,1.99,3850334311863,HRANA
ČEŠNJAK RFZ,01402186,KORA,1.00 kg,kg,4.69,4.69,,,4.99,3850334173287,HRANA
ČIPS LAY'S  MAXX PAPRIKA 120g,90706138,PEPSICO,0.12 kg,ko,,16.58,1.99,2.29,1.89,5900259128966,HRANA
LUK CRVENI,01400528,,1.00 kg,kg,0.69,0.69,,,0.84,3850334386182,HRANA
JAJA SVJ K PLUS M 10/1 PODNI UZGOJ,90148335,K PLUS,10.00 ko,ko,2.99,0.3,,,2.65,3850334421111,HRANA
SLAD KORNET MAXIMO MAL CAKE 160ML LEDO,90215110,KING,0.16 l,ko,2.69,16.81,,,2.69,3850116105710,HRANA
PUREĆA KRILA VAKUUM AIA cca 2.7,90225349,AIA,1.00 kg,kg,2.59,2.59,,,2.25,,HRANA
DESERT KINDER SCHOKO BONS 125g,04227011,FERRERO,0.13 kg,ko,3.69,29.52,,,3.29,5413548280189,HRANA
ČIPS PRINGLES ORGINAL 165g,01311186,PRINGLES,0.17 kg,ko,3.49,21.15,,,3.49,5053990101573,HRANA
GRAH ŠARENI,01421206,EUROCOMPANY,1.00 kg,kg,1.99,1.99,,,1.99,3859893124860,HRANA
JABUKA IDARED,01411614,,1.00 kg,kg,,1.39,1.39,1.69,1.49,3850334173713,HRANA
JUN VRAT SK MARTINJAK  MHF,90308783,,1.00 kg,kg,6.99,6.99,,,6.99,3859893702471,HRANA
BRAŠNO OŠTRO T-400 5kg MLINETA,04030002,MLINETA,5.00 kg,ko,3.85,0.77,,,3.9,3859888419087,HRANA
LJEŠNJAK JEZGRA 300g,90697958,PP ORAHOVICA,0.30 kg,ko,6.99,23.3,,,4.49,3858889833809,HRANA
SIR K PLUS ZRNATI 20% MM 200g,02398938,K PLUS,0.20 kg,ko,1.39,6.95,,,1.33,3850334058515,HRANA
ČIPS CHIO PAPRIKA 130 g,90764970,CHIO,0.13 kg,ko,2.19,16.85,,,2.19,3856021306709,HRANA
AVOKADO KOM,01410080,,0.20 kg,ko,1.39,6.95,,,1.19,2011171540101,HRANA
MARGARIN MARGO NOVA 225g ZVIJEZDA,90703044,MARGO,0.23 kg,ko,,5.73,1.29,1.29,1.19,3856015327284,HRANA
VALJUŠCI MINUTE 1kg,90670328,MINUTE,1.00 kg,ko,2.79,2.79,,,2.79,3850334018380,HRANA
BRANCIN I SVJ PAK KONZUM,02199515,,1.00 kg,kg,10.99,10.99,,,9.39,,HRANA
PUREĆA DIMLJENA NAR 100g PIK,90409805,PIK,0.10 kg,ko,2.89,28.9,,,2.59,3850139520453,HRANA
PIL ZABATAK OBIT PAK VINDIJA,02430046,CEKIN,1.00 kg,kg,5.29,5.29,,,3.49,3850159110573,HRANA
ŠLAG K 220ml LEDO,02350334,LEDO,0.22 l,ko,1.99,9.05,,,1.49,3850116506623,HRANA
FANT UMAK KREM DELIKATESNI 40 g PODRAVKA,90770334,FANT,0.04 kg,ko,1.19,29.75,,,1.19,3856020269494,HRANA
PROTEIN ZOE WHEY FRENCH VANILLA 25 g,90839960,ZOE,0.03 kg,ko,,63.2,1.58,1.99,1.99,3856026709888,HRANA
DESERT KINDER SRCE T1 37 g,90869741,FERRERO,0.04 kg,ko,1.29,34.86,,,1.29,8000500443996,HRANA
KEKS PLAZMA MINI MINI 55g,90668780,BAMBI,0.06 kg,ko,0.79,14.36,,,0.79,8600043033533,HRANA
KAŠICA FRUTEK BIO JAB BRES 190g,04170478,FRUTEK,0.19 kg,ko,,6.79,1.29,1.29,1.75,3838945016452,HRANA
SLAD CINQUE STELLE STRACCIAT 6x90 ml,90759858,SAMMONTANA,0.36 l,ko,5.99,16.65,,,5.99,8005840020623,HRANA
TUNJ OCEAN SALATA GRAH 210G/160g,90869931,OCEAN,0.16 kg,ko,,11.19,1.79,2.25,2.25,3850334171054,HRANA
KAŠICA HIPP TELET RIŽ MRKV 190g,03140010,HIPP,0.19 kg,ko,,8.89,1.69,1.99,1.99,9062300101093,HRANA
SV SLABINA I LEĐA SK MHF,90283095,PIK VRBOVEC,1.00 kg,kg,5.89,5.89,,,4.29,3850139523416,HRANA
BROKULA KOM,90053392,,0.50 kg,ko,1.69,3.38,,,1.19,3850334385963,HRANA
JAJA SVJEŽA K PLUS M 10/1,02510689,K PLUS,10.00 ko,ko,2.45,0.25,,,2.39,3850334262387,HRANA
PUDING PROTEIN ČOKOLADA 200g ZOTT,90593618,ZOTT,0.20 kg,ko,1.19,5.95,,,0.89,4014500519142,HRANA
LOPATICA K PLUS ROLANA BEZ KOŽE,90360012,K PLUS,1.00 kg,kg,8.99,8.99,,,9.29,3850139285499,HRANA
SLAD QUATTRO COLORI ČOKOLADA 1500 ml,90764723,QUATTRO,1.50 l,ko,6.49,4.33,,,5.99,3850116064352,HRANA
PRSA PIL DIM NAR 250g VAC DIMCEK VIN,02039384,CEKIN,0.25 kg,ko,3.49,13.96,,,2.48,3850159122033,HRANA
SV LOPATICA BK II KAT 4D ,02402350,PIK VRBOVEC,1.00 kg,kg,,2.99,2.99,3.09,3.79,3850139523430,HRANA
BADEM JEZGRA GARDEN GOOD 180g,90363749,GARDEN GOOD,0.18 kg,ko,2.69,14.94,,,2.19,3838900957059,HRANA
ZIMSKA SALAMA NAR 100g MA PIK VRBOV,02024385,PIK VRBOVEC,0.10 kg,ko,2.79,27.9,,,2.79,3850139010480,HRANA
SKYR PROTEIN ACTIVE ZONE 500g,90518490,ACTIVE ZONE,0.50 kg,ko,,2.78,1.39,1.39,1.79,3838900802342,HRANA
OSLIĆ FILET 800g LEDO,90607802,LEDO,0.80 kg,ko,10.49,13.11,,,10.49,3850116048628,HRANA
BANANA,01410437,,1.00 kg,kg,1.49,1.49,,,1.44,3850334173539,HRANA
JUN SL I LEĐA SK BB MARTINJAK  MHF,90308784,,1.00 kg,kg,12.09,12.09,,,10.99,3859893702402,HRANA
BISKVIT JAFFA KEKS NARANČA 150g,04144000,JAFFA,0.15 kg,ko,1.39,9.27,,,1.29,8600114000013,HRANA
NAMAZ LINO LADA MILK 350g PODRAVKA,90674753,LINO LADA,0.35 kg,ko,3.99,11.4,,,3.99,3850104267109,HRANA
MORTADELA PIK NAR 150g MA PIK VRBOVE,02036498,PIK VRBOVEC,0.15 kg,ko,2.75,18.33,,,2.75,3850139171044,HRANA
VRHNJE ZA KUHANJE 200ml SLIM VINDIJA,02331033,Z BREGOV,0.20 l,ko,1.49,7.45,,,1.39,3850108033892,HRANA
PLJESKAVICA SVJEŽA 400g MA PIK VRBOV,02404067,PIK VRBOVEC,0.40 kg,ko,4.09,10.23,,,3.59,3850139435726,HRANA
PIL BATAK I ZABATAK OBIT PAK VINDIJA,02430045,CEKIN,1.00 kg,kg,5.49,5.49,,,5.49,3850159110559,HRANA
ČOKOL MIKADO RIŽA 225g,04211695,MIKADO,0.23 kg,ko,3.89,17.29,,,3.35,3858888570477,HRANA
MLINCI KLARA 250g KLARA,04010177,KLARA,0.25 kg,ko,1.89,7.56,,,1.79,3858881323025,HRANA
TEL VRAT SK  VAKLM,02414320,PIK VRBOVEC,1.00 kg,kg,,8.49,8.49,8.19,9.59,3850139543230,HRANA
MLIJEČNI DESERT KINDER MAXI KING 35g,02329055,FERRERO,0.04 kg,ko,0.85,24.29,,,0.79,4008400553023,HRANA
SLAD QUATTRO JOY 1650ml,02351153,QUATTRO,1.65 l,ko,7.49,4.54,,,7.49,3850116036113,HRANA
MEDALJONI PIL PANIR 660g SMR VINDIJA,02435514,CEKIN,0.66 kg,ko,,9.83,6.49,7.69,7.69,3850159141461,HRANA
PANCETA CCA 350g VAC PIK VRBOVEC,02012716,PIK,1.00 kg,kg,21.99,21.99,,,21.99,3850139030266,HRANA
PAŠTETA KOKOŠJA JUNIOR ARGETA 95g,90108934,ARGETA,0.10 kg,ko,1.49,15.69,,,1.39,3838975567016,HRANA
MIX NESCAFE STRONG 3U1 10/1 140g,90706635,NESCAFE,0.14 kg,ko,2.99,21.36,,,2.99,8445290749413,HRANA
ČIPS PRINGLES PAPRIKA 165g,01311184,PRINGLES,0.17 kg,ko,3.49,21.15,,,3.49,5053990161669,HRANA
PAPRIKA CRVENA,01409451,,1.00 kg,kg,4.49,4.49,,,4.99,3850334173430,HRANA
ČAJNA KOB 650g MA REZ PIK VRBOV,02024464,PIK,1.00 kg,ko,17.69,17.69,,,17.69,,HRANA
ČOKOL JAJE KIN IZNENAĐ T72 20g,04220954,FERRERO,0.02 kg,ko,1.59,79.5,,,1.49,40084107,HRANA
TUNJ FILET 100 g/70 g EVA,90749653,EVA,0.07 kg,ko,,35.57,2.49,3.49,3.49,3856020263096,HRANA
KRUH KUKURUZNI 600g PAK K PLUS,90759782,K PLUS,0.60 kg,ko,,2.08,1.25,1.79,1.79,3850334108227,HRANA
BAKALAR SUHI 200-600 FINMARKEN NOTO,02196680,NOTO,1.00 kg,kg,54.99,54.99,,,45.99,,HRANA
VEGETA 250g VREĆICA PODRAVKA,04163419,VEGETA,0.25 kg,ko,,7.96,1.99,2.19,2.19,3850104008597,HRANA
CROISSANT 7DAYS MINI KAKAO 185g,04029804,CHIPITA,0.19 kg,ko,2.65,14.32,,,2.65,7622202215292,HRANA
SIR TVRDI GRANA PADANO K PLUS 200g,90070710,K PLUS,0.20 kg,ko,,19.95,3.99,3.99,4.69,3850334350756,HRANA
DESERT MONTE LJEŠNJAK 4X100g ZOTT,02321077,MONTE,0.40 kg,ko,2.59,6.48,,,2.52,40145389,HRANA
ČIPI ČIPS SLANI 130 g,90751027,ČIPI ČIPS,0.13 kg,ko,2.19,16.85,,,2.19,3856021306501,HRANA
PANCETA DALMATINSKA cca 300g VP PIVAC,90569804,PIVAC,1.00 kg,kg,18.89,18.89,,,18.89,3858881618015,HRANA
PANCETA 1/4 DOBRO,90670324,DOBRO,1.00 kg,kg,,12.49,12.49,15.99,22.49,3850133812486,HRANA
BOMBON WERTHER'S ROLE 50g,04191232,WERTHERS,0.05 kg,ko,0.85,17,,,0.85,40144016,HRANA
REZANCI BATAT INTEG 200g KOVAČIĆ,90759798,OPG IVAN KOVAČIĆ,0.20 kg,ko,2.59,12.95,,,2.59,3858893350118,HRANA
ČAJ IMMUNITY 10/1 18G TEEKANNE,90864654,TEEKANNE,0.02 kg,ko,1.89,105,,,1.89,9001475062761,HRANA
VOĆNI PRUTIĆI NATURE ADD JAGODA 35g,90733595,NATURE ADDICTS,1.00 ko,ko,1.65,1.65,,,1.65,3609200008969,HRANA
BOMBONI SKITTLES DESSERTS VR 152g,90824701,WRIGLEY,0.15 kg,ko,2.55,16.78,,,2.55,4009900544788,HRANA
BRAŠNO POLUB T-850 1kg BELJE,04031819,BELJE,1.00 kg,ko,1.19,1.19,,,1.19,3850257015718,HRANA
BOMBON PEACH RINGS 80g BEBETO,90569933,BEBETO,0.08 kg,ko,0.99,12.38,,,0.93,8690146658412,HRANA
TUBA NUTRINO JAB/KR/BAN/ŽIT 180 g,90874849,NUTRINO,0.18 kg,ko,1.69,9.39,,,1.69,8606019651633,HRANA
ORAŠASTO KUKURUZ MIX PRŽ VEDRIN 200g,90850461,VEDRINI,0.20 kg,ko,2.99,14.95,,,2.99,3858889333644,HRANA
KAVA MELANGE ZRNO 500 g JULIUS MEINL,90874674,JULIUS MEINL,0.50 kg,ko,18.99,37.98,,,18.99,9000403975500,HRANA
MED CVJETNI HR DOBRA VIBRA 450g,90494879,DOBRA VIBRA,0.45 kg,ko,5.99,13.31,,,5.99,3859893439032,HRANA
PROTEIN 1ST WHEY 30.4g SACHET SWISS CHOC,90346512,POLLEO,0.03 kg,ko,1.99,65.46,,,1.99,3858892293270,HRANA
TJESTENINA NAPOLITANA 160g MINUTE,90424935,MINUTE,0.16 kg,ko,,8.06,1.29,1.29,1.69,3850334239877,HRANA
KREKER KUK SLANI ACTIVE ZONE 120 g,90779960,ACTIVE ZONE,0.12 kg,ko,,6.58,0.79,0.99,0.99,3838900837450,HRANA
MINI CROISSANT 200G RUGGERI,90278040,LA CROISSANTERIE,0.20 kg,ko,1.5,7.5,,,1.5,8001618991980,HRANA
NAMAZ KIKIRIKI MASL 350G LINO,90750757,LINO,0.35 kg,ko,4.29,12.26,,,4.29,3856020271077,HRANA
ČOKOLADA PRAH 100g KANDIT,04210922,KANDIT,0.10 kg,ko,2.39,23.9,,,2.89,3858881044043,HRANA
ČIPS CRUNCHIPS X CUT SLANI 130g,90705474,LORENZ,0.13 kg,ko,2.25,17.31,,,2.25,4018077005459,HRANA
SIR TVRDI OVČJI DIMLJENI 150g,90705268,INTERLAT,0.15 kg,ko,3.99,26.6,,,3.99,8427298009584,HRANA
INDIJSKI ORAŠČIĆ PRŽENI 125g VREĆ NUTLINE,90423480,NUTLINE,0.13 kg,ko,3.89,31.12,,,3.89,3800048188657,HRANA
BISKVIT JAFFA CHOCO  155G,90181045,JAFFA,0.16 kg,ko,1.39,8.97,,,1.29,8600114005360,HRANA
KAŠA ZOB RISE&SMILE ŠUM VOĆ 65g,90713218,RISE&SMILE,0.07 kg,ko,,6.62,0.43,0.55,0.55,3850334043436,HRANA
KEKS BOOM BOX ZOBENI KAKAO 200g,90568790,BOOM BOX,0.20 kg,ko,3.59,17.95,,,2.99,3858890478051,HRANA
BOMBONI TVRDI BOLA COLA 400g,04192245,FLORESTAL,0.40 kg,ko,3.99,9.98,,,3.99,7896321002495,HRANA
ZAČIN CURRY POSIPAČ 4g VEGETA MAESTRO,90282235,VEGETA MAESTRO,0.04 kg,ko,2.59,64.75,,,2.59,3850104294723,HRANA
SRDELE SL OČIŠĆ U SUNC ULJU 320g PELAGOS,90432912,PELAGOS,0.32 kg,ko,7.59,23.72,,,7.59,3859893545542,HRANA
FANT UMAK ZELENI PAPAR 30 g PODRAVKA,90770336,FANT,0.03 kg,ko,1.19,39.67,,,1.19,3856020269463,HRANA
NAMAZ LINO LADA MILK 2.5 kg,90895363,LINO LADA,2.50 kg,ko,13.99,5.6,,,10,3856020216566,HRANA
RIŽA DUGO ZRNO 500g 4X125g KRESTO,04061012,KRESTO,0.50 kg,ko,1.99,3.98,,,1.99,3858882290432,HRANA
TJEST SIMPLY PASTA CHIFF RIGATI 500g,90875092,SIMPLY PASTA,0.50 kg,ko,,1.98,0.99,1.29,1.29,3858884500607,HRANA
RAVIOLI KOZJI SIR I CRN MASL 250g NAŠE KLASJE,90400515,AURELIA,0.25 kg,ko,2.89,11.56,,,2.89,3859893533143,HRANA
FANT ZAP.TJ.ŠUNKA.SIR 40g PODRAVKA,90364170,FANT,0.04 kg,ko,1.39,34.75,,,1.39,3850104295126,HRANA
TUNJ OCEAN KOM RAJČICA 160 g/112 g,90869919,OCEAN,0.11 kg,ko,,13.3,1.49,1.89,1.89,3850334114426,HRANA
BURGER PILEĆI BEYOND 2x90G,90730871,BEYOND MEAT,0.18 kg,ko,,27.69,4.98,4.99,5.99,1230000147286,HRANA
ČAJ BRONHO 20/1 24G PODRAVKA,90733258,PODRAVKA,0.02 kg,ko,2.85,118.75,,,2.85,3856020252960,HRANA
NAPOLITANKE ČOKOLADA 480g LASTA,90825678,LASTA,0.48 kg,ko,3,6.25,,,3.39,3870128037878,HRANA
ZAČIN MUŠKA ORAH MLJE VR 15g  VEGETA MAESTRO,90282045,VEGETA MAESTRO,0.02 kg,ko,1.99,132.67,,,1.99,3850104294488,HRANA
FANT FINA VARIVA 40g,90091763,FANT,0.04 kg,ko,1.39,34.75,,,1.39,3850104271458,HRANA
BOMBONI KISELA JAGODA 150 g TROLLI,90755004,TROLLI,0.15 kg,ko,2.49,16.6,,,2.49,4000512463801,HRANA
RAJČICA POLPA BOSILJAK 400g MUTTI,90052654,MUTTI,0.40 kg,ko,2.19,5.48,,,1.99,8005110170423,HRANA
PAŠTETA OD DIMLJENOG LOSOSA 165g,90303571,TRENTON,0.17 kg,ko,3.69,22.36,,,3.69,3859893081187,HRANA
TIJESTO LJILJANI 500g KLARA M,04050517,KLARA M,0.50 kg,ko,3.69,7.38,,,3.59,3859888499102,HRANA
PRALINE LINDT LINDOR ASSORTED 137G,90733845,LINDT,0.14 kg,ko,6.99,51.02,,,7.99,8003340807775,HRANA
UMAK PESTO 190g SACLA,01490560,SACLA,0.19 kg,ko,3.59,18.89,,,3.59,8001060001848,HRANA
LEĆA CRVENA VEDRINI 500 g ,90850501,VEDRINI,0.50 kg,ko,1.49,2.98,,,1.49,3859890630807,HRANA
KLINČIĆ MLJEVENI VR 20g KOTANYI,04100819,KOTANYI,0.02 kg,ko,1.99,99.5,,,1.99,9001414015414,HRANA
TARALLI DULCETTI ONION  300 g,90851037,DULCETTI,0.30 kg,ko,,4.77,1.43,1.79,1.79,3850334431288,HRANA
NAMAZ MLIJEČNI 30% MM 75g VERONIKA,90572747,VERONIKA,0.08 kg,ko,1.09,14.53,,,1.09,3859889622080,HRANA
PALENTA INSTANT 450g ŠAFRAM,90391189,ŠAFRAM,0.45 kg,ko,0.85,1.89,,,0.85,3859890104001,HRANA
ŠTRUKLI SA SVJ SIROM SLANI 600g SMRZ,02373894,LATICA,0.60 kg,ko,,6.8,4.08,4.91,4.91,3850261359778,HRANA
BOŽIĆNA KUĆICA MIX 60g,90825777,INCO,0.06 kg,ko,0.5,8.33,,,0.1,5901812694072,HRANA
MASLINE CRNE PEČENE 100g SACLA,90485131,SACLA,0.10 kg,ko,2.49,24.9,,,2.49,8001060001404,HRANA
ŠIROKI REZANCI S JAJIMA 500gMLIN PUKANIC,90404015,MLIN PUKANIĆ,0.50 kg,ko,2.12,4.24,,,2.12,3859892888299,HRANA
ČAJ SIR WINSTON ENGLISH BREAKFAST 36g,04090028,SIR WINSTON,0.04 kg,ko,2.39,68.29,,,2.39,5901086050710,HRANA
TJEST SPAGHETTINI 3 400g MARODI,90599568,MARODI,0.40 kg,ko,1.89,4.73,,,1.9,3859893944185,HRANA
GRAŠAK XXL 700g LEDO,90706763,LEDO,0.70 kg,ko,2.99,4.27,,,2.49,3850116058627,HRANA
PAPRIKA ZAČ SLATKA DIMLJ 70g SOTINAC,90750980,OPG SOTINAC,0.07 kg,ko,1.79,25.57,,,1.79,3859893718311,HRANA
KETCHUP PIZZA 500g PODRAVKA,90703040,PODRAVKA,0.50 kg,ko,2.09,4.18,,,2.09,3850104268939,HRANA
RAJČICA KONCENTRAT ST 370g PODRAVKA,90770348,PODRAVKA,0.37 kg,ko,3.49,9.43,,,3.49,3856020269166,HRANA
KIKIRIKI EC SUHO PRŽ NESLANI 125g,90241105,EUROCOMPANY,0.13 kg,ko,1.19,9.52,,,1.19,3872084007964,HRANA
PROTEIN BAR ZOE SACHER CAKE 50 g,90809998,ZOE,0.05 kg,ko,,45.8,2.29,2.99,2.99,3856026709710,HRANA
ĐUMBIR LISTIĆI 125 g NATURA,90850599,NATURA,0.13 kg,ko,1.99,15.92,,,1.99,3859893124723,HRANA
KOLAČ INTENSE BROWNIE 36 g JAFFA,90754695,JAFFA,0.04 kg,ko,0.59,16.39,,,0.59,8600114011477,HRANA
UMAK CHILLI 250ML KUHNE,01490174,KUHNE,0.25 l,ko,2.49,9.96,,,2.49,40804835,HRANA
ORIGANO USITNJ ECONOMY 25g KOTANYI,90423151,KOTANYI,0.03 kg,ko,2.29,91.6,,,2.29,9001414008119,HRANA
PAŠTETA KOKOŠJA GOLD 95g PODRAVKA,90732394,PODRAVKA,0.10 kg,ko,1.29,13.58,,,1.29,3856020263720,HRANA
CORNFLAKES SANTE 1000gVR,90405580,SANTE,1.00 kg,ko,4.69,4.69,,,4.29,5900617032614,HRANA
ŠEĆER U PRAHU 500g SWEET CHEF,90381481,SWEET CHEF,0.50 kg,ko,1.29,2.58,,,1.29,3850334197467,HRANA
SIR TVRDI MIJEŠANI 45% ŠPIN,02055425,ŠPIN,1.00 kg,kg,29.99,29.99,,,27.99,3858881191693,HRANA
SIR POLUT GAUDA BEZ LAK 300g FREE Z,90770073,FREE ZONE,0.30 kg,ko,3.99,13.3,,,3.99,3838900832028,HRANA
IMUNO MIX FAMILY PACK EC 300g,90705642,EUROCOMPANY,0.30 kg,ko,4.69,15.63,,,4.69,3872084014511,HRANA
KIKIRIKI HRUSTY LIMENKA 185g,90713957,HRUSTY,0.19 kg,ko,,6.43,1.19,1.59,1.59,3850334152411,HRANA
PECIVO ŽEMLJA 6/1 360g KLARA,90503281,KLARA,0.36 kg,ko,2.25,6.25,,,2.15,3858881321595,HRANA
SIR SVJEŽI SKUTA 300g PAŠKA,90382432,PAŠKA SIRANA,0.30 kg,ko,4.49,14.97,,,3.69,3859892884130,HRANA
KAVA LEDENA LANDESSA CAS MACC 230ml,90518587,LANDESSA,0.23 l,ko,1.99,8.65,,,1.99,9004380079602,HRANA
IŠLERI 400g K PLUS,90366021,K PLUS,0.40 kg,ko,4.25,10.63,,,4.25,3850334189295,HRANA
KAVA JACOBS MONARCH MLJ 200g,90360188,JACOBS,0.20 kg,ko,5.59,27.95,,,5.09,8711000892749,HRANA
HOT DOG 700 g MINUTE,90810843,MINUTE,0.70 kg,ko,,3.56,2.49,3.59,3.49,3850334415110,HRANA
TIJESTO MINI PIPE RIGATE 500g BARILA,04055528,BARILLA,0.50 kg,ko,2.45,4.9,,,2.45,8076809523523,HRANA
KEKS KINDER KINDERINI 250 g,90775738,FERRERO,0.25 kg,ko,5.49,21.96,,,4.49,8000500391228,HRANA
SLAD KINDER BUENO 4x90 ml,90769692,KINDER BUENO,0.25 l,ko,7.99,32.2,,,7.99,8000500384664,HRANA
JUNEĆI FLAM BEZ KOSTI LOVRIĆ,90648703,LOVRIĆ,1.00 kg,kg,9.99,9.99,,,9.49,,HRANA
BOMBON SMARTIES TUBA 130g,90331260,SMARTIES,0.13 kg,ko,3.49,26.85,,,3.49,7613036274777,HRANA
VEGETA ST DOZA 400g PODRAVKA,04160307,VEGETA,0.40 kg,ko,3.79,9.48,,,3.79,3850104249600,HRANA
LUK LJUTIKA 250 grama,90083047,KORA,0.25 kg,ko,1.29,5.16,,,1.29,3856028687887,HRANA
TIJESTO K PLUS CHIFERI RIG 55 500g,04057603,K PLUS,0.50 kg,ko,1.29,2.58,,,1.29,,HRANA
SUNCOKRET PRŽ SL LJUSKA 150g MOGYI,90493382,MOGYI,0.15 kg,ko,1.05,7,,,1.05,5997347542711,HRANA
KOLAČ DONUTS CHOCO CREAM 3/1 75g JAFFA,90731267,JAFFA,0.08 kg,ko,,11.33,0.85,0.99,0.99,8600114010852,HRANA
PAŠTETA KOKOŠJA  K PLUS 95g LO,90360465,K PLUS,0.10 kg,ko,0.85,8.95,,,0.85,3850334267177,HRANA
PRIPRAVAK ZA ŠLAG SPRAY HOPLA 250g,90405506,HOPLA,0.25 kg,ko,2.99,11.96,,,2.49,8000005026069,HRANA
JOGURT ACTIVIA MIX 168g,90598629,ACTIVIA,0.17 kg,ko,1.55,9.23,,,1.55,5941209010115,HRANA
PROTEIN BAR 50% PROSERIES 50g CHOCO CRISP,90344600,POLLEO,0.05 kg,ko,1.99,39.8,,,1.99,3858892290095,HRANA
ŠEĆER SMEĐI DEMERARA 1kg BILLINGTON,04121003,BILLINGTON,1.00 kg,ko,4.99,4.99,,,4.99,5010651001146,HRANA
ZVIJEZDA GASTRO SALATNA MAJONEZA 15G,90296050,ZVIJEZDA,0.02 kg,ko,0.26,17.33,,,0.26,3856015316660,HRANA
PRIPRAVAK ZA ŠLAG 5+ 500ml DOLCELA,90099278,DOLCELA,0.50 l,ko,2.29,4.58,,,2.29,3850104230578,HRANA
SENDVIČ HIGH PROTEIN TUNA 150g,90731569,EUROCHEF,0.15 kg,ko,3.49,23.27,,,3.49,8013554114507,HRANA
BOMBONI SKITTLES WILD BERRY VR 95G,90405123,WRIGLEY,0.10 kg,ko,1.59,16.74,,,1.59,4009900510837,HRANA
GRAH S DIM SLANINOM MINUTE 400g,90735130,MINUTE,0.40 kg,ko,,5.73,2.29,2.69,2.69,3850334070289,HRANA
KUMKVAT 200 grama,90080251,,0.20 kg,ko,1.09,5.45,,,1.19,3850334382863,HRANA
SIRNI NAMAZ LABNE 200 g PRESIDENT,90794881,PRESIDENT,0.20 kg,ko,2.29,11.45,,,2.29,8692971430942,HRANA
RAJČICA PASIRANA 700g STAR,90406750,STAR,0.70 kg,ko,1.69,2.41,,,2.19,8410300359524,HRANA
SLAD GELATISSIMO MINI ČOKO 12x28 ml,90765021,GELATISSIMO,0.23 l,ko,3.99,17.52,,,3.99,3850334106506,HRANA
PIRE VOĆNI RELAX BIO 200 g O PLANT,90780068,O PLANT,0.20 kg,ko,1.99,9.95,,,1.99,3856020270667,HRANA
NAMAZ SUNNY KAKAO LJEŠNJAK PVC 400 g,90749845,SUNNY,0.40 kg,ko,1.99,4.98,,,1.99,3838900834671,HRANA
DESERT KINDER DELICE  39g,90298357,FERRERO,0.04 kg,ko,0.89,22.82,,,0.79,8000500267035,HRANA
VIVIS SVJEŽI KREM SIR ČILI 100g,90299405,VIVIS,0.10 kg,ko,1.29,12.9,,,1.29,3850108058949,HRANA
ŠLAG KREMA VANILI 45G 2+1GRAT DOLCE,04185991,DOLCELA,0.09 kg,ko,2.98,33.11,,,2.18,3850104219337,HRANA
KEKS FINESSE INTEGRALNI NARANČA 210g,90410980,FINESSE,0.21 kg,ko,1.89,9.01,,,1.69,3850334134684,HRANA
RIŽA DUGO ZRNO 900g RISO GALLO,90670110,RISO GALLO,0.90 kg,ko,3.79,4.21,,,3.79,8001420011401,HRANA
JAJA PREPELIČJA 12/1,90433348,AGRO LINE,12.00 ko,ko,2.15,0.18,,,1.69,3857500031402,HRANA
ALABAMA BBQ PILEĆA KRILCA 450 g,90775719,CEKIN,0.45 kg,ko,4.49,9.98,,,4.49,3850159150197,HRANA
BISKVIT SUNNY VANILIJA 200g 8/1,90702769,SUNNY,0.20 kg,ko,1.45,7.25,,,1.45,3850334043979,HRANA
PAPAR + SOL GRATIS KOTANYI,04101194,KOTANYI,0.05 kg,ko,3.99,79.8,,,3.99,9001414130148,HRANA
PAŠTETA ČAJNA  U TUBI 150g,90083368,GAVRILOVIĆ,0.15 kg,ko,2.49,16.6,,,2.49,3858881226579,HRANA
ČOKOL MERCI KAVA I VRHNJE 100G,90229162,MERCI,0.10 kg,ko,2.79,27.9,,,2.79,4014400914269,HRANA
PREHRAMBENA BOJILA 4X10ml AROMAR,90726830,AROMAR,0.04 l,ko,3.49,87.25,,,2.99,3859888333215,HRANA
TUBA FRULLÀ BIO JAB/BAN/MAL 100g,90734727,FRULLA,0.10 kg,ko,0.89,8.9,,,0.89,8024985011051,HRANA
DRAŽEI CASALI RUM KOKOS 175G MANNER,04211577,MANNER,0.18 kg,ko,4.79,27.37,,,4.19,9000332813973,HRANA
PAHULJ NESQUIK KUT 2X225 g NESTLE,90859759,NESTLE ŽITAR,0.45 kg,ko,2.98,6.62,,,2.98,3858894301706,HRANA
VOĆNE KUGL SMOKVA. LJEŠ I KOKOS 144G,90320106,FIT&FIT,0.14 kg,ko,3.79,26.32,,,3.79,828093003834,HRANA
ORIGANO MRVLJ 12g ST KOTANY,04100220,KOTANYI,0.01 kg,ko,2.15,179.17,,,2.15,9001414040348,HRANA
JUHA OKUSA POVRĆA 5 KOM INDOMIE 375,90033864,INDOMIE,0.38 kg,ko,,4.77,1.79,1.59,2.65,0089686170269,HRANA
NAPOLITANKE ČOKO/NARANČA 160g JAFFA,90724933,JAFFA,0.16 kg,ko,1.69,10.56,,,1.69,8600114011248,HRANA
MARELICA SUHA FP EC99 300 g,90850362,PERFECT DAY,0.30 kg,ko,3.99,13.3,,,3.99,3872084016058,HRANA
PAPRIKE PUNJ SIR 140/100 g SPEC MOMENTS,90826484,SPECIAL MOMENTS,0.10 kg,ko,2.99,29.9,,,2.99,3850334430885,HRANA
SIR TV KRAVLJI TARTUFI 230 g SPEC MOM,90829934,SPECIAL MOMENTS,0.23 kg,ko,7.99,34.74,,,7.99,3850334430847,HRANA
DATULJA SEEBERGER B/K 200g,90705690,SEEBERGER,0.20 kg,ko,3.19,15.95,,,3.19,4008258252017,HRANA
DESERT CORNY BIG BRUSNICA 50g,04210474,SCHWARTAU,0.05 kg,ko,1.19,23.8,,,1.19,4011800587512,HRANA
DESERT FULL MUNCH BIJE ČOKO I JAGODA 128g,90670296,MUNCHMALLOW,0.13 kg,ko,1.79,13.98,,,1.79,8600114010012,HRANA
BOSILJAK MRVLJENI 9g VREĆ  KOTANYI,04100130,KOTANYI,0.01 kg,ko,0.99,110,,,0.99,9001414018002,HRANA
PUREĆI ŠIŠ ĆEVAPI 330g,90377973,VINDON,0.33 kg,ko,4.99,15.12,,,4.99,3850339419021,HRANA
KRUŠNE MRVICE SA SEZAMOM 500g MOJ KR,90291763,MOJ KRUH,0.50 kg,ko,1.55,3.1,,,1.55,3859892992033,HRANA
NAPITAK ZOB 1L O'PLANT,90495013,O PLANT,1.00 l,ko,3.39,3.39,,,3.39,3856020249847,HRANA
OCAT ALKOHOLNI 3L ZVIJEZDA,03120072,ZVIJEZDA,3.00 l,ko,3.29,1.1,,,3.29,3858882211727,HRANA
ENERGETSKI MIX EUROCOMPANY 125g,90241110,EUROCOMPANY,0.13 kg,ko,3.19,25.52,,,2.69,3872084009067,HRANA
TJESTENINA OD RIŽE 250g YOUWOK,04163767,YOUWOK.COM,0.25 kg,ko,2.99,11.96,,,2.92,8717228380174,HRANA
PANIRANI PILEĆI CORDON BLEU 480g,90438157,CEKIN,0.48 kg,ko,5.15,10.73,,,5.15,3850159141324,HRANA
ZIGANTE KOLEKCIJA 3/1,90049913,ZIGANTE,0.09 kg,ko,15.93,176.82,,,15.93,3859889179737,HRANA
PUREĆE MESO USIT SMR 500g VIND KOKA,02450184,VINDON,0.50 kg,ko,2.49,4.98,,,2.49,3850339439067,HRANA
ZAČIN KURKUMA POSIPAČ 50g VEGETA MAESTRO,90282163,VEGETA MAESTRO,0.05 kg,ko,2.59,51.8,,,2.59,3856020201326,HRANA
UMAK SLATKO- KIS. ANAN. 400g BEN'S,90574015,BEN’S ORIGINAL,0.40 kg,ko,3.69,9.23,,,3.69,4002359017209,HRANA
PISTACIO U LJUSCI SLANI 140g EUROCOMPANY,90303705,EUROCOMPANY,0.14 kg,ko,3.79,27.07,,,3.79,3872084009739,HRANA
TUNJ MASLINOVO ULJE 2X52G RIO MARE,02191132,RIO MARE,0.10 kg,ko,5.09,48.94,,,5.09,8004030100213,HRANA
ORAH GROŽĐICE SEEBERGER MIX 150g,90222656,SEEBERGER,0.15 kg,ko,3.49,23.27,,,3.29,4008258154229,HRANA
TAPIOKA SNACK SIR 570g,90598706,MOJE MALO ZLATO,0.57 kg,ko,7.29,12.76,,,7.29,3859893064326,HRANA
RAVIOLI OVČJI SIR 250g NAŠE KLASJE,02373843,AURELIA,0.25 kg,ko,2.89,11.56,,,2.89,3859890561293,HRANA
NAPITAK ZOB BADEM 1L O'PLANT,90495019,O PLANT,1.00 l,ko,3.49,3.49,,,3.49,3856020249878,HRANA
RIŽA BASMATI K PLUS 500g,90810365,K PLUS,0.50 kg,ko,1.69,3.38,,,1.99,3850334113023,HRANA
PIZZA FELICIANA 4 SIRA 325g,90380030,DR OETKER,0.33 kg,ko,4.29,13.21,,,4.29,5900437007137,HRANA
TIJESTO ŠURLE SPECIAL MOMENTS 500g,90825342,SPECIAL MOMENTS,0.50 kg,ko,1,2,,,2.49,3850334431103,HRANA
KREKER KUK SLANI BIO ZONE 120 g,90779980,BIO ZONE,0.12 kg,ko,1.19,9.92,,,1.19,3838900837467,HRANA
JUN PODLOPATICA SK III KAT ,02412023,PIK VRBOVEC,1.00 kg,kg,10.99,10.99,,,9.49,3850139523133,HRANA
DŽEM K PLUS EXTRA JAGODA 350g,90794852,K PLUS,0.35 kg,ko,,5.69,1.99,2.49,2.49,3850334111456,HRANA
KAVA DOLCE GUS CORTADO 16/1 3PACK,90335227,DOLCE GUSTO,0.30 kg,ko,12.99,43.3,,,12.99,7613287379306,HRANA
TORTILJA BG 216g OLD EL PASO ,90673477,OLD EL PASO,0.22 kg,ko,3.59,16.62,,,3.59,8410076474001,HRANA
PAPRIKA MINI MIX SLATKA 200 grama,90077169,,0.20 kg,ko,1.69,8.45,,,1.99,3858885878859,HRANA
SOL MORSKA SITNA 5kg PVC SOLANA,04110016,SOLANA PAG,5.00 kg,ko,2.89,0.58,,,2.89,3859888155398,HRANA
SLANUTAK LIM.400g/240g PODRAVKA,90091557,PODRAVKA,0.24 kg,ko,1.69,7.04,,,1.69,3850104272349,HRANA
NAMAZ LINO LADA GOLD CREAMY 700g PODRAVKA,90707721,LINO LADA,0.70 kg,ko,6.59,9.41,,,6.19,3856020265335,HRANA
ŠAMPINJONI REZ LIM 220g PODRAVKA,01600556,PODRAVKA,0.22 kg,ko,2.29,10.41,,,2.29,3850104257834,HRANA
SLAD MACHO ČOKOLADA 370 ml,90764884,MACHO,0.37 l,ko,4.29,11.59,,,3.99,3850116063997,HRANA
PIRE VOĆ JAB.BRES. 200g NUTRINO LAB ,90573500,NUTRINO LAB,0.20 kg,ko,2.25,11.25,,,2.25,8606019652951,HRANA
BROKULA 400g LEDO,90668485,LEDO,0.40 kg,ko,2.79,6.98,,,2.49,3850116053103,HRANA
RAJČICA PASIRANA 680g PODRAVKA,01570376,PODRAVKA,0.68 kg,ko,2.59,3.81,,,2.59,3850104242915,HRANA
KUKURUZ ŠEĆERAC GARDEN GOOD 340/285g,90707325,GARDEN GOOD,0.29 kg,ko,,3.47,0.99,1.29,1.29,8605028600069,HRANA
MLIJEČNI NAMAZ VAJKREM 150g BELJE,02390959,BELJE,0.15 kg,ko,1.85,12.33,,,1.85,3856015328076,HRANA
SLAD LEDO M6 MACHO MIXBOX 450ml,90598873,LEDO,0.45 l,ko,8.99,19.98,,,7.99,3850116042350,HRANA
 RIŽA BASMATI BIJELA DUGOGA ZRNA 1kg RIO-PAK,90670309,RIO PAK,1.00 kg,ko,3.79,3.79,,,3.79,3859888279155,HRANA
ČAJ KAMILICA AO 20g PODRAVKA,04090151,PODRAVKA,0.02 kg,ko,1.59,79.5,,,1.59,3850104072727,HRANA
ČOKOLADA MILKA TOFFEE NUTS 300G,90184119,MILKA,0.30 kg,ko,6.79,22.63,,,6.79,7622210417534,HRANA
KAŠ INST ČOKOLINO FIT 400g,90063366,LINO,0.40 kg,ko,4.99,12.48,,,4.99,3850104263682,HRANA
ŠEĆER SMEĐI 750g RIO PAK,04129012,RIO PAK,0.75 kg,ko,1.79,2.39,,,1.79,3859888279698,HRANA
KEČAP BLAGI 15g ZVIJEZDA,90296240,ZVIJEZDA,0.02 kg,ko,0.25,16.67,,,0.26,3856015316752,HRANA
TJEST PUŽIĆI DURUM 500g ZLATO POLJE,90769976,ZLATO POLJE,0.50 kg,ko,1.99,3.98,,,1.99,3838700010718,HRANA
PAPRIKA PEPPADEW 400/140g,90698527,PEPPADEW,0.14 kg,ko,3.99,28.5,,,3.99,6007788005443,HRANA
KEKS PLAZMA 75g,90473035,BAMBI,0.08 kg,ko,0.99,13.2,,,0.99,8600043001198,HRANA
JELO U ČAŠI GOVEDINA 65g FINI MINI,90814680,FINI MINI,0.07 kg,ko,1.69,26,,,1.18,3856020270032,HRANA
INĆUNA FILET SLANI 160g S ULJ ARBASOL,90082417,ARBASOL,0.10 kg,ko,,70.8,7.08,9.19,7.08,3859891895175,HRANA
CIMET U KORI 20g ŠAFRAM,04101262,ŠAFRAM,0.02 kg,ko,0.99,49.5,,,0.99,3859890104261,HRANA
KAVA ESPRESSO ZRNO 1892 500g FRANCK,90707110,FRANCK,0.50 kg,ko,16.19,32.38,,,16.19,3850291054032,HRANA
UMAK NAPOLETANA 410g PODRAVKA,90412275,PODRAVKA,0.41 kg,ko,3.19,7.78,,,3.19,3856020242206,HRANA
SLAD GRUVI PISTACIJA 4x75ml,90704453,SAMMONTANA,0.30 l,ko,5.99,19.97,,,5.99,8005840008928,HRANA
ZAČIN PILETINA 100g VEGETA NATUR,90599384,VEGETA NATUR,0.10 kg,ko,2.19,21.9,,,2.19,3856020251581,HRANA
NAPITAK PROTEIN ČOK 0.5 L POLLEO VIN,90839706,VINDIJA,0.50 l,ko,2.99,5.98,,,2.99,3850108023787,HRANA
TIJESTO SLOVA S JAJ I MRK 400g MARODI ,90573794,MARODI,0.40 kg,ko,2.69,6.73,,,2.69,3859888666757,HRANA
UMAK MEXICO 250ML KUHNE,01490175,KUHNE,0.25 l,ko,2.79,11.16,,,2.79,40804934,HRANA
GRAH SMEĐI GARDEN GOOD 420/240 g,90854710,GARDEN GOOD,0.24 kg,ko,0.79,3.29,,,0.79,3838900842881,HRANA
KREMA ČOK ZA TORTU 65g DR OETKER,04180012,DR OETKER,0.07 kg,ko,1.59,24.46,,,1.59,5997381375696,HRANA
POVRTNI TRIO 450g DUKAT,90350716,DUKAT,0.45 kg,ko,1.59,3.53,,,1.59,3850354013778,HRANA
KAVA ROSSO MACINATO MLJ 250g HAUSBRANDT,90443037,HAUSBRANDT,0.25 kg,ko,6.69,26.76,,,4.64,8080069803110,HRANA
UMAK SWEET CHILLI 250 ml KUHNE,90795057,KUHNE,0.25 l,ko,2.49,9.96,,,2.49,40122724,HRANA
PILEĆI ZABATAK 8 kg RFZ,90874652,PERUTNINA,1.00 kg,kg,2.79,2.79,,,2.59,3850220111393,HRANA
CRIJEVO KOLAGENO FI 50MM CROMA,90341539,CROMA,1.00 ko,ko,1.75,1.75,,,1.75,3859892658243,HRANA
SIR TVR BIOGAL FEFERONEK 380g,90682851,BIOGAL,0.38 kg,ko,8.69,22.87,,,8.69,3857500129314,HRANA
KOMPOT VIŠNJA 280g DOORA,90750986,DOORA,0.28 kg,ko,2.99,10.68,,,2.65,3858894541652,HRANA
KAŠICA HIPP BANA BRESK JAB 190g,03140014,HIPP,0.19 kg,ko,1.69,8.89,,,1.69,9062300134251,HRANA
ČAJ K PLUS UVIN 20X1.5g,90453804,K PLUS,0.03 kg,ko,1.25,41.67,,,1.25,3850334240101,HRANA
KAVA DG ESP ROMA 16/1 99.2 g,90750934,DOLCE GUSTO,0.10 kg,ko,6.49,65.42,,,6.49,8445290422163,HRANA
SVJEŽA KOBASICA PAK,90290777,KONZUM,1.00 kg,kg,7.16,7.16,,,7.16,,HRANA
KEKS DOLCI GRANELLI DULCETTI 350 g,90749918,DULCETTI,0.35 kg,ko,,4.26,1.49,2.15,2.15,3850334100276,HRANA
ŠTAPIĆI CHIO SLANI 40g,90706187,CHIO,0.04 kg,ko,0.49,12.25,,,0.49,4000522061653,HRANA
KAVA RISTRETTO INTEN JULIUS M 10/1 NS 56g,90409306,JULIUS MEINL,0.06 kg,ko,5.69,101.61,,,5.29,9000403940300,HRANA
TIJESTO SPIRALE PIR 500g SIMPLY PASTA,90735122,SIMPLY PASTA,0.50 kg,ko,,2.58,1.29,1.59,1.59,3838900831960,HRANA
UMAK SALSA DEEP CHEESE 300g LA FIESTA,01491279,LA FIESTA,0.30 kg,ko,4.19,13.97,,,4.19,5412514935177,HRANA
SLAD QUATTRO SUNSHINE 1500 ml,90885918,QUATTRO,1.50 l,ko,7.49,4.99,,,7.49,3850116067087,HRANA
PROTEIN ENERGY BAR ČOKOLADA 35g,90373158,POLLEO,0.04 kg,ko,1,28.57,,,1.29,3858892292921,HRANA
VANILIN ŠEĆER BOURBON 10g DR OETKER,04180463,DR OETKER,0.01 kg,ko,0.5,50,,,0.5,5997381337779,HRANA
VAFL ČOKOLADA BŠ 60g GULLON,90652788,GULLON,0.06 kg,ko,1.19,19.83,,,1.19,8410376058826,HRANA
TARTAR UMAK TUBA 180g THOMY,90602765,THOMY,0.18 kg,ko,,13.83,2.49,1.89,2.49,8445291315006,HRANA
SLAD GELATISSIMO YUMMY POPS 8x66 ml,90765033,GELATISSIMO,0.56 l,ko,3.99,7.14,,,3.99,3850334112668,HRANA
JAGODE GARDEN GOOD 400 g,90854652,GARDEN GOOD,0.40 kg,ko,,8.73,3.49,3.99,1.39,8605002359907,HRANA
DŽEM OD ŠIPKA BAKINA TAJNA 375g,90308313,BAKINA TAJNA,0.38 kg,ko,3.99,10.64,,,3.99,8606102785368,HRANA
TJEST.SLOVCA K PLUS 500G,90169317,K PLUS,0.50 kg,ko,1.29,2.58,,,1.29,,HRANA
ŠEĆER SMEĐI 1kg LARA,04121004,LARA,1.00 kg,ko,3.99,3.99,,,3.99,3859890118145,HRANA
INDIJSKI ORAH PRŽENI SLANI 300 g EUROCOMPANY,90770039,EUROCOMPANY,0.30 kg,ko,7.99,26.63,,,7.99,3872084014375,HRANA
MUFFIN SUNNY ČOKOLADA 30gX2KOM,90705609,SUNNY,0.06 kg,ko,0.49,8.17,,,0.49,3850334043283,HRANA
CURRY 50g BOČ KOTANYI,04100213,KOTANYI,0.05 kg,ko,3.19,63.8,,,3.19,9001414040119,HRANA
FILETI MAR INĆUNA U SUNC ULJU 320g PELAGOS,90432922,PELAGOS,0.32 kg,ko,10.49,32.78,,,10.49,3859893545535,HRANA
TIJESTO SPIRALI TRICOL 57 500g ZA,04050189,PASTA ZARA,0.50 kg,ko,1.79,3.58,,,1.86,8004350030573,HRANA
SLAD GRČKI JOGURT 500ml,90703956,KRI KRI,0.50 l,ko,3.99,7.98,,,3.99,5202234251387,HRANA
KEKS CHOCO XL COOKIE 184g MILKA,90599706,MILKA,0.18 kg,ko,3.49,18.97,,,3.49,7622210063113,HRANA
PAPAR CRNI MLJEVENI 50g ŠAFRAM,04104290,ŠAFRAM,0.05 kg,ko,1.59,31.8,,,1.59,3859888163089,HRANA
PAHULJICE KRAŠ KE RINGS 250g,90262770,KRAŠ EXPRESS,0.25 kg,ko,2.75,11,,,2.75,3850102509140,HRANA
PAKET PLIŠ IGRAČKA KINDER 133g,90571810,FERRERO,0.13 kg,ko,5,37.59,,,3,4008400270326,HRANA
KEKS LEIBNIZ MINIS ČOKOLADA 100g,90382012,BAHLSEN,0.10 kg,ko,1.99,19.9,,,1.85,5901414204648,HRANA
TIJESTO K PLUS PENNE RIGATE 49 500g,04057604,K PLUS,0.50 kg,ko,1.29,2.58,,,1.29,,HRANA
ŠAMPINJONI GARDEN GOOD 390G/230g,90731289,GARDEN GOOD,0.23 kg,ko,1.59,6.91,,,1.59,3850334070838,HRANA
PUDING DUPLA ČOKOL TRES CHIC 200g VINDIJA,90409717,VINDIJA,0.20 kg,ko,1.25,6.25,,,1.25,3850108023916,HRANA
PAŠTETA PILEĆA CREAM 4x50g LINO,90623020,LINO,0.20 kg,ko,3.19,15.95,,,3.19,3856020259334,HRANA
ROLADA SUNNY LJEŠNJAK 200g,90702791,SUNNY,0.20 kg,ko,1.19,5.95,,,1.19,3850334044068,HRANA
DESERT NUTELLA B-READY 44g,90290649,FERRERO,0.04 kg,ko,1.29,29.32,,,1.19,8000500264850,HRANA
SIR TVRDI DALMATINAC 200g,90283229,PAŠKI SIR,0.20 kg,ko,5.99,29.95,,,5.49,3859892884352,HRANA
MLIJEKO TRAJNO 2.8% 0.5L DUKAT,90573685,DUKAT,0.50 l,ko,1.09,2.18,,,1.09,3850354016878,HRANA
SLAD CARTE D'OR VANILIJA 1L,90116057,ALGIDA CD OR,1.00 l,ko,7.99,7.99,,,7.99,8722700127796,HRANA
PUDING VANILIJA GALETA 76g DR OETKER,04180045,DR OETKER,0.08 kg,ko,1.09,14.34,,,1.09,5997381372725,HRANA
KRUMPIR KRIŠKE MINUTE 750g,90478439,MINUTE,0.75 kg,ko,2.39,3.19,,,2.39,3858884500065,HRANA
Chia sjemenke 400g Eurocompany,90308090,EUROCOMPANY,0.40 kg,ko,3.49,8.73,,,2.99,3872084006929,HRANA
BOMBON NEGRO 200g PIONIR,90210735,PIONIR,0.20 kg,ko,2.39,11.95,,,2.39,8602300219681,HRANA
BRAŠNO POLUBIJELO T-850 5kg MLINETA,04030177,MLINETA,5.00 kg,ko,4.85,0.97,,,4.89,3859888419339,HRANA
KAVA LEDENA STARBUCKS FRA CAR 250ML,90437992,STARBUCKS,0.25 l,ko,2.85,11.4,,,2.85,5711953136122,HRANA
JUHA KOKOŠ TIJES I MESO 60g PODRAVKA,04162559,PODRAVKA,0.06 kg,ko,1.39,23.17,,,1.29,3850104002038,HRANA
ŠUMEĆE TABL MULTIV 96g NATUREL,04280419,NATUREL,0.10 kg,ko,,16.56,1.59,2.25,2.25,3858887241729,HRANA
PARTY TRIK MIX PIZZA 300 g,90769668,TRIK,0.30 kg,ko,1.99,6.63,,,1.79,8600462042406,HRANA
KAŠA ZOB ČOK 65g DOBRA,90231284,DOBRA,0.07 kg,ko,0.99,15.23,,,0.99,8595054904258,HRANA
JUHA BOGATA S 5 ŽITARICA 80g PODRAVKA,90335104,PODRAVKA,0.08 kg,ko,1.49,18.63,,,1.49,3856020218676,HRANA
PROTEIN NAPITAK VANILIJA 250ml ZOTT,90724907,ZOTT,0.25 l,ko,1.39,5.56,,,1.29,4014500520049,HRANA
NAMAZ HUMMUS CLASSIC 250G SANA,90148358,SANA,0.25 kg,ko,3.45,13.8,,,3.45,3859892873011,HRANA
FLIPS CURLY CLASSIC 120g LORENZ,90705485,LORENZ,0.12 kg,ko,2.29,19.08,,,1.99,4018077006654,HRANA
AJVAR DOMAĆI LJUTI 550g DOORA,90765141,DOORA,0.55 kg,ko,8.59,15.62,,,8.59,3858894540341,HRANA
SUNCOKRET SJEM EC OLJUŠ NATURAL 200g,90286924,EUROCOMPANY,0.20 kg,ko,0.89,4.45,,,0.89,3872084010933,HRANA
UMAK TIKKA MASALA 65g MAGGI,90769821,MAGGI,0.07 kg,ko,1.79,27.54,,,1.79,8445291189836,HRANA
ŠEĆER U PRAHU BOČ 250g SWEET CHEF,90381488,SWEET CHEF,0.25 kg,ko,1.29,5.16,,,1.29,3850334197443,HRANA
NAMAZ BILJ NATUR GREEN VIE 200g,90678074,GREEN VIE,0.20 kg,ko,3.18,15.9,,,3.18,5292874002265,HRANA
KETCHUP 450g DEVELEY,90078289,DEVELEY,0.45 kg,ko,3.79,8.42,,,3.79,4006824991278,HRANA
PRELJEV ZA TORTE 3X13g DOLCELA,90091403,DOLCELA,0.04 kg,ko,2.09,53.59,,,2.09,3850104272066,HRANA
TJESTENINA WOK NOODLES 250G YOUWOK,90156737,YOUWOK.COM,0.25 kg,ko,2.79,11.16,,,2.79,8717228380334,HRANA
KAVA INSTANT LIM INTENSO 95 g ILLY,90749740,ILLY,0.10 kg,ko,9.99,105.16,,,9.99,8003753144313,HRANA
KAŠICA FRUTEK JAB BAN PIR 190g,90362846,FRUTEK,0.19 kg,ko,,6.79,1.29,1.29,1.75,3838945034265,HRANA
SLANUTAK KUHANI 350g,90733275,MADIG,0.35 kg,ko,1.59,4.54,,,1.49,3859891496839,HRANA
KUGLOF S JOGURTOM 400g GECCHELE,90385951,GECCHELE,0.40 kg,ko,3.59,8.98,,,3.59,8015854021288,HRANA
KAVA MUST PURO ARABICA DG 16/1 112g,90307006,MUST,0.11 kg,ko,5.69,50.8,,,5.29,8056370761319,HRANA
SIRNI NAMAZ CLASSIC PAŠKA SIRANA 200g,90432982,PAŠKA SIRANA,0.20 kg,ko,2.09,10.45,,,1.89,3859892884802,HRANA
KAŠICA FRUTEK BRESKVA JOGURT 100g,90335483,FRUTEK,0.10 kg,ko,1.39,13.9,,,1.39,3838945035019,HRANA
SIR MEKI OVČJI 400g DIVAN GARDEN,90486891,DIVAN GARDEN,0.40 kg,ko,7.96,19.9,,,7.96,3859893493560,HRANA
BOMBON NIMM2 GUMENI MILLIANER 250g,90673155,NIMM2,0.25 kg,ko,2.79,11.16,,,2.79,4014400936476,HRANA
JUHA RAMEN SVINJETINA 62g AJINOMOTO,90412633,AJINOMOTO,0.06 kg,ko,1.69,27.26,,,1.69,5901384504755,HRANA
ČOKOLADNA FIGURA KINDER 35g,90571837,FERRERO,0.04 kg,ko,0.5,14.29,,,0.3,80969112,HRANA
DŽEM EXTRA SMOKVA/PIMET 690g DIDA BOŽA,90714247,DIDA BOŽA,0.69 kg,ko,5.29,7.67,,,5.29,3859894111135,HRANA
TIJESTO CONCHIGLIE 54 500g PASTA ZA,04051030,PASTA ZARA,0.50 kg,ko,1.59,3.18,,,1.59,8004350130549,HRANA
UMAK PESTO GENOVESE CREMOSO 190g STAR,90669845,STAR,0.19 kg,ko,3.29,17.32,,,3.29,80036975,HRANA
PUDING VANILIJA 38g DR OETKER,04181079,DR OETKER,0.04 kg,ko,,11.84,0.45,0.72,0.72,5997381375610,HRANA
SIR POLUTV BIOGAL OLIVEK 380g,90682854,BIOGAL,0.38 kg,ko,8.69,22.87,,,8.69,3857500129321,HRANA
KOZICA BUTTERFLY 225 g SPECIAL MOMENTS,90825099,SPECIAL MOMENTS,0.23 kg,ko,4.99,22.16,,,4.99,3850334420503,HRANA
SALAMA PANCETTOSA 300g HISTRIS,90730967,HISTRIS,0.30 kg,ko,12.19,40.63,,,12.19,3858895020071,HRANA
SIR KOZJI CHAV PIR ILE DE FRANC 150g,90405653,ILE DE FRANCE,0.15 kg,ko,3.71,24.73,,,3.71,3272770013994,HRANA
SENF BLAGI 340g THOMY,90468017,THOMY,0.34 kg,ko,2.79,8.21,,,2.79,7613287203786,HRANA
LINO MOJ PRVI FLIPS MRKVA 35g,90423584,LINO,0.04 kg,ko,,36.86,1.29,1.95,1.95,3856020241025,HRANA
SLAD TORTERIE PINO PINGUINO 500ml,90617902,TORTERIE MACARON,0.50 l,ko,6.99,13.98,,,6.99,3859893855344,HRANA
KAŠA ZOB BOOM BOX LJEŠNJAK/ČOKO 60g,90570788,BOOM BOX,0.06 kg,ko,,11.5,0.69,0.99,0.99,3858890478075,HRANA
PIVO CORONA EXTRA 0.355L NEP BOCA,03130669,CORONA,0.36 l,ko,2.25,6.34,,,2.25,75032814,PIĆE
GIN PINK GLITER 0.7L GROŠEK,90670477,GROŠEK,0.70 l,ko,33.29,47.56,,,33.29,3859893708121,PIĆE
VODA CEDEVITA VIT LIMUN KUPINA 0.5 L,90779989,CEDEVITA,0.50 l,ko,1.19,2.38,,,1.15,3850322016862,PIĆE
PIVO BLUE MOON  0.33L  NB,90184033,BLUE MOON,0.33 l,ko,2.29,6.94,,,2.29,5010038454831,PIĆE
MIN VODA DONAT MG 1L GAZ PET,03180050,DONAT,1.00 l,ko,2.19,2.19,,,2.19,3838600024945,PIĆE
PROSECCO CUVEE VALDO DOC EDRY 0.75 l,90794979,VALDO,0.75 l,ko,12.05,16.07,,,12.05,8002335620061,PIĆE
NAPITAK ISO SPORT MAND YUZU NEG. 0.5L ,90672906,ISO SPORT,0.50 l,ko,1.39,2.78,,,1.39,3850108078565,PIĆE
SOK 100% JABUKA HAPPY DAY  1L,03141924,HAPPY DAY,1.00 l,ko,2.29,2.29,,,2.19,90087011,PIĆE
LIKER APEROL 0.7L,03071689,APEROL,0.70 l,ko,18.99,27.13,,,18.99,8002230000302,PIĆE
GIN BEEFEATER 0.7L,03082259,BEEFEATER,0.70 l,ko,20.59,29.41,,,20.05,5000329002193,PIĆE
GAZ PIĆE PEPSI COLA 2L PET,03160001,PEPSI,2.00 l,ko,1.99,1,,,2.05,3830065022627,PIĆE
PIVO DESPERADOS LIM 0.5L,90598757,DESPERADOS,0.50 l,ko,1.89,3.78,,,1.85,8712000038175,PIĆE
PIVO PAULANER HP WEISS 0.5L LIM,90602745,PAULANER,0.50 l,ko,1.79,3.58,,,1.79,4004866362605,PIĆE
NEG PIĆE JUMEX STRB BANANA 0.473 L,90895374,JUMEX,0.47 l,ko,1.5,3.17,,,1.5,7501013107395,PIĆE
GAZ PIĆE PIPI NARANČA 2L,03160038,PIPI,2.00 l,ko,,0.98,1.95,2.29,2.25,3870183400013,PIĆE
PIVO ERDINGER HELLES 0.5 L LIM.,90714499,ERDINGER,0.50 l,ko,1.99,3.98,,,1.99,4005873211740,PIĆE
RAKIJA DUNJA 0.5L GROŠEK,90730969,GROŠEK,0.50 l,ko,12.09,24.18,,,12.09,3859893708350,PIĆE
NEGAZ PIĆE BOROVNICA FRUCTAL CLASS 1L,90142233,FRUCTAL,1.00 l,ko,,1.59,1.59,1.99,1.89,3838945029254,PIĆE
PIVO KOZEL PREMIUM LAGER 4X0.5L LIM,90362839,ASAHI,2.00 l,ko,5.65,2.83,,,5.65,8594404006369,PIĆE
PIVO STAROČEŠKO RAD CR LIM 0.5 L LIM,90884942,STAROČEŠKO,0.50 l,ko,1.49,2.98,,,1.49,3859893750984,PIĆE
VINO PREMIUM GRAND CUVEE TOUCH 0.75L,90814771,TOUCH,0.75 l,ko,25.05,33.4,,,25.05,3859893289248,PIĆE
SIRUP OD LAVANDE 500ml,90404093,AGROPOSTA,0.50 l,ko,5.69,11.38,,,5.69,3859892734718,PIĆE
LIKER ORAHOVAC S ČOKOLADOM 0.7 L,90824738,MARASKA,0.70 l,ko,12.05,17.21,,,12.05,3850158406141,PIĆE
VINO BABIĆ 0.75L KV VINOPLOD,03010109,VINOPLOD,0.75 l,ko,8.99,11.99,,,8.99,3859888129122,PIĆE
VINO CABERNET SAUVIGNON KV 1.0L,90311519,BELJE,1.00 l,ko,7.05,7.05,,,7.05,3850257021375,PIĆE
VINO ITALIAN ROSE FREIXENET 0.75L ,90424805,FREIXENET,0.75 l,ko,10.05,13.4,,,10.05,8410036808396,PIĆE
NEG PIĆE CAPRI SUN SAF 10PACK 0.2 L,90900055,CAPRI SONNE,2.00 l,ko,3.99,2,,,3.99,4000177407622,PIĆE
LIKER TERRANINO BRIUNI 1L,90669493,NIMCO,1.00 l,ko,16.85,16.85,,,16.85,4000152003610,PIĆE
GAZ PIĆE COCA COLA 0.5L PET,03163478,COCA COLA,0.50 l,ko,1.19,2.38,,,1.15,54491472,PIĆE
RUM HAVANA CLUB ESPECIAL  0.7L,90229185,HAVANA,0.70 l,ko,18.79,26.84,,,18.35,8501110086196,PIĆE
SIRUP FRUTA NARANČA 3L PET,90407960,FRUTA,3.00 l,ko,3.49,1.16,,,3.49,3859893686290,PIĆE
NEG PIĆE TOCO MULTIVITAMIN 1.5L,90600280,TOCO,1.50 l,ko,1.69,1.13,,,1.69,3858890878615,PIĆE
CEDEVITA FRESH BAZG LIM 0.34L,90405346,CEDEVITA,0.34 l,ko,,3.5,1.19,1.19,1.15,3850322013427,PIĆE
ENER NAP PROGAME VIŠNJA 0.33 L,90784769,PROGAME,0.33 l,ko,0.99,3,,,0.99,3856028500438,PIĆE
SMOOTHIE M-MINUTE MIX 3X4 3000ml,90227856,MINUTE,1.00 ko,ko,,17.88,17.88,22.2,22.2,3838900807095,PIĆE
GIN SAX ORIGINAL  0.7L,90365070,SAX,0.70 l,ko,12.05,17.21,,,12.05,3850112142894,PIĆE
TRAVARICA 0.75L HARMUND,90404148,HARMUND,0.75 l,ko,20.99,27.99,,,20.99,3859893459108,PIĆE
PRAŠAK ISOTONIC DRINK 500g LEMON-LIME,90346405,POLLEO,0.50 kg,ko,11.99,23.98,,,11.99,3858892293799,PIĆE
RUM CAPTAIN MORGAN WHITE 0.7L PPD DIST.,90166939,CAPTAIN MORG,0.70 l,ko,19.89,28.41,,,19.89,5000281040899,PIĆE
VINO PLAVAC 0.75L KV PZ I VIN DINGAČ,03023751,PZ I VIN DINGAČ,0.75 l,ko,6.79,9.05,,,6.79,3859888108042,PIĆE
PIVO STAROČEŠKO 6PACK 0.5L ,90674158,STAROČEŠKO,3.00 l,ko,6.95,2.32,,,6.95,3859893750366,PIĆE
VINO VRANAC KV PLANTAŽE 1L,90364639,PLANTAŽE,1.00 l,ko,4.65,4.65,,,4.65,3899003001070,PIĆE
NEG PIĆE FRUCTAL CLASSIC JAGODA 1L,90607726,FRUCTAL,1.00 l,ko,,1.59,1.59,1.99,1.89,3838945040327,PIĆE
MIN VODA JAMNICA MILD 1.5L PET,90494676,JAMNICA,1.50 l,ko,0.99,0.66,,,0.99,3858890875577,PIĆE
PIĆE GAZ INKA TONIC WATER 1.5L PET,90528143,INKA,1.50 l,ko,1.79,1.19,,,1.79,3856022301932,PIĆE
NEKTAR MULT JUICY 1L LIGHT,03140395,JUICY,1.00 l,ko,1.99,1.99,,,1.99,3858890970364,PIĆE
NAPITAK RED BULL 0.355L,03161086,RED BULL,0.36 l,ko,1.99,5.61,,,2.29,9002490210939,PIĆE
VINO GRAŠEVINA KV 1L KK ERDUT,03130558,ERDUTSKI VINOGRADI,1.00 l,ko,6.49,6.49,,,6.49,3859889193566,PIĆE
VINO CHARDONNAY TERRA VINEA 0.75L,90528197,TERRA VINEA,0.75 l,ko,,5.85,4.39,6.49,4.99,3850334519658,PIĆE
VINO MERLOT 2L,90759880,VINOLOG,2.00 l,ko,,1.78,3.55,4.75,4.75,3859894187147,PIĆE
GAZ PIĆE SKY COLA 0.5L JAMNICA,03160275,SKY COLA,0.50 l,ko,0.95,1.9,,,0.95,3871059000146,PIĆE
VINO POŠIP VRH 0.75L MADIRAZZA,03022376,MADIRAZZA,0.75 l,ko,15.79,21.05,,,15.79,3859889833462,PIĆE
NEG PIĆE FRUCTAL CLASSIC ŠUM.VOĆE 2L,90698020,FRUCTAL,2.00 l,ko,2.19,1.1,,,2.19,3838945041034,PIĆE
LIKER OD MALINA 0.5L GROŠEK,90408754,GROŠEK,0.50 kg,ko,10.69,21.38,,,10.69,3859893708022,PIĆE
GAZ PIĆE FANTA NARANČ 1L,03160838,FANTA,1.00 l,ko,1.59,1.59,,,1.49,5449000322180,PIĆE
LIKER LIMONCELLO RAMAZZOTTI 0.7 L,90874791,RAMAZZOTTI,0.70 l,ko,13.99,19.99,,,13.99,8006550322946,PIĆE
GAZ PIĆE SCHWEPPES BITT LEM 1.5L,03163119,SCHWEPPES,1.50 l,ko,2.25,1.5,,,2.25,5449000044709,PIĆE
NEG PIĆE VINDI NARANČA NEKTARINA 2L,90241146,VINDI,2.00 l,ko,2.49,1.25,,,2.49,3850108073072,PIĆE
ENER NAP PROGAME MANGO-MARELICA 0.33 L,90784766,PROGAME,0.33 l,ko,0.99,3,,,0.99,3856028500469,PIĆE
VINO GRAŠEVINA VINEA 1 L,90874760,VIZBA VALANDOVO,1.00 l,ko,,2.99,2.99,3.99,3.99,3859894110091,PIĆE
VINO TAYBERRY 0.75L GROŠEK,90468423,GROŠEK,0.75 l,ko,8.09,10.79,,,8.09,3859893708114,PIĆE
PJENUŠAC TORLEY GALA SEC. 0.75L,90498869,TORLEY,0.75 l,ko,5.99,7.99,,,5.99,5998815750607,PIĆE
PIĆE GAZ PEPSI LIMETA 0.5L PET,90361514,PEPSI,5.00 l,ko,1.05,0.21,,,1.05,3830065021095,PIĆE
VINO GRAŠEVINA 1 L,90874762,VINOLOG,1.00 l,ko,5.29,5.29,,,5.29,3859894187260,PIĆE
GAZ PIĆE SCHWEPPES TANGERINA 1.5L,03162987,SCHWEPPES,1.50 l,ko,2.25,1.5,,,2.25,5449000044730,PIĆE
ČAJ LEDENI JANA MALINA HIBISKUS 1.5l,90485713,JANA,1.50 l,ko,1.69,1.13,,,1.69,3858890876321,PIĆE
VINO ROSE BENKOVAČKI 0.75L BADEL,03022014,VIN BENKOVAC,0.75 l,ko,7.59,10.12,,,7.59,3850112163134,PIĆE
VISKI J WALKER BLACK 0.7L,90698186,JOHNNIE WALKER,0.70 l,ko,36.19,51.7,,,36.19,5000267024202,PIĆE
VODA CEDEVITA VIT LIMUN NAR 1.5 L,90889872,CEDEVITA,1.50 l,ko,1.69,1.13,,,1.69,3850322017036,PIĆE
GAZ PIĆE SCHWEPPES BITTER LEMON 0.33L LIM,90342474,SCHWEPPES,0.33 l,ko,1.29,3.91,,,1.29,5449000220950,PIĆE
GAZ PIĆE SPRITE 1L PET,03160837,SPRITE,1.00 l,ko,1.59,1.59,,,1.49,5449000335012,PIĆE
VODA MOJ DAN MIN NEGAZ 1.5L PET,90713241,MOJ DAN,1.50 l,ko,,0.26,0.39,0.45,0.43,3850334114358,PIĆE
COCKTAIL RTD STOCK 84 & COLA 0.25L,90764956,STOCK,0.25 l,ko,2.45,9.8,,,2.45,8594005026087,PIĆE
VODA MINERALNA JANA 0.5L,03180031,JANA,0.50 l,ko,0.85,1.7,,,0.85,3858884600062,PIĆE
VODA IZVOR JANA JAG-GUAVA 0.5L JAM,03185023,JANA,0.50 l,ko,1.05,2.1,,,1.05,3858884600956,PIĆE
GAZ PIĆE SKY COLA 2L,03166973,SKY COLA,2.00 l,ko,1.79,0.9,,,1.79,3871059000481,PIĆE
VODA FUNKC JANA VIT NARANČA 1.5L,90312936,JANA,1.50 l,ko,1.79,1.19,,,1.59,3858890874044,PIĆE
NAPITAK HELL APPLE STRONG 0.25L,90870006,HELL,0.25 l,ko,1.09,4.36,,,1.09,5999884034612,PIĆE
GIN ROKEBY'S HALF CROWN 0.7L,90361212,BURLINGTON,0.70 l,ko,15.69,22.41,,,15.69,5021692118106,PIĆE
VINO GRAŠEVINA BIANCA 2 L,90749883,VINOLOG,2.00 l,ko,5.55,2.78,,,5.55,3859893101106,PIĆE
PIVO OŽUJSKO 0.33L LIM ZAG PIV,03130430,OŽUJSKO,0.33 l,ko,1.15,3.48,,,1.07,3850131006047,PIĆE
PIVO PAN 0.5L BOCA POV AMB PAN PIVO,03130018,PAN,0.50 l,ko,1.19,2.38,,,1.19,3859888291416,PIĆE
Vina Vupik Vranac 1l,90331920,VUPIK,1.00 l,ko,2.95,2.95,,,2.95,3858882617079,PIĆE
PIVO NIKŠIĆKO 0.5L BOCA POV AMB ZG PI,90085328,NIKŠIĆKO PIVO,0.50 l,ko,1.25,2.5,,,1.25,3850131004906,PIĆE
LIKER DALMACIJAVINO JULI SONNE 1L,90528124,DALMACIJAVINO,1.00 l,ko,12.05,12.05,,,12.05,3858892460559,PIĆE
NEGAZ PIĆE YIPPY JAGODA 0.33L PET,90325184,YIPPY,0.33 l,ko,1.39,4.21,,,1.39,9008700192392,PIĆE
BACARDI BREEZER LIME RTD 0.275L,03075783,BACARDI,0.28 l,ko,3.39,12.33,,,3.25,5010677551397,PIĆE
PIĆE NEGAZ CAPPY MINT LEM 0.4L PET,90407738,CAPPY,0.40 l,ko,1.19,2.98,,,1.19,5449000275677,PIĆE
LIKER JAGERMEISTER ORANGE 0.7 L,90889742,JAGERMEISTER,0.70 l,ko,16.99,24.27,,,16.99,4067700033543,PIĆE
VINO GRAŠEVINA 0.75L KRAUTHAKER,03020394,KRAUTHAKER,0.75 l,ko,12.99,17.32,,,11.65,3859889217293,PIĆE
MIN VODA ROMERQUELLE 0.5L GAZ PET,90071741,ROMERQUELLE,0.50 l,ko,0.95,1.9,,,0.95,90311185,PIĆE
VINO VRHUNSKO CRNOGORSKI VRANAC  0.75L,03020318,PLANTAŽE,0.75 l,ko,6.65,8.87,,,6.65,3899003001001,PIĆE
LIKER ANTIQUE PELINKOVAC 0.1L,90599431,BADEL 1862,0.10 l,ko,2.75,27.5,,,2.75,3850112111814,PIĆE
SOK JABUKA 3L BIB MOJ DAN,90478361,MOJ DAN,3.00 l,ko,5.49,1.83,,,5.49,3850334045850,PIĆE
PIVO STAROPRAMEN 4PACK LIM 0.5L,90295823,STAROPRAMEN,2.00 l,ko,5.79,2.9,,,5.65,3850131004784,PIĆE
GAZ PIĆE 7 UP ZERO 2 l PET,90800848,7 UP,2.00 l,ko,1.99,1,,,2.05,3830065023396,PIĆE
VISKI J WALKER RL 0.7L,90050454,JOHNNIE WALKER,0.70 l,ko,18.59,26.56,,,18.59,5000267014203,PIĆE
BITTER ISTRA 1L,03072129,NIMCO,1.00 l,ko,15.55,15.55,,,15.55,4000152006086,PIĆE
VINO SIVI PINOT 0.75L KRAUTHAKER,03020110,KRAUTHAKER,0.75 l,ko,12.99,17.32,,,12.05,3859889217378,PIĆE
PELINKOVAC GORKI 0.10L 31% BADEL,03070101,BADEL 1862,0.10 l,ko,1.69,16.9,,,1.69,3850112110398,PIĆE
NEGAZ PIĆE JUICY FRUITS CRV NARAN 0.5L JAM,03145073,JUICY FRUITS,0.50 l,ko,1.09,2.18,,,1.09,3858890975093,PIĆE
VODKA SMIRNOFF ICE RED CAN 0.25L ,90719992,SMIRNOFF,0.25 l,ko,3.59,14.36,,,3.59,5410316997980,PIĆE
PIVO KRUŠOVICE LIM 0.5l,90290784,KRUŠOVICE,0.50 l,ko,1.65,3.3,,,1.59,8594009921449,PIĆE
JAKO ALKOHOLNO PIĆE TRAVARICA 0.50L,03060010,DEGENIJA,0.50 l,ko,13.05,26.1,,,13.05,3859889693011,PIĆE
RUM DOMAĆI 0.10L MARASKA,03070097,MARASKA,0.10 l,ko,1.69,16.9,,,1.69,3850158201517,PIĆE
SIRUP K PLUS  MARELICA 1 L,90889809,K PLUS,1.00 l,ko,2.55,2.55,,,2.55,3850334432735,PIĆE
PIVO HOLSTEN LIMENKA 0.5L,90034504,HOLSTEN,0.50 l,ko,1.05,2.1,,,1.05,3858887584208,PIĆE
NAPITAK O.K. ENERGY DRINK 0.25L,90670491,OK,0.25 l,ko,0.65,2.6,,,0.65,3850334070715,PIĆE
LOSION TIJ NIVEA KREMASTI 400ML,06591546,NIVEA,0.40 l,ko,9.99,24.98,,,9.99,9005800286778,KOZMETIKA
REGENER ELSEVE HYALURON PURE 200 ml,90800303,LOREAL ELSEVE,0.20 l,ko,4.49,22.45,,,4.49,3600524164423,KOZMETIKA
GEL TUŠ AXE JUNGLE FRESH 400 ml,90775107,AXE,0.40 l,ko,4.95,12.38,,,4.95,8720181442902,KOZMETIKA
GEL TUŠ OS WOLFTHORN 675 ml,90885638,OLD SPICE,0.68 l,ko,7.49,11.1,,,7.49,8700216230988,KOZMETIKA
GEL BRIJ GILL SENSITIVE 240 ML,90396605,GILLETTE,0.24 l,ko,,16.62,3.99,5.29,4.19,7702018982011,KOZMETIKA
ŠAMPON AFR ČAJ&RUŽ 950 ml,90885010,AFRODITA,0.95 l,ko,5.89,6.2,,,5.89,3831070662327,KOZMETIKA
KREMA BIOBAZA DJ ZAŠTITNA 550ml,90622781,BIOBAZA,0.55 l,ko,11.95,21.73,,,10.49,3859889915847,KOZMETIKA
GEL TAFT XPRE STAND 150 0814,06546807,TAFT,0.15 l,ko,,29.27,4.39,4.39,5.49,9000101723366,KOZMETIKA
VOSAK TAFT POWER 75ml,90060148,TAFT,0.08 l,ko,,58.53,4.39,4.39,5.49,9000100340373,KOZMETIKA
BOJA EXCELLENCE 3.11 ,90483475,LOREAL EXCELLANCE,1.00 ko,ko,9.99,9.99,,,9.99,3600523939411,KOZMETIKA
MASKA ZA LICE U MAR GARN MS+VIT C,90703631,GARNIER,1.00 ko,ko,2.99,2.99,,,2.99,3600542380492,KOZMETIKA
SAPUN DOVE GENTLE EXFOL 90g,90598301,DOVE,0.09 kg,ko,1.79,19.89,,,1.79,8720182258830,KOZMETIKA
REGENER ELSEVE ARGIN RESIST 200ml,06541260,LOREAL ELSEVE,0.20 l,ko,4.49,22.45,,,4.49,3600522087533,KOZMETIKA
KREMA LOREAL REVITALIFT NOĆNA 50ML,06596044,LOREAL,0.05 l,ko,14.49,289.8,,,14.49,3600520160771,KOZMETIKA
BOJA COL NAT 5.12 GLAC BROWN,90423458,GARNIER COL NATURALS,1.00 ko,ko,,3.99,3.99,4.99,4.99,3600542335577,KOZMETIKA
STICK DOVE Ž INV DRY 50 ml,90885166,DOVE,0.05 l,ko,5.35,107,,,5.35,59099598,KOZMETIKA
KREMA BYROKKO TAN BOOST 200 ml,90887261,BYROKKO,0.20 l,ko,19.99,99.95,,,19.99,3830079880855,KOZMETIKA
ŠAMPON FRUCTIS COCONUT W 400ml,90401529,GARNIER FRUCTIS,0.40 l,ko,4.49,11.23,,,4.49,3600541970557,KOZMETIKA
MASKA GLISS REPAIR 400 ml,90749849,GLISS,0.40 l,ko,,15.73,6.29,8.59,8.59,9000101726138,KOZMETIKA
DEO DOVE INVISIBLE DRY 150ml,06550604,DOVE,0.15 l,ko,5.35,35.67,,,5.35,8720181291623,KOZMETIKA
DEO DOVE W TALCO 150ml,90702942,DOVE,0.15 l,ko,5.35,35.67,,,5.35,8720181291876,KOZMETIKA
MLIJEKO TIJ OLEA MEDIT SMILJE 250ml,90735104,OLEA,0.25 l,ko,2.49,9.96,,,2.49,3850334099662,KOZMETIKA
ZP ELMEX CARIES PROFES 75ml,90484234,ELMEX,0.08 l,ko,6.29,83.87,,,5.99,8718951279551,KOZMETIKA
LOSION INT NIVEA SENS 250ML,06511340,NIVEA,0.25 l,ko,6.29,25.16,,,6.29,9005800354538,KOZMETIKA
KREMA NIVEA Q10 EXTRA NOUR DN 50ml,90377450,NIVEA,0.05 l,ko,,237,11.85,18.19,18.19,9005800390734,KOZMETIKA
MOUSSE TIJ LACTOVIT LACTOUREA 400 ml,90775023,LACTOVIT,0.40 l,ko,8.19,20.48,,,7.99,8411135006423,KOZMETIKA
BOJA COLOR NAT 4.15 FROST DK MAHOGAN,90800402,GARNIER COL NATURALS,1.00 ko,ko,,3.99,3.99,4.99,4.99,3600542617222,KOZMETIKA
GEL TUŠ OLEA MEDITERAN SMILJE 250ml,90735092,OLEA,0.25 l,ko,1.99,7.96,,,1.99,3850334099334,KOZMETIKA
ROLL ON GARNIER BWC COT FR 50ml,90410196,GARNIER,0.05 l,ko,4.99,99.8,,,4.99,3600542310338,KOZMETIKA
BAD KREMA ZA ZUB PROTEZE PLUS DUO POWER 40g,90169006,BLEND-A-DENT,0.04 kg,ko,5.35,133.75,,,5.35,8700216598736,KOZMETIKA
DEO NIVEA Ž FRESH SENS 150ml,90699005,NIVEA,0.15 l,ko,5.39,35.93,,,3.99,9005800365749,KOZMETIKA
SAPUN DOVE BEAUTY CREAM 90g,90598290,DOVE,0.09 kg,ko,1.79,19.89,,,1.79,8720182264664,KOZMETIKA
PATRONE GILL MACH 3 8/1,06561244,GILLETTE,8.00 ko,ko,23.89,2.99,,,23.89,8700216066556,KOZMETIKA
ULJE OLEA SPF6 SPRAY 200ml,90360488,OLEA,0.20 l,ko,5.99,29.95,,,5.99,3850334153814,KOZMETIKA
ČETKICA DENTORAL MEDIUM 2/1,90082212,DENTORAL,0.50 ko,ko,0.95,1.9,,,0.95,3850334610218,KOZMETIKA
ZP PLID EXT WHI 125ml,90725250,PLIDENTA,0.13 l,ko,2.79,22.32,,,2.79,3856007910777,KOZMETIKA
ŠAMPON SCHAUMA REG NJEGA 400ml,06521655,SCHAUMA,0.40 l,ko,,7.48,2.99,4.19,4.19,3838824138923,KOZMETIKA
GEL OLIVAL VENO 250ml,90111852,OLIVAL,0.25 l,ko,3.49,13.96,,,3.29,3859892751074,KOZMETIKA
DEO SPR MELEM DRAG ULJA 150ml,90403179,MELEM,0.15 l,ko,4.19,27.93,,,3.99,3856007907609,KOZMETIKA
SET OLD SPI SG 400 ml STICK 40 ml WW,90899931,OLD SPICE,1.00 ko,ko,4.89,4.89,,,4.89,8700216418966,KOZMETIKA
ŠAMPON BOTAN THER MAGNET CHAR 400ml,90702772,BOTANIC THERAPY,0.40 l,ko,4.59,11.48,,,4.59,3600542512374,KOZMETIKA
DEO NIVEA BLACK&WHITE 150ml,06551137,NIVEA,0.15 l,ko,5.29,35.27,,,5.29,4005808729951,KOZMETIKA
GEL TUŠ PALM OLIVE 750 ml,90885361,PALMOLIVE,0.75 l,ko,5.09,6.79,,,5.09,8714789733296,KOZMETIKA
PJENA TAFT VOL MEGA STRONG 200ml,90037373,TAFT,0.20 l,ko,,19.95,3.99,4.99,4.99,9000100728249,KOZMETIKA
LAK PANTEN VOLUMEN 250ML,90052852,PANTENE,0.25 l,ko,5.29,21.16,,,5.29,8006540650721,KOZMETIKA
GEL TUŠ L'ANGELICA BAZGA 500ml,90402773,L ANGELICA,0.50 l,ko,3.25,6.5,,,3.25,8017331076897,KOZMETIKA
KUPKA FA MYSTIC MOMENTS 750ML,90699232,FA,0.75 l,ko,5.99,7.99,,,3.99,5201143729024,KOZMETIKA
REG GLISS EXP REP 200 ml,90885491,GLISS,0.20 l,ko,,22.45,4.49,6.49,6.49,9000101749670,KOZMETIKA
VEET EXPERT KREMA 100 ml,90885042,VEET,1.00 ko,ko,6.49,6.49,,,6.49,5997321776569,KOZMETIKA
ŠAMPON SYOSS KERATIN PER 440ml,90425015,SYOSS,0.44 l,ko,,10.2,4.49,6.49,4.49,9000101277050,KOZMETIKA
GEL TAFT LOOKS MAX POW 150ml,06541057,TAFT,0.15 l,ko,,29.27,4.39,4.39,5.49,9000101723502,KOZMETIKA
SAPUN TEK DOVE CARING 750ml,90483985,DOVE,0.75 l,ko,5.69,7.59,,,5.69,8720181121777,KOZMETIKA
REGEN PANTENE AQUA LIGHT 275 ml,90850375,PANTENE,0.28 l,ko,5.99,21.78,,,5.99,8700216509015,KOZMETIKA
ŠAMP I REGEN 2U1 GENERA P&B 500ML,90699289,GENERA,0.50 l,ko,2.35,4.7,,,2.19,8003693401118,KOZMETIKA
KREMA NIVEA BABY PELEN PODRUČ 100 ml,90759661,NIVEA,0.10 l,ko,6.49,64.9,,,6.49,9005800369150,KOZMETIKA
SAPUN TEK NICE MED MLIJEKO 1L REFIL,90730476,NICE,1.00 l,ko,1.49,1.49,,,1.49,8606107036434,KOZMETIKA
PATRONE Ž OLEA 3 OŠTRICE 4/1,90402946,OLEA,4.00 ko,ko,3,0.75,,,3,3850334203267,KOZMETIKA
ŠAMPON H&S CITRUS 250ml,90185466,HEAD&SHOULDE,0.25 l,ko,4.29,17.16,,,4.79,8006540063286,KOZMETIKA
ČETKICA COLG ZIG ZAG SR TVR 3544,06619025,COLGATE,1.00 ko,ko,2.49,2.49,,,2.39,7610196003544,KOZMETIKA
VOSAK TAFT EXP CREAT 75 2257,06540201,TAFT,0.08 l,ko,,58.53,4.39,4.39,5.49,40152257,KOZMETIKA
GEL DOVE Ž DRAGON 225 ml,90885090,DOVE,0.23 l,ko,4.49,19.96,,,4.49,8720181608261,KOZMETIKA
KREMA TIJ MIXA UREA CICA REP 400 ml,90774956,MIXA,0.40 l,ko,9.49,23.73,,,9.49,3600551135922,KOZMETIKA
ZP SENSOD SENSITIVITY&GUM 75ml,90356842,SENSODYNE,0.08 l,ko,7.45,99.33,,,6.89,5054563232236,KOZMETIKA
MASKA HERBAL ESSENCES ARGAN 300 ml,90771251,HERBAL ESSENCES,0.30 l,ko,8.35,27.83,,,8.35,8700216210966,KOZMETIKA
BOJA SYOSS OLEO 5-86 SLATKA PLAVA,90059987,SYOSS OLEO,1.00 ko,ko,7.99,7.99,,,7.99,9000100814829,KOZMETIKA
ZP ELMEX KIDS 0-6 50ml,90124067,ELMEX,0.05 l,ko,,65.8,3.29,3.89,3.89,8718951470644,KOZMETIKA
ČETKICA COLG MAX WH CHARC DUOPACK,90478577,COLGATE,1.00 ko,ko,3.39,3.39,,,3.19,8718951382602,KOZMETIKA
ČETKICA SIGNAL WHITE SYST M 1581,06610188,SIGNAL,1.00 ko,ko,4.29,4.29,,,4.29,8718114198903,KOZMETIKA
DEO OLD SPICE CAPTAIN 150ml,90362371,OLD SPICE,0.15 l,ko,4.99,33.27,,,4.99,8001090962867,KOZMETIKA
SUHI ŠAMPON GOT2B EX FRESH 200 ml,90850140,GOT2B,0.20 l,ko,7.99,39.95,,,7.99,9000101043211,KOZMETIKA
ČETKICA COLG EXT CL S TVR 252 2/1,90739677,COLGATE,2.00 ko,ko,2.29,1.15,,,2.29,8714789732244,KOZMETIKA
KREMA LOREAL AGE SPEC 45+ DNE 50ML,90089967,LOREAL,0.05 l,ko,9.99,199.8,,,9.99,3600522550129,KOZMETIKA
LIP BALM LABELLO CHERRY SHINE 4.8g,90726936,LABELLO,0.01 kg,ko,4.45,927.08,,,4.45,9005800362946,KOZMETIKA
KREMA ZA RUKE OLEA HYDR 100ml,90362344,OLEA,0.10 l,ko,1.1,11,,,0.7,3850334151438,KOZMETIKA
ŠAMPON HERBAL ESSENCES ARGAN 350 ml,90771281,HERBAL ESSENCES,0.35 l,ko,6.19,17.69,,,6.19,8700216211345,KOZMETIKA
BRIJAČ JEDNOK WILK EXT II SENS 7/1,90648852,WILKINSON,1.00 ko,ko,,2.75,2.75,4.65,4.65,4027800348206,KOZMETIKA
PEKMEZ BIOBAZA SUN 150ml,90488150,BIOBAZA,0.15 l,ko,9.59,63.93,,,9.59,3856020905378,KOZMETIKA
ČETKICA COLG MAX WHITE 1+1 ECONOMY PACK,90323325,COLGATE,1.00 ko,ko,3.75,3.75,,,3.49,8714789490113,KOZMETIKA
MASKA PANTENE INFINITE LONG 300ml,90729777,PANTENE,0.30 l,ko,5.99,19.97,,,5.99,8700216058056,KOZMETIKA
ŠAMPON VIOLETA DOUBLE CARE 400ml,90618025,VIOLETA,0.40 l,ko,5.35,13.38,,,5.35,3870128030893,KOZMETIKA
BOJA EXCELL 5 UNIV LIGHT BROWN,90598224,LOREAL EXCELLANCE,1.00 ko,ko,9.99,9.99,,,9.99,3600523998173,KOZMETIKA
BOJA PALETTE DELUXE 562,90070826,PALETTE DELU,1.00 ko,ko,,4.79,4.79,4.79,4.79,9000100823555,KOZMETIKA
BOJA CASTING CR GLOSS 300 CHAT,06540742,LOREAL CASTING CREME GLOSS,1.00 ko,ko,7.99,7.99,,,7.99,3600521372692,KOZMETIKA
PILING VENUS SATIN CARE 177 ml,90885685,VENUS,0.18 l,ko,13.29,75.08,,,13.29,8700216026581,KOZMETIKA
ŠAMPON OLEA OŠTEĆENA KOSA 300ml,90735070,OLEA,0.30 l,ko,,2.97,0.89,1.29,1.29,3850334073457,KOZMETIKA
LOSION DENIM 100ml BLACK 6664,06560308,DENIM BRAND,0.10 l,ko,6.09,60.9,,,6.09,8008970004327,KOZMETIKA
BOJA CASTING CREME GLOSS 500 SREDNJE SMEĐA,90361745,LOREAL CASTING CREME GLOSS,1.00 ko,ko,7.99,7.99,,,7.99,3600523612895,KOZMETIKA
VODA MICELARNA SKIN N ROSE 700ml,90571666,GARNIER,0.70 l,ko,9.69,13.84,,,9.69,3600542415682,KOZMETIKA
GEL TUŠ FA PINK JASMIN 250ml,90155221,FA,0.25 l,ko,2.79,11.16,,,2.79,9000100935449,KOZMETIKA
ŠAMPON OLEA MASNA KOSA 300ml,90735077,OLEA,0.30 l,ko,,2.97,0.89,1.29,1.29,3850334073693,KOZMETIKA
BOJA COMPLETE COL N67 CHOCO  7824,06541020,ANNYER,1.00 ko,ko,3.99,3.99,,,3.99,3850177007824,KOZMETIKA
ŠAMPON ELSEVE DREAM LONG 400ml,90362108,LOREAL ELSEVE,0.40 l,ko,5.99,14.98,,,5.99,3600523756209,KOZMETIKA
GEL TUŠ PALM MACADAMIA 750 ml,90810388,PALMOLIVE,0.75 l,ko,5.09,6.79,,,5.09,8718951350137,KOZMETIKA
ZP SIGNAL WHITE NOW ICE COOL 75ml,90702707,SIGNAL,0.08 l,ko,4.25,56.67,,,4.25,8720181327162,KOZMETIKA
CASTING CREAM GLOSS 5.15,90155063,LOREAL CASTING CREME GLOSS,1.00 ko,ko,7.99,7.99,,,7.99,3600521935088,KOZMETIKA
KREMA ZA LICE CERA DI CUPRA ROSA 75g,90341622,CERA DI CUPR,0.08 kg,ko,4.25,56.67,,,4.25,8002140050114,KOZMETIKA
KREMA NIVEA 400ml,90341075,NIVEA,0.40 l,ko,11.29,28.23,,,11.29,4005808158096,KOZMETIKA
DEO REXONA W BRIGHT BOUQET 150 ml,90774984,REXONA,0.15 l,ko,5.29,35.27,,,5.29,8720181450396,KOZMETIKA
MASKA PANTENE REPAIR&PROTECT 300ml,90298817,PANTENE,0.30 l,ko,5.99,19.97,,,5.99,8006540608494,KOZMETIKA
MAGLICA BIOBAZA ROYAL 250 ml,90887255,BIOBAZA,0.25 l,ko,7.49,29.96,,,7.49,3856020917371,KOZMETIKA
BOJA SYOSS 1/1 CRNA,06544311,SYOSS,1.00 ko,ko,6.99,6.99,,,5.59,9000100632669,KOZMETIKA
REGENER SCHAUMA 7 TRAVA 250ml,90587882,SCHAUMA,0.25 l,ko,4.19,16.76,,,4.19,9000101658088,KOZMETIKA
ZP ELMEX CAR PROT WHITE 75ML,90675595,ELMEX,0.08 l,ko,4.99,66.53,,,4.79,8718951536289,KOZMETIKA
BRIJAČ JEDNOK GILL BLUE3 6+2,06562140,GILLETTE,8.00 ko,ko,10.98,1.37,,,10.98,7702018489978,KOZMETIKA
KUPKA FELCE AZZ HIBIS I PAPAR 650 ml,90774687,FELCE AZZURA,0.65 l,ko,4.85,7.46,,,4.85,8001280068140,KOZMETIKA
VANISH WHITE LIQUID 500ML,90392030,VANISH,0.50 l,ko,,7.66,3.83,4.79,4.79,5999109563309,SREDSTVA ZA ČIŠĆENJE
DET ECOVER UNIVERZAL 1L=20PR,90600480,ECOVER,1.00 l,ko,8.79,8.79,,,8.49,5000204246520,SREDSTVA ZA ČIŠĆENJE
DET FROSCH LIMETA 500ml,90433133,FROSCH,0.50 l,ko,,2.22,1.11,1.59,1.59,4009175176172,SREDSTVA ZA ČIŠĆENJE
MARAMICE ZA UPIJANJE BOJA 22/1 K2R,90826172,K2R,52.00 ko,ko,4.99,0.1,,,4.99,9000101822243,SREDSTVA ZA ČIŠĆENJE
DET WOOLITE COLOR 4.5L,90729719,WOOLITE,4.50 l,ko,8.99,2,,,8.99,5900627056938,SREDSTVA ZA ČIŠĆENJE
DET SUĐE VIO LIMUN SODA 450ml,90683096,VIO,0.45 l,ko,1.59,3.53,,,1.59,3870128034327,SREDSTVA ZA ČIŠĆENJE
DET ARIEL COLOR 30TAB,90886215,ARIEL,30.00 ko,ko,17.99,0.6,,,17.99,8700216766173,SREDSTVA ZA ČIŠĆENJE
TAB FINISH QUANTUM ULTIM REG 80TAB,90487413,FINISH ADW,80.00 ko,ko,35.99,0.45,,,31.59,5999109580788,SREDSTVA ZA ČIŠĆENJE
DUCK WC GEL VIRTUAL VIOLET 750 ml,90899825,DUCK,0.75 l,ko,2.99,3.99,,,2.99,5000204366488,SREDSTVA ZA ČIŠĆENJE
THE PINK STUFF WC GEL 750 ml,90789832,THE PINK STUFF,0.75 l,ko,,3.44,2.58,3.45,3.45,5060033820681,SREDSTVA ZA ČIŠĆENJE
AJAX CRYSTAL TRIGGER 750ml,08030504,AJAX,0.75 l,ko,2.59,3.45,,,2.59,8718951048522,SREDSTVA ZA ČIŠĆENJE
VANISH PINK POWDER 970 g,90825908,VANISH,0.97 kg,ko,9,9.28,,,9,5999109562814,SREDSTVA ZA ČIŠĆENJE
DET ARIEL EXTRA CLEAN 26 TAB,90662837,ARIEL,26.00 ko,ko,10,0.38,,,10,8001090803153,SREDSTVA ZA ČIŠĆENJE
MARAMICE VL K PLUS DAX UNIVER 80/1,90064087,DAX,80.00 ko,ko,1.85,0.02,,,1.85,3850334520067,SREDSTVA ZA ČIŠĆENJE
CERESIT STOP VLAZI TAB REF 2X450g,08030673,CERESIT,0.90 kg,ko,16.49,18.32,,,16.49,5997272386817,SREDSTVA ZA ČIŠĆENJE
SREDSTVO DAX STAKLO 1L,90307575,DAX,1.00 l,ko,1.39,1.39,,,1.39,3850334348197,SREDSTVA ZA ČIŠĆENJE
SWIFFER VL MARAMICE ZA POD 20/1,90569106,SWIFFER,20.00 ko,ko,9.99,0.5,,,9.99,8006540308288,SREDSTVA ZA ČIŠĆENJE
PERMETAL ODMAŠČIVAĆ 650ml,90258370,PERMETAL,0.65 l,ko,4.05,6.23,,,3.45,3850111753848,SREDSTVA ZA ČIŠĆENJE
WHITE DAY MARAMICE ZA MRLJE 12/1,90825938,WHITE DAY,12.00 ko,ko,1.99,0.17,,,1.99,8681242204269,SREDSTVA ZA ČIŠĆENJE
DR BECK PLOČA NEHRĐ ČELIK 250 ml,90800509,BECKMANN,1.00 ko,ko,3.99,3.99,,,3.99,4008455600512,SREDSTVA ZA ČIŠĆENJE
OM DAX FRESH 2L,90389180,DAX,2.00 l,ko,2,1,,,2.79,3838900962398,SREDSTVA ZA ČIŠĆENJE
WC NET MOUNT FRESH 750ML 6707,08035337,WC NET,0.75 l,ko,3.45,4.6,,,3.45,8004050036707,SREDSTVA ZA ČIŠĆENJE
DET JAR LEMON 1.35L,90232430,JAR HDW,1.35 l,ko,6.59,4.88,,,6.59,8001090621689,SREDSTVA ZA ČIŠĆENJE
OSVJ SHAKE ORMAR CEDAR&VANILLA 3/1,90732165,SHAKE,3.00 ko,ko,,0.66,1.99,2.99,1.49,3859890779384,SREDSTVA ZA ČIŠĆENJE
OM LENOR PT FLORAL BOUQUET 987 ml,90886165,LENOR,1.00 l,ko,6.39,6.39,,,6.39,8700216723879,SREDSTVA ZA ČIŠĆENJE
BLISTA NAMJEŠTAJ 750ml,90603100,BLISTA,0.75 l,ko,1,1.33,,,2.49,3859890063865,SREDSTVA ZA ČIŠĆENJE
DR BECKM SREDSTVO ZA ČIŠ TEPIHA 650ml,90184572,BECKMANN,0.65 l,ko,5.39,8.29,,,5.39,4008455572017,SREDSTVA ZA ČIŠĆENJE
DET DAISY JABUKA&MENTA 900 ml,90825548,DAISY,0.90 l,ko,1.49,1.66,,,1.49,3838900834817,SREDSTVA ZA ČIŠĆENJE
AJAX POW MOUSSE UNIV SPR 500 ml,90785501,AJAX,0.50 l,ko,3.99,7.98,,,3.99,8718951644021,SREDSTVA ZA ČIŠĆENJE
DET PERSIL GEL COLOR 4.5 L 100PR,90869801,PERSIL,4.50 l,ko,19.99,4.44,,,19.99,9000101567335,SREDSTVA ZA ČIŠĆENJE
SOMAT EXCELLENCE 4IN1 60TAB,90785396,SOMAT,60.02 ko,ko,28.99,0.48,,,14.49,9000101808087,SREDSTVA ZA ČIŠĆENJE
DR BECKMANN IZBJ ZAVJESA 80g,90732132,BECKMANN,0.08 kg,ko,1.59,19.88,,,1.59,4008455569017,SREDSTVA ZA ČIŠĆENJE
DET DASH REGULAR 3.3 kg=66PR,90886329,DASH,3.30 kg,ko,25.99,7.88,,,25.99,8700216741934,SREDSTVA ZA ČIŠĆENJE
DET ARIEL SENSITIVE 31TAB,90706107,ARIEL,31.00 ko,ko,10,0.32,,,10,8006540946053,SREDSTVA ZA ČIŠĆENJE
ARF DEOBAD LAVANDA SMILJE 650ML,90633196,ARF,0.65 l,ko,,3.43,2.23,2.79,2.39,3850105181046,SREDSTVA ZA ČIŠĆENJE
KH-7 SREDSTVO UKLANJANJE KAMENCA 750ML,90138796,KH-7,0.75 l,ko,5.29,7.05,,,5.05,8420822116543,SREDSTVA ZA ČIŠĆENJE
MARAMICE DEZIFEK. SANYTOL VIŠENAM 36/1,90403870,SANYTOL,36.01 ko,ko,,0.08,2.89,3.65,3.45,8411660000224,SREDSTVA ZA ČIŠĆENJE
OMEKŠIVAČ CHICCO SWEET TALCUM 750ml,90733803,CHICCO,0.75 l,ko,4.99,6.65,,,4.99,8058664103126,SREDSTVA ZA ČIŠĆENJE
DET PUR TOTAL LEMON 450ml,08013856,PUR,0.45 l,ko,1.99,4.42,,,1.99,90005596,SREDSTVA ZA ČIŠĆENJE
SANITAR HIG MARAMICE 50/1 LIMUN,90487402,SANITAR,1.00 ko,ko,1,1,,,2.39,3850111901096,SREDSTVA ZA ČIŠĆENJE
SMAC EXPRESS OMAŠČ LIMUN 650ML,90166804,SMAC,0.65 l,ko,4.44,6.83,,,4.44,8003650026705,SREDSTVA ZA ČIŠĆENJE
DET JAR ALL IN 1 LEMON 100 TAB,90895422,JAR ADW,100.00 ko,ko,39.99,0.4,,,39.99,8006540750100,SREDSTVA ZA ČIŠĆENJE
SRED SANYTOL ČIŠĆ DEZINF KUPAON 500ML,90243633,SANYTOL,0.50 l,ko,,5.78,2.89,3.65,3.45,3045206393003,SREDSTVA ZA ČIŠĆENJE
ARF CREAM PROFESSIONAL 400ml,90603162,ARF,0.40 l,ko,,4.38,1.75,2.19,1.95,3850105181688,SREDSTVA ZA ČIŠĆENJE
OM SILAN FRANGIPANI 2.772L,90719668,SILAN,2.77 l,ko,5.99,2.16,,,5.99,9000101581874,SREDSTVA ZA ČIŠĆENJE
DET FAKS 5IN1 COLOR 22TAB,90825952,FAKS,22.00 ko,ko,13.49,0.61,,,13.49,3850105187253,SREDSTVA ZA ČIŠĆENJE
SOMAT EXCELLENCE 4IN1 30TAB,90785194,SOMAT,30.00 ko,ko,17.99,0.6,,,17.99,9000101808292,SREDSTVA ZA ČIŠĆENJE
AJAX POW MOUSSE BATHROOM SPR 500 ml,90785496,AJAX,0.50 l,ko,3.99,7.98,,,3.99,8718951643789,SREDSTVA ZA ČIŠĆENJE
RUČ PAP NATUR CL CUT 150L 3SL 2/1,90648958,NATUR,2.00 ko,ko,1.59,0.8,,,1.59,8605002357569,PROIZVODI ZA KUĆANSTVO
VREĆA SMEĆE MIRIS 50L 15/1 OPTILINE,90749890,OPTIPLAST,15.00 ko,ko,2.15,0.14,,,2.15,3858891882192,PROIZVODI ZA KUĆANSTVO
RUČNIK VIOLETA PICNIC 2/1 3SL,90035681,VIOLETA,2.00 ko,ko,1.59,0.8,,,2.52,3859892288488,PROIZVODI ZA KUĆANSTVO
FILTER ZA KAVU MELITTA 4/40KOM,90719989,MELITA,40.00 ko,ko,2.59,0.06,,,2.49,4006508200016,PROIZVODI ZA KUĆANSTVO
STALAK PALOMA USKRS 2025,90885077,PALOMA,1.00 ko,ko,467.16,467.16,,,467.16,3838952036269,PROIZVODI ZA KUĆANSTVO
MY PETS MP PIL PUR 1250G,01642175,MY PETS,1.25 kg,ko,1.59,1.27,,,1.59,3850334180971,PROIZVODI ZA KUĆANSTVO
SALV PALOMA ELITE LJUBIČ 40X40 2SL 16/1,90572963,PALOMA,16.00 ko,ko,3.95,0.25,,,3.95,3838952028554,PROIZVODI ZA KUĆANSTVO
TOMI MM GOVEDINA/MRKVA 100g,90608014,TOMI,0.10 kg,ko,0.99,9.9,,,0.99,4003024490860,PROIZVODI ZA KUĆANSTVO
VILEDA EASY W&C TURBO MOP BOX,90275868,VILEDA,1.00 ko,ko,,26.99,26.99,39.99,49.99,4023103194113,PROIZVODI ZA KUĆANSTVO
POSLAST VK CAT STICK PUR/JANJ 18g,01642123,VITAKRAFT,0.02 kg,ko,1.25,69.44,,,1.25,4008239182029,PROIZVODI ZA KUĆANSTVO
FELIX PARTY MIX ORIGINAL MIX 60G,90170684,FELIX,0.06 kg,ko,1.59,26.5,,,1.59,3858890176933,PROIZVODI ZA KUĆANSTVO
ADVENTUROS STICKS 120G,90240563,ADVENTUROS,0.12 kg,ko,2.19,18.25,,,2.19,7613035516274,PROIZVODI ZA KUĆANSTVO
SALV PALOMA BOŽIĆ BERRIES 33X33 20/1,90726728,PALOMA,1.00 ko,ko,2.29,2.29,,,2.29,3838952034630,PROIZVODI ZA KUĆANSTVO
BUDDY MP MINI PIL 300G,90725768,BUDDY,0.30 kg,ko,0.99,3.3,,,0.99,3850334043641,PROIZVODI ZA KUĆANSTVO
HRANA VK MENU VITAL MINI KUNIĆ 1kg,90052355,VITAKRAFT,1.00 kg,ko,5.95,5.95,,,5.95,4008239106452,PROIZVODI ZA KUĆANSTVO
POSLAST VK CAT STICK LOS/PAST 18G,01642122,VITAKRAFT,0.02 kg,ko,1.25,69.44,,,1.25,4008239598967,PROIZVODI ZA KUĆANSTVO
SALV PALOMA RABBITS 33X33 3SL 20/1,90750534,PALOMA,1.00 ko,ko,1.69,1.69,,,2.29,3838952035194,PROIZVODI ZA KUĆANSTVO
HRANA ZA KORNJAČE BRIKETI 250ML,90280116,VITAKRAFT,0.25 l,ko,4.15,16.6,,,4.15,4008239189530,PROIZVODI ZA KUĆANSTVO
BUDDY SP GOVEDINA POVRĆE 3KG,90649412,BUDDY,3.00 kg,ko,4.99,1.66,,,4.99,3850334009975,PROIZVODI ZA KUĆANSTVO
MG MM SVINJ KRUMPIR GRAŠAK 100 g,90775159,MIGLIOR,0.10 kg,ko,0.7,7,,,0.7,8007520027397,PROIZVODI ZA KUĆANSTVO
VREĆ ZA ZAMRZ PELY 4L 20/1,05520597,PELY,20.00 ko,ko,1.35,0.07,,,1.35,4007519035741,PROIZVODI ZA KUĆANSTVO
ČAČKALICE FRESH&PACK 450/1,90623836,FRESH&PACK,450.45 ko,ko,0.93,0,,,0.93,3838900808887,PROIZVODI ZA KUĆANSTVO
BRISAČ PODA ULTRAMAX VILEDA BOX,05514002,VILEDA,1.00 ko,ko,,23.99,23.99,39.99,39.99,4023103143890,PROIZVODI ZA KUĆANSTVO
KRPA MAGIČNA VEL POVRŠ 50X60CM,05640552,REKORD TIM,1.00 ko,ko,3.15,3.15,,,3.15,3858882683814,PROIZVODI ZA KUĆANSTVO
VREĆA SMEĆE HD RUČ 10L 40/1 DAX,90800588,DAX,1.00 ko,ko,0.59,0.59,,,0.59,3850334101549,PROIZVODI ZA KUĆANSTVO
METLA SOB VILEDA UNIV S DRŠKOM,90427851,VILEDA,1.00 ko,ko,,7.49,7.49,13.25,13.25,4023103178212,PROIZVODI ZA KUĆANSTVO
JASTUČIĆ INOX ZA RIBANJE POWERMAX,90169091,REKORD TIM,1.00 ko,ko,1.45,1.45,,,1.45,3858882684170,PROIZVODI ZA KUĆANSTVO
BRISAČ PODA MOP PAMUK DRŠKA DAX,90276241,DAX,1.00 ko,ko,3.32,3.32,,,3.32,3850334599520,PROIZVODI ZA KUĆANSTVO
MY PETS MP GOVEDINA 405G,90648735,MY PETS,0.41 kg,ko,0.79,1.95,,,0.79,3850334010056,PROIZVODI ZA KUĆANSTVO
ONE SP MINI ACTIVE PIL RIŽA 800g,90361617,ONE,0.80 kg,ko,5.49,6.86,,,5.49,7613034146793,PROIZVODI ZA KUĆANSTVO
KITTY MM GOVEDINA 405G,90648730,KITTY,0.41 kg,ko,0.89,2.2,,,0.89,3850334011565,PROIZVODI ZA KUĆANSTVO
ALU FOLIJA 50mX29cm ALUFIX,90098344,ALUFIX,50.00 m,ko,8.49,0.17,,,8.49,5949509000102,PROIZVODI ZA KUĆANSTVO
ONE SP MINI GOV RIŽA 800g,90361613,ONE,0.80 kg,ko,5.49,6.86,,,5.49,7613034146731,PROIZVODI ZA KUĆANSTVO
VREĆICA TERMO FRESH&PACK,90712925,FRESH&PACK,1.00 ko,ko,1.3,1.3,,,1.3,3850334045676,PROIZVODI ZA KUĆANSTVO
WHISKAS SM GOVEDINA 1.4kg,90212539,WHISKAS,1.40 kg,ko,8.99,6.42,,,8.99,5998749129746,PROIZVODI ZA KUĆANSTVO
DUST STAR PREMIUM KRPA 30x30cm,90732215,REKORD TIM,1.00 ko,ko,2.99,2.99,,,2.99,3858882680158,PROIZVODI ZA KUĆANSTVO
WHISKAS MM TM IZBOR KUHARA 4x85g,90707529,WHISKAS,0.34 kg,ko,2.75,8.09,,,2.75,4770608262662,PROIZVODI ZA KUĆANSTVO
SPUŽVA VILEDA GLITZI PLUS 3/1,90573993,VILEDA,3.00 ko,ko,,0.84,2.51,3.59,3.59,4003790001444,PROIZVODI ZA KUĆANSTVO
POSLAST ROTOLINIS GOV 120g TRIXIE,90043014,TRIXIE,0.12 kg,ko,1.65,13.75,,,1.65,4011905317717,PROIZVODI ZA KUĆANSTVO
VREĆA SMEĆE HD 35L 30/1 DAX,90875159,DAX,30.00 ko,ko,0.75,0.02,,,0.75,3850334101563,PROIZVODI ZA KUĆANSTVO
WHISKAS DREAMIES GOVEDINA 60G,90139350,WHISKAS,0.06 kg,ko,1.79,29.83,,,1.79,5998749130957,PROIZVODI ZA KUĆANSTVO
SALV PALOMA BOŽIĆ DECORATION 33X33 20/1,90800090,PALOMA,20.00 ko,ko,2.29,0.11,,,2.29,3838952035538,PROIZVODI ZA KUĆANSTVO
GOURMET GOLD MM GOVED PILET 85g,01641892,GOURMET,0.09 kg,ko,0.89,10.47,,,0.89,7613032816766,PROIZVODI ZA KUĆANSTVO
TOMI MP GOVEDINA 400g,90713053,TOMI,0.40 kg,ko,1.75,4.38,,,1.75,4003024001585,PROIZVODI ZA KUĆANSTVO
BRISAČ PODA MOP CELUL ZAMJ KRPA DAX,90276238,DAX,1.00 ko,ko,1.59,1.59,,,1.59,3850334599490,PROIZVODI ZA KUĆANSTVO
DARLING SP MESO POVRĆE 500g,01640598,DARLING,0.50 kg,ko,2.19,4.38,,,2.19,7613032933746,PROIZVODI ZA KUĆANSTVO
PEDIGREE SP ADULT PIL POVRĆE 2.6KG,90270273,PEDIGREE,2.60 kg,ko,12.99,5,,,12.99,5998749144961,PROIZVODI ZA KUĆANSTVO
WHISKAS SM JANJETINA 300G,90678138,WHISKAS,0.30 kg,ko,2.39,7.97,,,2.39,5900951305719,PROIZVODI ZA KUĆANSTVO
KORIJANDER SVJEŽI ZB BIO ZONE,90904849,BIO ZONE,1.00 ko,ko,1.69,1.69,,,1.69,3856028690160,HRANA
MENTA SVJEŽA ZB BIO ZONE,90904852,BIO ZONE,1.00 ko,ko,1.69,1.69,,,1.69,3856028690177,HRANA
VLASAC SVJEŽI ZB BIO ZONE,90904854,BIO ZONE,1.00 ko,ko,1.69,1.69,,,1.69,3856028690191,HRANA
RAJČICA KOKTEL 250 g BIO ZONE,90904856,BIO ZONE,1.00 ko,ko,1.69,1.69,,,1.49,3856028690115,HRANA
FLIPS BOBI HASHTAG 70 g SVE ZA NJU,90954741,BOBI,0.07 kg,ko,0.2,2.86,,,0.99,3858891591308,HRANA
DIMLJENA SVINJ GULJ KOLJENICA PIVAC,90954824,PIVAC,1.00 kg,kg,6.99,6.99,,,6.99,3858884999241,HRANA
ACTIVIA MIX JAGODA 163 g,90965427,ACTIVIA,0.16 kg,ko,1.55,9.51,,,1.49,5941209025614,HRANA
ČOKOL LINDT EX CREAMY KARAMEL 80 g,90935140,LINDT,0.08 kg,ko,3.69,46.13,,,3.69,3046920021289,HRANA
MUESLI CRUNC RISE&SMIL JAG ČOK 350 g,90975489,RISE&SMILE,0.35 kg,ko,,5.69,1.99,2.49,2.49,3850334446466,HRANA
KEKS FINESSE LJEŠNJAK PVC 600 g,90935047,FINESSE,0.60 kg,ko,2,3.33,,,4.99,3850334440402,HRANA
PANDORO SPECIAL MOMENTS 750 g,90959821,SPECIAL MOMENTS,0.75 kg,ko,3,4,,,6.99,3850334442321,HRANA
PANETTONE SPECIAL MOMENTS 500 g,90959825,SPECIAL MOMENTS,0.50 kg,ko,3,6,,,6.99,3850334442345,HRANA
BOŽIĆNI BOX MILKA 195 g,90974821,MILKA,0.20 kg,ko,2,10.26,,,7.49,7622202042119,HRANA
VRHNJE KISELO BAKINO 850 g DUKAT,90975926,BRZO&FINO,0.85 kg,ko,3.99,4.69,,,3.99,3850354004134,HRANA
 TIJESTO KRPICE S JAJIMA 500 g ZP,90955621,ZLATO POLJE,0.50 kg,ko,2.49,4.98,,,2.49,3856020282622,HRANA
SVJEŽA MLADA PATKA BEZ IZNUTRICA,90955645,VALDOR,1.00 kg,kg,3.39,3.39,,,3.49,,HRANA
ČEŠNJAK 3 kom BIO ZONE,90904858,BIO ZONE,0.15 kg,ko,1.69,11.27,,,1.69,3856028690061,HRANA
ČOKOLADA FINESSE TAMNA 72% 100 g,90904925,FINESSE,0.10 kg,ko,2.49,24.9,,,1.99,3838900830536,HRANA
SVJEŽI FILET LOSOSA 4x125 g MOWI,90909765,MOWI,0.50 kg,ko,10.49,20.98,,,10.49,5906259713812,HRANA
KAVA LEDENA MINUTE CAPPUCCINO 240 ml,90909858,MINUTE,0.24 l,ko,,4.13,0.99,1.09,1.09,3838900845455,HRANA
KAVA LEDENA MINUTE ESPRESSO 240 ml,90909860,MINUTE,0.24 l,ko,,4.13,0.99,1.09,1.09,3838900845448,HRANA
KAVA LEDENA MINUTE LATTE MAC 240 ml,90909862,MINUTE,0.24 l,ko,,4.13,0.99,1.09,1.09,3838900845462,HRANA
TUNA STEAK BILJ ULJE 160/104 g EVA,90914846,EVA,0.10 kg,ko,3.69,35.48,,,3.69,3856020278229,HRANA
JUNEĆI BUT BK ODR 450 g PIVAC,90919904,PIVAC,0.45 kg,ko,9.59,21.31,,,8.99,3858881610309,HRANA
ULJE MASLINOVO EX DJEV PET 1 L OLEOE,90920619,OLEOESTEPA,1.00 l,ko,8.99,8.99,,,8.99,8422975000069,HRANA
PRŠUT ANDRO 100 g NAR,90955158,ANDRO,1.00 ko,ko,3.19,3.19,,,3.19,3859892331412,HRANA
KULEN ANDRO NAR 300 g,90930017,ANDRO,0.30 kg,ko,3.99,13.3,,,3.49,3858892823026,HRANA
ANDRO KULEN 650 g,90955302,ANDRO,0.65 kg,ko,9.99,15.37,,,9.99,3858892823118,HRANA
BOMBON GUM FRUIT RAINBOW 70 g MOND,90955444,MOND,0.07 kg,ko,0.99,14.14,,,0.99,6298042781344,HRANA
TIJEST REZ JAJ ŠIR MAXX 600 g KOLEDA,90955705,KOLEDA,0.60 kg,ko,2.59,4.32,,,2.59,3859888433656,HRANA
KEKS DIGESTIVE 500 g  MC VITIES,90965277,MCVITIE'S,0.50 kg,ko,3.49,6.98,,,3.49,5941664012679,HRANA
MIX SM KEKSA I MEDENJAKA 300 g,90955276,SPECIAL MOMENTS,0.30 kg,ko,3,10,,,4.99,3850334444707,HRANA
MUFFINS CLASSIC 300 g DOLCELA,90970079,DOLCELA,0.30 kg,ko,2.49,8.3,,,2.49,3856020282851,HRANA
MUFFINS CLASSIC KAKAO 300 g DOLCELA,90970088,DOLCELA,0.30 kg,ko,2.49,8.3,,,2.49,3856020282882,HRANA
ZOBENI BAR ACTIVE ZONE LJEŠNJAK 40 g,90975569,ACTIVE ZONE,0.04 kg,ko,0.69,17.25,,,0.69,3850334445605,HRANA
PANETTONE KOM ČOKOLADE 500 g,90955554,DOLCE FORNERIA,0.50 kg,ko,1,2,,,4.99,8002734223061,HRANA
NAPITAK PROTEIN ČOKO UHT 0.3 L VIN,90976043,Z BREGOV,0.30 l,ko,1.79,5.97,,,1.79,3850108023763,HRANA
KINDER MINI FRIENDS ADVE KALEN 164 g,90975160,FERRERO,0.16 kg,ko,3,18.29,,,10.39,8000500448410,HRANA
KINDER BOŽIĆNA MIX KUTIJA 102 g,90975169,FERRERO,0.10 kg,ko,2,19.61,,,4.39,8000500448366,HRANA
MASLINE ZEL S PAPR 320/170 g OLYMP,90950546,OLYMP,0.17 kg,ko,3.49,20.53,,,3.49,5201409810909,HRANA
CROISSANT MINI MINUTE 1 kg,90950366,MINUTE,1.00 kg,ko,,1.59,1.59,1.99,1.99,8605028612000,HRANA
CROISSANT KAKAO MINUTE 1 kg,90950367,MINUTE,1.00 kg,ko,,2.15,2.15,2.69,2.69,8605028612017,HRANA
ČAJ ZELENI BOROVNIC 20/1 35 g FRANCK,90949750,FRANCK,0.04 kg,ko,2.29,65.43,,,2.29,3850291056234,HRANA
ČAJ ZELENI ŠUM VOĆE 20/1 35 g FRANCK,90949752,FRANCK,0.04 kg,ko,2.29,65.43,,,2.29,3850291055947,HRANA
BOMBON SWEET BEAT CRISTMAS MIX 400 g,90956080,SWEET BEAT,0.40 kg,ko,1,2.5,,,3.99,3850334444806,HRANA
STALAK BOŽIĆNI MILKA 202 kom,90974760,MILKA,1.00 ko,ko,942.18,942.18,,,942.18,7622202334214,HRANA
PRALINE MILKA OREO 86 g,90974761,MILKA,0.09 kg,ko,0.5,5.81,,,2.99,7622210586322,HRANA
ČOKOLADA RIKI CORNFLAKES 95 g,90954684,RIKI,0.10 kg,ko,1.89,19.89,,,1.89,3856024806312,HRANA
BOMBON RICOLA FRESH MINT 40 g,90960346,RICOLA,0.04 kg,ko,1.59,39.75,,,1.59,7610700026540,HRANA
BOMBON RICOLA ORANGEMINT 40 g,90960354,RICOLA,0.04 kg,ko,1.59,39.75,,,1.59,7610700028131,HRANA
BUDDY DENTAL SREDNJI 180 g,90975809,BUDDY,0.18 kg,ko,,8.28,1.49,1.49,1.49,3838900845721,HRANA
BOMB SWEET BEAT KAR JAG/JAB  90 g,90945346,SWEET BEAT,0.09 kg,ko,0.99,11,,,0.99,3850334437457,HRANA
LINO PUREĆA PRSA 60 g,90939964,LINO,0.06 kg,ko,1.75,29.17,,,1.75,3856020257033,HRANA
KREKER ORIGINAL 205 g WASA,90959876,WASA,0.21 kg,ko,2.95,14.39,,,2.95,7300400118118,HRANA
SIR SVJEŽI K PLUS POLUM 500g,02390960,K PLUS,0.50 kg,ko,1.86,3.72,,,1.86,3850334535214,HRANA
PISTACIO SUHO PRŽ SL HRUSTY 200g,90363787,HRUSTY,0.20 kg,ko,,19.95,3.99,4.59,3.99,3850334154187,HRANA
SIR POLUTV PODRAVEC 400g DUKAT,02053837,PRESIDENT,0.40 kg,ko,5.39,13.48,,,5.19,3850355007363,HRANA
KRUMPIR KLIPER 1.5 kg,01407829,KORA,1.50 kg,ko,1.49,0.99,,,1.69,3856017203005,HRANA
MLIJEKO BEZ LAKTOZE 1L VINDIJA,90185048,Z BREGOV,1.00 l,ko,1.99,1.99,,,1.99,3850108023572,HRANA
SIR TVRDI EMENTALER K PLUS,02053796,K PLUS,1.00 kg,kg,10.62,10.62,,,10.62,,HRANA
PILEĆA KRILA K PLUS,90290014,K PLUS,1.00 kg,kg,,2.99,2.99,4.19,4.19,3850159118074,HRANA
ŠUMSKO VOĆE 300g LEDO,90668492,LEDO,0.30 kg,ko,,10.97,3.29,3.29,3.19,3850116053585,HRANA
AJVAR BLAGI 350g PODRAVKA,01480632,PODRAVKA,0.35 kg,ko,2.49,7.11,,,2.49,3850104051029,HRANA
VAFL FRONDI KAKAO 250g KRAŠ,90702867,FRONDI,0.25 kg,ko,,7.96,1.99,1.99,2.59,3850102002245,HRANA
KRASTAVAC 370g PODRAVKA,01520246,PODRAVKA,0.37 kg,ko,2.99,8.08,,,2.99,3850104050244,HRANA
ODRESCI PILEĆEG FILEA 400g,90279396,MEĐIMURSKO PILE,0.40 kg,ko,5.97,14.93,,,5.97,3850220117210,HRANA
PUDING MLIJEČ ČOKOL 125g ČAŠA VIND,02320209,VINDIJA,0.13 kg,ko,0.65,5.2,,,0.65,38500039,HRANA
VEGETA 1kg VREĆICA PODRAVKA,04163503,VEGETA,1.00 kg,ko,7.69,7.69,,,7.69,3850104047046,HRANA
VRHNJE KISELO K PLUS 12% M.M. 900g,90731603,K PLUS,0.90 kg,ko,2.89,3.21,,,2.89,3850334071491,HRANA
ŠPINAT 400 grama,01409001,KORA,0.40 kg,ko,1.99,4.98,,,1.99,3850334386366,HRANA
TIJESTO FUSILLI 98 500g BARILLA,04310039,BARILLA,0.50 kg,ko,,1.9,0.95,1.95,1.95,8076802085981,HRANA
JABUKA FUJI,01410468,,1.00 kg,kg,1.79,1.79,,,1.79,3850334386052,HRANA
CAPP GLORIA CLASSIC 200g,90205343,GLORIA,0.20 kg,ko,2.79,13.95,,,2.29,3858881087804,HRANA
KEFIR 3.5%MM TREX 1000G VINDIJA,90268103,Z BREGOV,1.00 kg,ko,2.49,2.49,,,2.39,3850108030488,HRANA
PILEĆI FILE 500g,90299387,MEĐIMURSKO PILE,0.50 kg,ko,5.79,11.58,,,4.79,3850220115827,HRANA
BRAŠNO GLATKO T-550 1kg MLINETA,04030487,MLINETA,1.00 kg,ko,,0.59,0.59,0.59,0.6,3859888419025,HRANA
MLIJEKO SVJEŽE 3.2% Z BRE PET 1L VIN,90513932,Z BREGOV,1.00 l,ko,1.49,1.49,,,1.49,3850108011814,HRANA
VAFL NAPOLIT CHOC CREAM BLOK 420g KR,04151425,KRAŠ,0.42 kg,ko,3.19,7.6,,,3.19,3850102326143,HRANA
KUPUS SVJEŽI,01401365,,1.00 kg,kg,0.59,0.59,,,0.79,3850334173119,HRANA
KOBASICA KRANJSKA 300g,90706531,GAVRILOVIĆ,0.30 kg,ko,4.19,13.97,,,4.19,3858892724910,HRANA
TEL LOPATICA SK  VAKLM,02414319,PIK VRBOVEC,1.00 kg,kg,,8.49,8.49,8.19,9.59,3850139543247,HRANA
SLANINA BARANJSKA NAR 100g MA,90731253,BELJE,0.10 kg,ko,3.09,30.9,,,3.09,3850257053253,HRANA
ČAJNA SLJEME NAR 80g MA,90298641,SLJEME,0.08 kg,ko,1.99,24.88,,,1.99,3850139012460,HRANA
SLANINA BARANJSKA 1/2 VAC BELJE,90731256,BELJE,1.00 kg,kg,20.99,20.99,,,20.99,3850257051549,HRANA
KIKIRIKI BEZ ULJA AROM 250g VREĆ FRA,04070234,CHIO,0.25 kg,ko,2.69,10.76,,,2.69,3856021302275,HRANA
AJVAR BLAGI 690g PODRAVKA,01480137,PODRAVKA,0.69 kg,ko,,5.78,3.99,3.99,3.69,3850104051012,HRANA
VAFL NAPOLITANKA 840g KRAŠ,04151586,KRAŠ,0.84 kg,ko,4.99,5.94,,,4.99,3850102326150,HRANA
VAFL NAPOLITANKA NOUGAT 840g KRAŠ,04152518,KRAŠ,0.84 kg,ko,4.99,5.94,,,4.99,3850102326198,HRANA
FLIPS POM BAR ORIGINAL 50g,90404630,POM BAR,0.05 kg,ko,,19.8,0.99,1.19,1.19,3856021302718,HRANA
PERŠIN LIST 100 grama,01400236,,0.10 kg,ko,1.25,12.5,,,1.29,3850334049612,HRANA
SIR TVRDI KRAVLJI 1/4 DŽIUGAS,90370541,DŽIUGAS,1.00 kg,kg,,10.99,10.99,13.27,13.27,,HRANA
BOMBONJERA BAJADERA 500g KRAŠ,04251143,BAJADERA,0.50 kg,ko,16.99,33.98,,,15.89,3850102230068,HRANA
MAST SVINJSKA DOMAĆA 1KG MESO-RAD,90171750,MESO-RAD,1.00 kg,ko,2.75,2.75,,,2.75,3859891884902,HRANA
VRHNJE KISELO ZB 20%MM 200g VINDIJA,02330189,Z BREGOV,0.20 kg,ko,1.29,6.45,,,1.19,3850108033106,HRANA
ŽEMLJA 5/1 300g MLINAR,90406411,MLINAR,0.30 kg,ko,1.49,4.97,,,1.15,3858881126473,HRANA
MLIJEKO TR 2.8% BOCA 6x1 LIT DUKAT,90406822,DUKAT,6.00 l,ko,6.12,1.02,,,6.12,3850354015529,HRANA
ORAH INDIJSKI GARDEN GOOD 180g,90377248,GARDEN GOOD,0.18 kg,ko,2.69,14.94,,,2.49,3838900958537,HRANA
MORTADELA S MASLIN VAC PIK VRBOVEC,02036291,PIK VRBOVEC,1.00 kg,kg,10.89,10.89,,,8.49,3850139310863,HRANA
DESERT SNICKERS SUPER+1 112.5g,90570922,MARS,0.11 kg,ko,1.99,17.69,,,1.99,5900951310843,HRANA
PECIVO K PLUS SA SJEM 120g DON DON,90096231,K PLUS,0.12 kg,ko,,5.42,0.65,0.65,0.79,3850334405753,HRANA
PILEĆI FILE 500g,90675497,CEKIN,0.50 kg,ko,6.35,12.7,,,6.35,3850159110986,HRANA
HRENOVKE PIL BEZ OV 300g CEKIN VIND,02048157,CEKIN,0.30 kg,ko,1.99,6.63,,,1.99,3850159120022,HRANA
HRVATSKO PILE PODLOŽAK SVJEŽE CEKIN,90713242,CEKIN,1.00 kg,kg,3.31,3.31,,,3.31,3850159112829,HRANA
PIL FILE OD PRSIJU KOKA VINDIJA,02433992,CEKIN,1.00 kg,kg,9.39,9.39,,,9.39,3850159110313,HRANA
ĆEVAPČIĆI SVJEŽI 810g  PIK VRBOVEC,02404064,PIK VRBOVEC,0.81 kg,ko,9.99,12.33,,,9.49,3850139435757,HRANA
PANIRANI FILET OSLIĆA 400g LEDO,02195477,LEDO,0.40 kg,ko,6.59,16.48,,,5.99,3850116881973,HRANA
NAMAZ MARGARINSKI OMEGOL 225g,90725799,OMEGOL,0.23 kg,ko,1.99,8.84,,,1.79,3856015328625,HRANA
KEKS PREKRAŠNI PUNJ NOUGAT 220g,90485660,PREKRAŠNI KOLAČIĆI,0.22 kg,ko,2.59,11.77,,,2.59,3850102011254,HRANA
MILERAM K PLUS 900g 22% MM,90400318,K PLUS,0.90 kg,ko,3.49,3.88,,,3.18,3850334197900,HRANA
ČOKOLADNA FIGURA KINDER 138g,90734750,FERRERO,0.14 kg,ko,1.5,10.87,,,2,8000500390726,HRANA
MLINCI RUSTIKALNI 500G KOGUTEX,90392189,KOGUTEX,0.50 kg,ko,3.99,7.98,,,3.99,3859891148158,HRANA
PRAH ZOE BOSS SLEEP MARSHMALL 200 g,90839921,ZOE,0.20 kg,ko,27.99,139.95,,,27.99,3856026709802,HRANA
BOMBON SUPER MINT 350g LIKING,04194474,LIKING,0.35 kg,ko,3.09,8.83,,,3.09,8002415500023,HRANA
RAJČICA DAT ŽUTA 400g ROSSOGARGANO,90730157,ROSSOGARGANO,0.40 kg,ko,,6.2,2.48,2.99,2.99,8033837720713,HRANA
HUMMUS ORIGINAL 180g GURU,90764835,RIBELLA,0.18 kg,ko,,12.5,2.25,2.25,2.25,8606011896377,HRANA
ČAJ KAMILICA FILT 20X1G,90267920,SLOVA,0.02 kg,ko,0.55,27.5,,,0.55,3850334596123,HRANA
PAHULJICE LINO PILLOWS WHITE 250 g,90869779,LINO,0.25 kg,ko,3.49,13.96,,,3.49,3856020278656,HRANA
BOMBON HERBA RIB-AMER.SL 90g,90135331,ŠUMI,0.09 kg,ko,1.19,13.22,,,1.19,3838700041156,HRANA
DESERT ORG GERBER MAN/KIVI/KOK 4X90g,90707561,GERBER,0.36 kg,ko,3.99,11.08,,,3.99,7613287257901,HRANA
SUPER KEFIR PISTACIJA 330 g VINDIJA,90890476,Z BREGOV,0.33 kg,ko,1.49,4.52,,,1.59,3850108036985,HRANA
DESERT KINDER SCHOKO BONS T1 46 g,90869753,FERRERO,0.05 kg,ko,2.09,45.43,,,1.89,4008400284620,HRANA
UMAK PESTO SUŠENE RAJČ 190g SACLA,01490566,SACLA,0.19 kg,ko,3.59,18.89,,,3.59,8001060001855,HRANA
BOMB PJENASTI PINK&WHITE 60G BEBETO,90210652,BEBETO,0.06 kg,ko,0.89,14.83,,,0.86,8690146101284,HRANA
BOMBON GUM NARANČ ĐUMBIR HERBA ŠUMI 90g,90135326,ŠUMI,0.09 kg,ko,1.39,15.44,,,1.39,3838700041163,HRANA
KAŠICA HIPP OBROK PURETINA 190g,03140093,HIPP,0.19 kg,ko,,8.89,1.69,1.99,1.99,9062300131298,HRANA
SENDVIČ ŠUNKA SIR 140 g EUROCHEF,90825711,EUROCHEF,0.14 kg,ko,2.29,16.35,,,2.29,8033524203000,HRANA
TIJESTO REZ S MRK JAJ MAMINI 400g KOLEDA,90670116,KOLEDA,0.40 kg,ko,2.25,5.63,,,2.25,3859888433526,HRANA
PAPAR  CRVENI ZR 15g VEGETA MAESTRO,90484241,VEGETA MAESTRO,0.02 kg,ko,1.49,99.33,,,1.49,3856020247041,HRANA
SOK OD LIMETE 200ml LIMMI,90363810,LIMMI,0.20 l,ko,1.45,7.25,,,1.45,8020542112032,HRANA
NAMAZ BRUSK CRNA MASL 100g AGROMONTE,90814797,AGROMONTE,0.10 kg,ko,3.99,39.9,,,3.99,8032817244546,HRANA
SOL S POV I ZAČ ZA MESO 200g SOLANA,90731122,SOLANA PAG,0.20 kg,ko,1.69,8.45,,,1.59,3859888155572,HRANA
KAŠICA HIPP BIO JABUKA MALINA 160g,90706629,HIPP,0.16 kg,ko,1.75,10.94,,,1.75,4062300441514,HRANA
LUK GRANULE 60g SOTINAC,90750974,OPG SOTINAC,0.06 kg,ko,1.19,19.83,,,1.19,3859893718281,HRANA
BOMBON GUM MATCHA 125 g BEAUTY SW,90880111,BEAUTY SWEETIES,0.13 kg,ko,2.89,23.12,,,2.89,4260278368110,HRANA
POLI GREEN MINI 220 g,90875390,POLI,0.22 kg,ko,3.99,18.14,,,3.99,3850220440486,HRANA
JUHA DOMAĆA KOKOŠJA 45g ALEVA,90403435,ALEVA,0.05 kg,ko,0.69,15.33,,,0.69,8600947036753,HRANA
PAPRIKA S AROMOM DIMA 25G KOTANYI,90185490,KOTANYI,0.03 kg,ko,0.99,39.6,,,0.99,9001414019269,HRANA
DESERT NESTLE FITN ČOK 23.5g,04221470,NESTLE ŽITAR,0.02 kg,ko,0.89,37.87,,,0.83,5900020008121,HRANA
OCAT JABUČNI 500ml PONTI,90363507,PONTI,0.50 l,ko,2.69,5.38,,,2.49,8001010038801,HRANA
TORTA SMRZNUTA MEDENA 800 g,90830073,SLATKO I SLANO,0.80 kg,ko,11.99,14.99,,,11.99,3870218003653,HRANA
ĐUMBIR MLJEVENI 24g KOTANYI,90405959,KOTANYI,0.02 kg,ko,1.29,53.75,,,1.29,9001414204221,HRANA
UMAK CHINESE CHILLI 355g MAGGI,90814873,MAGGI,0.36 kg,ko,4.99,14.06,,,4.99,8445291538672,HRANA
KURKUMA MLJEVENA SPICE CHEF 60g MLIN,90409991,SPICE CHEF,0.06 kg,ko,1.99,33.17,,,1.99,3850334134004,HRANA
ČAJ KAMILICA 40G,90404280,SUBAN,0.04 kg,ko,2.65,66.25,,,2.65,3858882912327,HRANA
MUESLI LINO MULTIGRAIN/JAGODA 150 g,90874773,LINO,0.15 kg,ko,2.79,18.6,,,2.79,3856020277253,HRANA
CRISPY POH CURRY 70 g KOTANYI,90890072,KOTANYI,0.07 kg,ko,1.89,27,,,1.89,9001414238042,HRANA
RIŽA VENERE 500g SCOTTI,90599803,RISO SCOTTI,0.50 kg,ko,3.39,6.78,,,3.39,8001860187735,HRANA
 JUHA POVR NOODLES 75g INDOMIE,90697946,INDOMIE,0.08 kg,ko,0.65,8.67,,,0.66,089686170313,HRANA
MJEŠ ZAČ ZA POVRĆE 55G SPICE CHEF,90725480,SPICE CHEF,0.06 kg,ko,1.5,27.27,,,1.99,3850334070227,HRANA
KAŠICA HIPP BIO ŠLJIVA KRUŠKA 160g,90706619,HIPP,0.16 kg,ko,1.75,10.94,,,1.75,4062300441170,HRANA
PAPALINA DIM ČILI 160 G/112 g BANGA,90886127,BANGA,0.11 kg,ko,2.99,26.7,,,2.99,4751017407417,HRANA
KEKS JIMMY VANILIJA 135 g,90887283,JIMMY FANTASTIC,0.14 kg,ko,2.69,19.93,,,2.69,8600939843635,HRANA
ČOKOLADA PUNJ KIKIRIKI  60 g NELINO,90899986,NELINO,0.06 kg,ko,1.49,24.83,,,1.99,8606018945320,HRANA
BRUSCHETTE CHEDDAR/VRHNJE 140g MARET,90887348,MARETTI,0.14 kg,ko,1.59,11.36,,,1.59,3800237480586,HRANA
SLAD GELATISSIMO ČOKOLADA 700 ml,90900015,GELATISSIMO,0.70 l,ko,2.29,3.27,,,2.29,3850334433923,HRANA
SIR RIBANI PIZZA MIX 200 g VINDIJA,90890523,Z BREGOV,0.20 kg,ko,3.69,18.45,,,3.69,3850108055641,HRANA
ČIPS HRUSTY TUBA PAPRIKA100 g,90887120,HRUSTY,0.10 kg,ko,,11.9,1.19,1.49,1.49,3838900821008,HRANA
KEKS SPEC M DOMINO KOCKE BIJEL 125 g,90879820,SPECIAL MOMENTS,0.13 kg,ko,1,8,,,1.99,3850334436870,HRANA
TIJESTO ORECCHIETTE 500 g BRAGAGNOLO,90894651,BRAGAGNOLO,0.50 kg,ko,1.99,3.98,,,1.99,8004350138477,HRANA
UMAK RAJČICA CHERRY 330 g AGROMONTE,90886576,AGROMONTE,0.33 kg,ko,3.99,12.09,,,3.99,8032817240319,HRANA
GRIS NATUR 200 g VINDIJA,90880076,Z BREGOV,0.20 kg,ko,0.99,4.95,,,0.99,3850108048001,HRANA
SIR NAM ABC 200g BELJE,02103154,ABC,0.20 kg,ko,,9.95,1.99,1.99,2.39,3856015324177,HRANA
PALENTA MAXX 540g  FRANCK,04030846,FRANCK,0.54 kg,ko,1.39,2.57,,,1.39,3858881083882,HRANA
TJEST TAGLIAT TIKVA 400g PEREC,90750967,OPG PEREC,0.40 kg,ko,2.99,7.48,,,2.99,3859894123053,HRANA
MASLINE ZELENE OTKOŠ ILIADA 370g,90355205,ILIADA,0.37 kg,ko,4,10.81,,,4.49,5201043115927,HRANA
TIJESTO PENNE RIG MEZZE 500g ZARA,90800307,PASTA ZARA,0.50 kg,ko,1.59,3.18,,,1.59,8004350130600,HRANA
PECIVO MLIJEČNO DULCESOL 210 g,90869647,DULCESOL,0.21 kg,ko,1.09,5.19,,,1.09,8410087335797,HRANA
TORTELLINI SIR 250 g PASTIFICIO,90890602,PASTIFICIO BOLOGNESE,0.25 kg,ko,1.99,7.96,,,1.99,8058951350097,HRANA
ZAČIN MEXICO CHILI CON CARNE 25g VR KOTANYI,04100247,KOTANYI,0.03 kg,ko,1.69,67.6,,,1.69,9001414010150,HRANA
KREMA OD CRNIH TARTUFA 40 g ZIGANTE,90800758,ZIGANTE,0.09 kg,ko,15.99,177.67,,,15.99,3858891983165,HRANA
SNACK GRANA PADANO 20 gX5 AGRIFORM,90886293,AGRIFORM,0.10 kg,ko,3.79,37.9,,,3.79,8003518106716,HRANA
GRIS ČOKOLADA 200 g VINDIJA,90880073,Z BREGOV,0.20 kg,ko,0.99,4.95,,,0.99,3850108048100,HRANA
SLAD GELATISSIMO FORTE KARAM 1650 ml,90900017,GELATISSIMO,1.65 l,ko,4.99,3.02,,,4.99,3850334437419,HRANA
SLAD HAAGEN DAZ MAC JAG MAL 420 ml,90886399,HAAGEN DAZS,0.42 l,ko,7.49,17.83,,,7.49,3415583001837,HRANA
BRANCIN SVJ  OČIŠ MAP 720 g ,90485226,CROMARIS,0.72 kg,ko,12.49,17.35,,,9.29,3858890596786,HRANA
SLAD CROCCANTINO 500 ml,90900116,CROCCANTINO,0.50 l,ko,9.99,19.98,,,9.99,3859894052063,HRANA
FISH CHIPS CLASSIC 250 g,90890528,PANONA MARE,0.25 kg,ko,3.99,15.96,,,4.49,3858889834424,HRANA
JUN LOPATICA BK MARTINJAK,90295401,,1.00 kg,kg,9.89,9.89,,,9.89,3859893702648,HRANA
ŽV GUMA CHUPA CHUPS TONG PAINT 27.6g,90599966,CHUPA CHUPS,0.20 kg,ko,0.59,2.95,,,0.59,80838920,HRANA
SIR NAM ABC 100g BELJE,02102802,ABC,0.10 kg,ko,1.35,13.5,,,1.15,3856015324153,HRANA
JABUKA 2 kg,90825264,,2.00 kg,ko,2.19,1.1,,,2.19,3856028689287,HRANA
PILEĆI MEDALJONI CEKIN 400g,90707053,CEKIN,0.40 kg,ko,6.29,15.73,,,4.89,3850159112850,HRANA
MLIJ NAM DUKATELA ORIGINAL 70 G,02100610,DUKATELA,0.07 kg,ko,0.99,14.14,,,0.79,3850354015055,HRANA
AJVAR LJUTI 690g PODRAVKA,01480011,PODRAVKA,0.69 kg,ko,,5.78,3.99,3.99,3.79,3850104050572,HRANA
MLIJEKO UHT K PLUS 1L 2.8%,90182947,K PLUS,1.00 l,ko,,0.69,0.69,0.69,0.79,3850334544636,HRANA
VRHNJE KISELO K PLUS 180G 12%,90182943,K PLUS,0.18 kg,ko,0.69,3.83,,,0.69,3850334544605,HRANA
SIR SVJ ZAGREB PRESIDENT 375g,02398982,PRESIDENT,0.38 kg,ko,2.99,7.97,,,2.39,3850355002498,HRANA
JOGURT Z BREGOV 2.8% 200g VINDIJA,02330053,Z BREGOV,0.20 kg,ko,0.49,2.45,,,0.49,3850108030020,HRANA
KELJ,01400531,,1.00 kg,kg,1.09,1.09,,,1.59,3850334173027,HRANA
PORILUK,01401857,,1.00 kg,kg,1.99,1.99,,,1.99,3850334173225,HRANA
MLIJEKO UHT 2.8% MM + D VIT 1l TE,90486605,VINDIJA,1.00 l,ko,,0.94,0.94,0.94,1.02,3850108021295,HRANA
MLIJEKO ČOKOLADNO 200ML DUKAT,02230375,DUKAT,0.20 l,ko,0.99,4.95,,,0.99,3850354002239,HRANA
MLIJEČNI DESERT KINDER MILCH SCH 28g,02324048,FERRERO,0.03 kg,ko,0.75,26.79,,,0.69,40084794,HRANA
POLIKO PREMIUM 500g VINDIJA,02039371,CEKIN,0.50 kg,ko,2.79,5.58,,,2.79,3850159125010,HRANA
VRHNJE KISELO 12% M.M. 180g KRAVICA,90485426,KRAVICA KRALJICA,0.18 kg,ko,0.99,5.5,,,0.69,3856015324375,HRANA
KEKS DOMAĆICA KOKOS 275g KRAŠ,90518216,DOMAĆICA,0.28 kg,ko,,9.05,2.49,3.49,3.19,3850102521388,HRANA
ŠTAPIĆI SLANI SALTAS 45g,90076231,SALTAS,0.05 kg,ko,0.55,12.22,,,0.49,3856014112881,HRANA
PAŠTETA PIKETA JETRENA  95G AL,90166124,PIKETA,0.10 kg,ko,1.19,12.53,,,1.19,3850104277795,HRANA
TEL LOPATICA SK MARTINJAK DOMAĆA,90669288,MARTINJAK,1.00 kg,kg,12.59,12.59,,,10.49,3859893702495,HRANA
PRIPRAVAK ZA ŠLAG HOPLA 500ml,90303677,HOPLA,0.50 l,ko,2.89,5.78,,,2.39,8000005045169,HRANA
VRHNJE ZA KUH 200ml BEZ LAKT Z BR,90732931,Z BREGOV,0.20 l,ko,1.49,7.45,,,1.49,3850108033472,HRANA
PRIPRAVAK ZA ŠLAG CREME PATISS 200ml,90707699,MEGGLE,0.20 l,ko,1.19,5.95,,,1.19,8585002510600,HRANA
KAŠA JEČMENA 1kg BIVITA BOŽJAKOVINA,04065003,BOŽJAKOVINA,1.00 kg,ko,1.29,1.29,,,1.29,3859888540545,HRANA
DESERT BISKV KIDSWORLD MILKSNACK 28g,90880184,KIDSWORLD,0.03 kg,ko,0.46,16.43,,,0.46,8595588201373,HRANA
TIJESTO CHLORELLE 250 g MARODI,90890023,MARODI,0.25 kg,ko,2.99,11.96,,,2.99,3859894191137,HRANA
DESERT MILKA WAFFELINI MILK  31 g,90889956,MILKA,0.03 kg,ko,0.89,28.71,,,0.79,7622202288142,HRANA
SNACK TARALLINI 20 g PARMAREGGIO,90886289,PARMAREGGIO,0.02 kg,ko,1.49,74.5,,,1.49,8010721985649,HRANA
ORADA DIVLJA PAKIRANA,90266086,,1.00 kg,kg,8.79,8.79,,,8.79,,HRANA
PROT PUD ŠLAG VAN ACTIV ZONE 4X115g,90900125,ACTIVE ZONE,0.46 kg,ko,2.49,5.41,,,2.49,3838900836811,HRANA
MIX NESCAFE 3U1 24/1 XXL 372 g,90914996,NESCAFE,0.37 kg,ko,4.79,12.88,,,4.79,8445291261006,HRANA
NAPITAK BADEM BIO ACTIVE ZONE 1 l,90895339,ACTIVE ZONE,1.00 l,ko,,1.19,1.19,1.69,1.99,3850334432995,HRANA
BOMBONI GUMEN SOUR WORMS 80 g BEBETO,90887328,BEBETO,0.08 kg,ko,0.99,12.38,,,0.99,8690146659112,HRANA
SLAD GELATISSIMO FORTE VOĆNI 1650 ml,90900019,GELATISSIMO,1.65 l,ko,4.99,3.02,,,4.99,3850334437396,HRANA
SIR TVRDI KRAVLJI 1/4 KRALJEVSKI,90920146,KRALJEVSKI,1.00 kg,kg,13.99,13.99,,,13.99,,HRANA
MIX JACOBS 2U1 12.40 g,90914650,JACOBS,0.01 kg,ko,0.5,40.32,,,0.5,8711000578513,HRANA
KUNIĆ SA GLAVOM 1.5 kg,90407312,AIA,1.00 kg,kg,10.99,10.99,,,7.49,,HRANA
SIR TVRDI KRAVLJI KOLUT KRALJEVSKI,90920135,KRALJEVSKI,1.00 kg,kg,13.99,13.99,,,13.99,,HRANA
SVINJSKE GULAŠ KOCKE 400 g MAP,90920495,DILMAR,0.40 kg,ko,3.49,8.73,,,3.49,3859894430076,HRANA
BOMBON ŽELE FRUIT JELLIES 300g LIKING,90600696,LIKING,0.30 kg,ko,3.65,12.17,,,3.65,8002415730017,HRANA
PAPRIKA REZANA 280g DOORA,90704250,DOORA,0.28 kg,ko,2.39,8.54,,,2.39,3858894541706,HRANA
KAŠ HIPP OBROK ŠPAG BOLOG 250g,90036609,HIPP,0.25 kg,ko,2.79,11.16,,,2.79,4062300375178,HRANA
MUFFIN SUNNY DUPLA ČOKOLADA 30gX2KOM,90705707,SUNNY,0.06 kg,ko,0.49,8.17,,,0.49,3850334043320,HRANA
TORTILLA PŠEN ŽITARICE 6/1 370g MISSION,90819842,MISSION,0.37 kg,ko,3.29,8.89,,,2.99,8710637105390,HRANA
KAVA ZA FIL APAR 250g ANAMARIA,04070206,ANAMARIA,0.25 kg,ko,7.49,29.96,,,5.99,3858881770225,HRANA
ULJE MASLI EX DJ  GRANFRUT 500ml MONINI,90377966,MONINI,0.50 l,ko,7.99,15.98,,,10.49,80056591,HRANA
KOKICE SLANE 100g BOBI,90826533,BOBI,0.10 kg,ko,1.29,12.9,,,1.29,3858891590943,HRANA
KEKS PARIS ČOKOLADA 225g KOESTLIN,90344319,PARIS,0.23 kg,ko,2.09,9.29,,,1.89,3856014122712,HRANA
ČAJ ENGLISH BREAKFAST 25X2g AHMAD,90678488,AHMAD,0.05 kg,ko,2.39,47.8,,,2.39,0054881005906,HRANA
ČAJ METVICA 20X1.5g NATURAVITA,90212984,NATURAVITA,0.03 kg,ko,,41,1.23,1.55,1.55,3858884090542,HRANA
KOCKA KOKOŠJA PODRAVKA 80G,90168549,PODRAVKA,0.08 kg,ko,1.79,22.38,,,1.79,3850104274879,HRANA
MUŠKAT ORAŠ MLJEV 50g BOČ KOTANY,04100218,KOTANYI,0.05 kg,ko,4.89,97.8,,,4.89,9001414040300,HRANA
TJEST RIGATONI MINI 400g ZLATO POLJE,90769973,ZLATO POLJE,0.40 kg,ko,1.99,4.98,,,1.99,3838700330076,HRANA
ČAJ IMUNO 20/1 50g PODRAVKA,90733263,PODRAVKA,0.05 kg,ko,2.85,57,,,2.85,3838700168181,HRANA
TIJESTO PUŽIĆI JAJ 400g KOLEDA,90060208,KOLEDA,0.40 kg,ko,2.25,5.63,,,2.25,3859888433281,HRANA
PAPAR ŠARENI FAMILY PACK 50g KOTANYI,90824806,KOTANYI,0.05 kg,ko,2.35,47,,,2.15,9001414007358,HRANA
ODOJAK PIVAC,02400935,,1.00 kg,kg,7.99,7.99,,,7.99,3858881616912,HRANA
KEKS OREO MLJEVENI 300g,90373123,OREO,0.30 kg,ko,3.29,10.97,,,3.29,7622210748737,HRANA
KOLAČ BROWNIE XXL 225 g JAFFA,90909823,JAFFA,0.23 kg,ko,1.5,6.67,,,1.99,8600114010050,HRANA
LUK SREBRENAC,01408533,,1.00 kg,kg,1.79,1.79,,,2.69,3850334386205,HRANA
JOGURT Z BREGOV TTOP 2.8% 200g,90370119,Z BREGOV,0.20 kg,ko,0.49,2.45,,,0.49,3850108032505,HRANA
LIGNJA PATAGONICA KOL I KR OCEAN 400g,90518611,OCEAN,0.40 kg,ko,3.59,8.98,,,5.49,3850334396242,HRANA
PAŠTETA TUNA 100 g,90427982,GAVRILOVIĆ,0.10 kg,ko,1.95,19.5,,,1.85,3858890207620,HRANA
PANCETA DIMLJ KOCKICE NAR 2X70g,90240558,MONTORSI,0.14 kg,ko,2.59,18.5,,,2.49,80639749,HRANA
POPCORN K PLUS HRUSTY SLANI 3X100g,04146103,HRUSTY,0.30 kg,ko,,3.63,1.09,1.39,1.39,3838900841839,HRANA
KRUH SENDVIČ BIJELI 650g PAK KLARA,90598061,KLARA,0.65 kg,ko,1.65,2.54,,,1.65,3856016906709,HRANA
ČIPI ČIPS PAPRIKA 190g FRANCK,01310533,ČIPI ČIPS,0.19 kg,ko,2.99,15.74,,,2.99,3856021300646,HRANA
SIR TVRDI RIBANAC 100g PRESIDENT,90573619,PRESIDENT,0.10 kg,ko,3.29,32.9,,,3.29,3850355007622,HRANA
PIL PRSA BEZ KOŽE NA POD VINDIJA,02431402,CEKIN,1.00 kg,kg,7.89,7.89,,,7.89,3850159110122,HRANA
NAPITAK BADEM BEZ ŠEĆ 1L ALPRO,90081448,ALPRO,1.00 l,ko,3.79,3.79,,,3.79,5411188112709,HRANA
PECIVO ŽEMLJA PRIMORSKA 100g MLINAR,04010028,MLINAR,0.10 kg,ko,0.89,8.9,,,0.89,3858881122956,HRANA
KRUH BIJELI 500g PAK KLARA,90675427,KLARA,0.50 kg,ko,1.15,2.3,,,1.15,3856016906716,HRANA
SIR POLUTV DOMAĆI 300g PRESIDENT,90573737,PRESIDENT,0.30 kg,ko,5.99,19.97,,,5.49,3850355007202,HRANA
DESERT RAFAELO 4X16X4 40g,04220023,FERRERO,0.04 kg,ko,1.29,32.25,,,1.19,5413548040639,HRANA
NAMAZ LINO LADA GOLD 350g PODRAVKA,90319741,LINO LADA,0.35 kg,ko,3.99,11.4,,,3.99,3856020213572,HRANA
ŠUNKA U OVITKU PODRAVKA,02039152,PODRAVKA,1.00 kg,kg,7.99,7.99,,,7.79,3850104038518,HRANA
TORTELINI SA SIROM 500g MINUTE,90729785,MINUTE,0.50 kg,ko,2.95,5.9,,,2.95,3850334053886,HRANA
NAMAZ RIO MARE TUN 100g TUB,02195129,RIO MARE,0.10 kg,ko,3.59,35.9,,,3.59,8004030069008,HRANA
ŠUNKA OD BUTA K PLUS 150g  NAR,90316212,K PLUS,0.15 kg,ko,,12.73,1.91,2.39,2.39,3850334379108,HRANA
JOGURT BALANS+ 1kg PET,90513128,BALANS+,1.00 kg,ko,2.25,2.25,,,2.25,3870199002720,HRANA
SV NOGICE  ,02402185,PIK VRBOVEC,1.00 kg,kg,,1.19,1.19,1.99,2.15,3850139280135,HRANA
KEKS GRANCEREALE ČOKOLADA 230g,04150462,BARILLA,0.23 kg,ko,2.85,12.39,,,2.85,8076809540155,HRANA
KEKS DOMAĆICA MULTIGRAIN 275g KRAŠ,90704764,DOMAĆICA,0.28 kg,ko,,9.05,2.49,3.49,3.19,3850102006830,HRANA
ULJE MASLIN EX DJEV 0.25L OL ISTRIA,90346264,OL ISTRIA,0.25 l,ko,9.69,38.76,,,8.79,3858881192485,HRANA
MLIJEKO UHT K PLUS 1L 3.5%,90731610,K PLUS,1.00 l,ko,1.09,1.09,,,1.09,3850334570819,HRANA
MAK MLJEVENI 200 g SWEET CHEF,90513373,SWEET CHEF,0.20 kg,ko,1.59,7.95,,,1.59,3838900802441,HRANA
TUNJ U MASL ULJ 3X52g RIO MARE,02195487,RIO MARE,0.16 kg,ko,5.89,37.76,,,5.89,8004030345775,HRANA
KAKAO KRAŠ EXPRES SP 800g KRAŠ,04211196,KRAŠ EXPRESS,0.80 kg,ko,6.99,8.74,,,6.99,3850102126927,HRANA
JANJETINA PIVAC,02470138,,1.00 kg,kg,11.99,11.99,,,10.99,3858881616790,HRANA
MED CVJETNI 900g,90472809,SLOVA,0.90 kg,ko,,4.43,3.99,5.69,6.49,3838900986301,HRANA
VRHNJE KISELO 20% 200g DUKAT,02334128,BRZO&FINO,0.20 kg,ko,1.29,6.45,,,1.19,3850354002055,HRANA
TUNJ KOMADI NATURALE 120g RIO MARE,90130156,RIO MARE,0.12 kg,ko,3.95,32.92,,,3.95,8004030595033,HRANA
KAVA DOLCE GUS CORT ESP MACC 16/1 100.8g,90096977,DOLCE GUSTO,0.10 kg,ko,6.49,64.38,,,6.49,7613032827014,HRANA
JOGURT 2.8%MM 500G  PET VINDIJA,90513984,Z BREGOV,0.50 kg,ko,1.59,3.18,,,1.55,3850108037371,HRANA
KOMPOT GARDEN GOOD VOĆNA SALATA 500g/820g,90673223,GARDEN GOOD,0.50 kg,ko,2.99,5.98,,,2.99,3838900825952,HRANA
DESERT LION BIJELI 42g NESTLE,90071125,LION,0.04 kg,ko,1.35,32.14,,,1.35,7613031006267,HRANA
ŽELIN 75g PODRAVKA,90039512,DOLCELA,0.08 kg,ko,2.59,34.52,,,2.59,3850104259333,HRANA
AJVAR BLAGI OD PEČENE PAPRIKE 290g PODRAVKA,90623010,PODRAVKA,0.29 kg,ko,5.19,17.9,,,5.19,3856020253714,HRANA
KEČAP LJUTI 500g K PLUS,90704282,K PLUS,0.50 kg,ko,1.59,3.18,,,1.59,3850334044853,HRANA
MAKARON NAPOLITANA 160g TALIAN POD,04050904,TALIANETTE,0.16 kg,ko,2.49,15.56,,,2.49,3850104230981,HRANA
JOGURT ACTIVIA MIX JAGODA 168g,90602760,ACTIVIA,0.17 kg,ko,1.55,9.23,,,1.55,5941209010139,HRANA
ČIPS PRINGLES SIR ONION 165g,90123134,PRINGLES,0.17 kg,ko,3.49,21.15,,,3.49,5053990101535,HRANA
BUT PEČENI SLJEME 1/2 VAK,90300314,SLJEME,1.00 kg,kg,6.99,6.99,,,6.99,3850139350326,HRANA
KEKS MILKA CHOCO COW 120g,90166762,MILKA,0.12 kg,ko,2.25,18.75,,,2.25,7622300864057,HRANA
MRAMORNI KUGLOF 400g,04140169,JOMO,0.40 kg,ko,2.89,7.23,,,2.59,9002287000521,HRANA
SOL SOLJENKA 450g PVC SOLANA PAG,90068784,SOLANA PAG,0.45 kg,ko,1.45,3.22,,,1.45,3859888155831,HRANA
BISKVIT ČOK BOMBONČIĆ 8/1 200 G MR BROWNIE,90764702,MR BROWNIE,0.20 kg,ko,3.49,17.45,,,3.29,8411037892490,HRANA
KEČAP LJUTI 500g PODRAVKA,90116886,PODRAVKA,0.50 kg,ko,1.99,3.98,,,1.99,3850104268915,HRANA
BOMBON HARIBO HAPPY COLA 100g,04340737,HARIBO,0.10 kg,ko,1.59,15.9,,,1.59,9002975323369,HRANA
BOMBON PEZ FRUIT 6-PACK 51g,04191572,PEZ,0.05 kg,ko,1.19,23.33,,,1.19,5997255708322,HRANA
SKYR PROTEIN BRE/MAR 330g Z BREGOV,90732921,Z BREGOV,0.33 kg,ko,1.69,5.12,,,1.69,3850108037517,HRANA
SIR TRAPIST U KORI 400g,90365079,ZDENKA,0.40 kg,ko,6.69,16.73,,,6.69,3858888597559,HRANA
AJVAR DOMAĆI BLAGI 550g DOORA,90765134,DOORA,0.55 kg,ko,8.59,15.62,,,8.59,3858894540334,HRANA
MAJONEZA THOMY VREĆICA 80g,90382168,THOMY,0.08 kg,ko,1.15,14.38,,,1.15,7613287192561,HRANA
KRASTAVAC MINI 250g,90714810,,0.25 kg,ko,1.99,7.96,,,1.79,8606105776073,HRANA
GRAH BIJELI GARDEN GOOD 800/480 g,90854725,GARDEN GOOD,0.48 kg,ko,1.49,3.1,,,1.49,3838900842904,HRANA
ŠUNKA PUREĆA GRAN PODERE,90153338,AIA,1.00 kg,kg,8.99,8.99,,,5,,HRANA
LIZALICA JUICY DROP POP 26g BAZOOKA,90673676,BAZOOKA,0.03 kg,ko,3.29,126.54,,,2.99,5011053013591,HRANA
KAVA JULIUS M PREM ESPRESSO ZRNO 500g,90494380,JULIUS MEINL,0.50 kg,ko,18.99,37.98,,,17.49,9000403800468,HRANA
KAVA ESPRESSO ZRNO 1kg BARCAFFE,90301227,BARCAFFE,1.00 kg,ko,24.99,24.99,,,22.99,3838975531673,HRANA
MUESLI RISE&SMILE VOĆE 750g,90726292,RISE&SMILE,0.75 kg,ko,,3.03,2.27,2.85,2.85,3850334045447,HRANA
KAKAO BENQUICK BOX 400g,04189004,BENQUICK,0.40 kg,ko,3.49,8.73,,,3.49,3838900030059,HRANA
MUESLI KNUSPER DUPLA ČOK 300g VITALI,90042038,VITALIS,0.30 kg,ko,4.19,13.97,,,4.19,4000521010256,HRANA
PLATA DALMATINSKA 8 KONZUM,90204670,,0.83 kg,ko,19.91,23.89,,,19.91,,HRANA
MINI ROLLS PILETINA SIR 500g LEDO,90669542,LEDO,0.50 kg,ko,4.69,9.38,,,4.69,3850116054063,HRANA
MED BAGREM 350g PET,04133041,PIP,0.35 kg,ko,5.71,16.31,,,5.71,3858886100065,HRANA
AFTER EIGHT ORANGE MINTS 200g,90485477,AFTER EIGHT,0.20 kg,ko,4.99,24.95,,,4.99,7613287290748,HRANA
BRAŠNO PŠEN PIZZA 1kg ČAK MLIN,90568217,ČAK MLINOVI,1.00 kg,ko,1.59,1.59,,,1.59,3858884175751,HRANA
PAPAR CRNI ZRNO 50g KOTANYI,90412432,KOTANYI,0.05 kg,ko,2.35,47,,,2.35,9001414707364,HRANA
CAPPUCCINO NESCAFE CHOCO 8/1 112 g,90869935,NESCAFE,0.11 kg,ko,,26.7,2.99,3.99,2.99,8445291532090,HRANA
RAJČICA KONCEN TUBA 130g MUTTI,01570937,MUTTI,0.13 kg,ko,1.79,13.77,,,1.69,80042532,HRANA
PALENTA 200g FRANCK,04030973,FRANCK,0.20 kg,ko,0.89,4.45,,,0.89,3858881086456,HRANA
ČAJ VRUĆI ĐUMBIR S LIMUNOM 40g PODRA,90308250,PODRAVKA,0.04 kg,ko,2.45,61.25,,,2.45,3856020205331,HRANA
MINI ROLLS ŠPINAT SIR 500g LEDO,90669547,LEDO,0.50 kg,ko,4.69,9.38,,,4.69,3850116054124,HRANA
BOMBON GUM LUBENICA 80g SOUR PATCH ,90825676,SOUR PATCH,0.08 kg,ko,1.09,13.63,,,1.09,7622210796844,HRANA
ČOKOLADA MLIJEČNA S BADEMIMA.BŠ 80g KANDIT,90360994,NO GUILT,0.08 kg,ko,3.49,43.63,,,3.49,3858889868948,HRANA
PAŠTETA PILEĆA K PLUS 50g,90153840,K PLUS,0.05 kg,ko,0.49,9.8,,,0.5,3850334529947,HRANA
MLIJEKO KISELO ZB 3.2% 200g VINDIJA,02330150,Z BREGOV,0.20 kg,ko,0.75,3.75,,,0.75,3850108031645,HRANA
SIR SVJ S VRHNJEM 500g KRAVICA,90713402,KRAVICA KRALJICA,0.50 kg,ko,3.19,6.38,,,3.19,3856015328960,HRANA
LAN MLJEVENI BIO ZONE 400 g,90824900,BIO ZONE,0.40 kg,ko,,3.7,1.48,1.65,1.65,3838900841044,HRANA
KAVA SELEZIONE ESPR ZRNO 1kg SEGAFREDO,90205578,SEGAFREDO,1.00 kg,ko,25.49,25.49,,,23.09,9001810003701,HRANA
KAVA LEDENA CAPPUCCINO 250ml Z BREGOV,90724896,Z BREGOV,0.25 l,ko,1.55,6.2,,,1.55,3850108021943,HRANA
JEGER DOMAĆI VAC cca 300g KUDELIĆ,90623474,KUDELIĆ,1.00 kg,kg,13.49,13.49,,,11.59,,HRANA
NAPITAK ZOB 1L DAR,90528254,DAR,1.00 l,ko,2.69,2.69,,,2.69,3850108028027,HRANA
ĐUMBIR 38g STAKLO  KOTANY,04100297,KOTANYI,0.04 kg,ko,3.19,83.95,,,3.19,9001414040201,HRANA
SLAD HAAGEN DAZS MACADAMIA NUT 460ML,90360200,HAAGEN DAZS,0.46 l,ko,7.49,16.25,,,7.49,3415581122831,HRANA
ZAČIN CIMET U KORI VR 10g VEGETA MAESTRO,90453238,VEGETA MAESTRO,0.01 kg,ko,1.19,119,,,1.19,3850104294464,HRANA
TARTUFI CRNI SJECKANI 40 g ZIGANTE,90795081,ZIGANTE,0.04 kg,ko,15.99,399.75,,,15.99,3858891983158,HRANA
EXTRA MIX 500g,90692938,VEDRINI,0.50 kg,ko,6.19,12.38,,,6.19,3858889333866,HRANA
PILEĆI BATAK POD VINDIJA,02434205,CEKIN,1.00 kg,kg,5.79,5.79,,,5.79,3850159110511,HRANA
DESERT DUPLO T5 91g,90352886,FERRERO,0.09 kg,ko,1.89,20.77,,,1.69,4008400300429,HRANA
VJEŠALICA PUNJ SIR I ŠUNK RAW ŠTILJ 400g MAP,90677932,RAW ŠTILJ,0.40 kg,ko,4.19,10.48,,,4.19,3859893373893,HRANA
KOBASICA SRIJEMSKA 300g GAVRILOVIĆ,90725252,GAVRILOVIĆ,0.30 kg,ko,,19.97,5.99,6.39,6.39,3858892725689,HRANA
KOKICE HRUSTY  KANTICA MAXX 240 g,90789849,HRUSTY,0.24 kg,ko,2.99,12.46,,,2.99,3850334114310,HRANA
KRASTAVCI KLASIK 660g PODRAVKA,90139332,PODRAVKA,0.33 kg,ko,2.69,8.15,,,2.49,3850104273957,HRANA
KAŠA HAJDINA 500g ČAKOV MLINOVI,04060086,ČAK MLINOVI,0.50 kg,ko,2.49,4.98,,,2.25,3858884170718,HRANA
MASLINE ZELENE PUNJ PAPR 400G/720ML ZVIJEZDA,01580211,ZVIJEZDA,0.40 l,ko,4.69,11.73,,,4.69,3858882213783,HRANA
NAMAZ KIKIRIKI MASLAC 100%  ACTIVE ZON P+ 500g,90698191,ACTIVE ZONE,0.50 kg,ko,4.99,9.98,,,4.99,3838900827789,HRANA
KAVA DG  AU LAIT 16/1 3PACK 480g,90373528,DOLCE GUSTO,0.48 kg,ko,12.99,27.06,,,12.99,7613287337030,HRANA
NAPITAK PROT ACT ZONE ČOK 350ml,90732217,ACTIVE ZONE,0.35 kg,ko,1.69,4.83,,,1.69,3838900988510,HRANA
ŠLJIVA GG SUHA SOFT BEZ KONZ BK 200g,90363941,GARDEN GOOD,0.20 kg,ko,1.69,8.45,,,1.69,3838900807873,HRANA
RAJČICA SJECKANA 400g ROSSOGARGANO,90571960,ROSSOGARGANO,0.40 kg,ko,1.39,3.48,,,1.39,8033837720003,HRANA
KEKS OREO DOUBLE 157g,90321322,OREO,0.16 kg,ko,2.19,13.95,,,2.19,7622210148483,HRANA
MLIJEKO TRAJNO 0.9%+CA 2L Z BREGOV,02234036,Z BREGOV,2.00 l,ko,2.79,1.4,,,2.79,3850108021264,HRANA
GOUDA SANDWICH 120g REZ DUKAT,90063605,PRESIDENT,0.12 kg,ko,2.79,23.25,,,2.79,3850355007103,HRANA
KOLAČ CAO CAO 45g KLARA,04010180,CAO CAO,0.05 kg,ko,0.89,19.78,,,0.89,3858881324022,HRANA
PAN ODRESCI OD PIL/PUR MESA 220g,90279746,AIA,0.22 kg,ko,2.25,10.23,,,2.25,8008110258719,HRANA
JOGURT ACTIVIA ŽITAR 4X125G,02334232,ACTIVIA,0.50 kg,ko,2.99,5.98,,,2.85,5941209001922,HRANA
ŠTAPIĆI TWISTER HRUSTY SLANI 150g,90433051,HRUSTY,0.15 kg,ko,,11.27,1.69,1.99,1.99,3850334134622,HRANA
UMAK BASILICO MINUTE 400g,90406516,MINUTE,0.40 kg,ko,,4.48,1.79,1.79,2.29,3850334130518,HRANA
ACIDOFIL 3.2% 180g ČAŠA,02334070,DUKAT,0.18 kg,ko,0.69,3.83,,,0.69,3850354001560,HRANA
BAGUETTE SA ZAČIN BILJ 160g MEGGLE,90553564,MEGGLE,0.16 kg,ko,1.99,12.44,,,1.59,4034900032409,HRANA
KIKIRIKI HRUSTY PRŽENI SLANI 200 g,90749946,HRUSTY,0.20 kg,ko,1.39,6.95,,,1.39,3850334415158,HRANA
MIX NES CL 3U1 15.5 g,90800121,NESCAFE,0.02 kg,ko,0.35,22.58,,,0.35,8445291259331,HRANA
TIJESTO REZANCI JAJ 400g KOLEDA,04051250,KOLEDA,0.40 kg,ko,,2.98,1.19,2.25,1.99,3859888433083,HRANA
SIR MEKI CAMEMBERT 250g VINDIJA,02100678,Z BREGOV,0.25 kg,ko,4.99,19.96,,,4.99,3850108051902,HRANA
NAMAZ FINESSE LJEŠNJAK 400 g,90749832,FINESSE,0.40 kg,ko,,4.98,1.99,2.35,2.65,3838900834626,HRANA
PAHULJ CHOCAPIC 375g,04170626,NESTLE ŽITAR,0.38 kg,ko,4.49,11.97,,,4.29,5900020013927,HRANA
PAHULJICE ZOBENE EXTRA 500g BRUEGGEN,04030527,BRUEGGEN,0.50 kg,ko,1.39,2.78,,,1.39,4008713702804,HRANA
BOMBON MENTOL ZELENI 100g KRAŠ,04191990,KRAŠ,0.10 kg,ko,0.89,8.9,,,0.89,3850102215614,HRANA
BOMBON HARIBO MEKANI MEDO 100g,04340685,HARIBO,0.10 kg,ko,1.59,15.9,,,1.59,9002975401111,HRANA
INSTANT KAVA RITUAL GOLD 100 g,90749820,RITUAL,0.10 kg,ko,,35.1,3.51,4.39,4.39,3850334083111,HRANA
DŽEM ŠIPAK 360g PODRAVKA,90572865,PODRAVKA,0.36 kg,ko,2.49,6.92,,,2.29,3856020252212,HRANA
KEFIR 330G VINDIJA,90513959,Z BREGOV,0.33 kg,ko,1.29,3.91,,,1.25,3850108037562,HRANA
TIJESTO RIB KAŠICA JAJ 400g MARODI,04051159,MARODI,0.40 kg,ko,2.59,6.48,,,2.59,3859888666092,HRANA
PAŠTETA KOKOŠJA ARGETA 45g,90047235,ARGETA,0.05 kg,ko,0.99,22,,,0.89,38381423,HRANA
ČIPS PRINGLES SOUR CR&ONION XXL 185g,90732277,PRINGLES,0.19 kg,ko,3.49,18.86,,,3.49,5053990167845,HRANA
ŽV GUMA AIRWAVES GINGER LIME 14g,90713424,WRIGLEY,0.01 kg,ko,0.99,70.71,,,0.99,40099569,HRANA
SALAMA ZIMSKA PODRAVKA 650g,90099142,PODRAVKA,0.65 kg,ko,,13.84,8.99,8.99,8.79,3858886467021,HRANA
PITA S JABUKAMA 500g K PLUS,90366020,K PLUS,0.50 kg,ko,3.98,7.96,,,3.98,3850334189233,HRANA
TIJESTO REZAN USKI DOM JAJ 400g MARO,04057532,MARODI,0.40 kg,ko,2.39,5.98,,,2.39,3859888666016,HRANA
BOMBONJERA MERCI HELLE 250g,04211015,MERCI,0.25 kg,ko,7.99,31.96,,,7.99,4014400901405,HRANA
CROISSANT NUTELLA 4X85 g,90804741,FERRERO,0.34 kg,ko,4.99,14.68,,,5.99,8000500413654,HRANA
KAVA ARABESCA AROMA MLJEVENA 350g,90453528,ARABESCA,0.35 kg,ko,7.79,22.26,,,7.79,3858886803881,HRANA
KINDER SCHOKO BONSI 200g,04221397,FERRERO,0.20 kg,ko,5.89,29.45,,,5.19,5413548283128,HRANA
SIR MEKI BURATA 150g GALBANI,90364836,GALBANI,0.15 kg,ko,3.99,26.6,,,3.99,8000430138931,HRANA
MASLINE ZELENE OTKOŠ 165g ZVIJEZDA,01580214,ZVIJEZDA,0.17 kg,ko,3.19,19.33,,,3.19,3858882213769,HRANA
DATULJA EUROCOMPANY DEGLET NOUR 200g,01310151,EUROCOMPANY,0.20 kg,ko,1.09,5.45,,,1.05,8009750222771,HRANA
JUHA KOK. NOODLES 5x75g FINI MINI ,90599282,FINI MINI,0.38 kg,ko,,7.17,2.69,2.69,2.69,3856020258337,HRANA
MLIJEKO ZAMJ APTAMIL 1 PRONUTRA 800g,90303519,APTAMIL,0.80 kg,ko,21.99,27.49,,,21.99,4056631001226,HRANA
PECIVO KVIKI PERECI 200g PODRAVKA,04145408,KVIKI,0.20 kg,ko,1.79,8.95,,,1.79,3850104007224,HRANA
SIR POLUTV TILZIT 400g DUKAT,90573709,PRESIDENT,0.40 kg,ko,5.39,13.48,,,5.19,3850355007387,HRANA
TIJESTO KRPICE SREDNJE 400g MARODI,90396556,MARODI,0.40 kg,ko,1.89,4.73,,,1.89,3859888666047,HRANA
ČOK. CREMISSIMO KAKAO LJEŠNJAK 40g,90754832,POLLEO,0.04 kg,ko,2.49,62.25,,,2.49,3856026808482,HRANA
BURGER BEYOND 226g,90592978,BEYOND MEAT,0.23 kg,ko,5.99,26.48,,,5.99,1230000068116,HRANA
PUNJENA PLJESKAVICA 400g DILMAR,90648190,DILMAR,0.40 kg,ko,5.29,13.23,,,4.17,3859893373152,HRANA
BRAŠNO K PLUS PŠENIČNO MANITOBA 1kg,90789889,K PLUS,1.00 kg,ko,1.49,1.49,,,1.49,3850334110527,HRANA
DESERT FINESSE TRUFFLES LJEŠNJAK 200g,90825389,FINESSE,0.22 kg,ko,,10.77,2.37,2.79,2.79,3838900830505,HRANA
KAVA ILLY ESPRESSO FIL 250g ,04071063,ILLY,0.25 kg,ko,10.29,41.16,,,9.99,8003753902630,HRANA
TUBA NUTR JAB/KR/BAN/ŽIT  100g,90494057,NUTRINO,0.10 kg,ko,1.05,10.5,,,1.05,8606019650520,HRANA
CROISSANT 7DAYS MINI KAK/VAN 60g,90034912,CHIPITA,0.06 kg,ko,1.09,18.17,,,1.09,7622202214660,HRANA
JELO U ČAŠI PILETINA 65g FINI MINI,90814677,FINI MINI,0.07 kg,ko,1.69,26,,,1.18,3856020270063,HRANA
BOMBON HARIBO MEKANI MEDO 200g,90342861,HARIBO,0.20 kg,ko,2.45,12.25,,,2.45,9002975401210,HRANA
ČEŠNJAK U GRAN ECONOMY 120g KOTANYI,90423165,KOTANYI,0.12 kg,ko,3.95,32.92,,,3.95,9001414008133,HRANA
DESERT RAFFAELLO ZVJEZDICA T4 40g,90051124,FERRERO,0.04 kg,ko,1,25,,,0.5,4008400185521,HRANA
SLAD BEN & JERRY NETFLIX & CHILL 465ml,90483648,BEN & JERRY'S,0.47 l,ko,8.99,19.33,,,8.99,8711327386334,HRANA
MJEŠ ZAČ PILETINA 4 SIRA 32g MAGGI,90048448,MAGGI,0.03 kg,ko,1.49,46.56,,,1.49,7613287119032,HRANA
PEČENICA NAR 80g PIK,90382232,PIK,0.08 kg,ko,2.49,31.13,,,2.49,3850139631425,HRANA
UMAK TERIYAKI 65g MAGGI,90769819,MAGGI,0.07 kg,ko,1.79,27.54,,,1.79,8445291189850,HRANA
PANCETA ISTARSKA 80g HISTRIS,90405216,HISTRIS,0.08 kg,ko,3.49,43.63,,,3.19,3859893167249,HRANA
SIR TVRDI DALMATINAC PAŠKA SIRANA,02051549,PAŠKA SIRANA,1.00 kg,kg,29.99,29.99,,,26.99,3859889426022,HRANA
SIR NAM KAJMAK 200g VERONIKA,02398886,VERONIKA,0.20 kg,ko,3.19,15.95,,,2.99,3859889622103,HRANA
PAPAJA KOCKA EUROCOMPANY 150g,90286930,EUROCOMPANY,0.15 kg,ko,2.69,17.93,,,2.69,3872084010902,HRANA
ORAH MUŠKATNI MLJEV 18g VR KOTANY,04100137,KOTANYI,0.02 kg,ko,2.29,127.22,,,2.29,9001414015391,HRANA
DESERT HANUTA T2 44g FERRERO,90361513,FERRERO,0.04 kg,ko,1,22.73,,,1.19,8000500273555,HRANA
GRISSINI PIZZA 125G AMOR DI PANE,90325480,AMOR DI PANE,0.13 kg,ko,1.29,10.32,,,1.29,8005803010586,HRANA
KREKER RIBICE 200g,90088891,BOBI,0.20 kg,ko,1.89,9.45,,,1.59,3858891590240,HRANA
KEKSI MINI MADELEINES CHOCO 175G,90168018,ST MICHEL,0.18 kg,ko,2.59,14.8,,,2.59,3178530407938,HRANA
GRAŠAK GARDEN GOOD 3x200/3x130g,90707354,GARDEN GOOD,0.39 kg,ko,2.29,5.87,,,2.29,8605028600144,HRANA
SIR POLUTV CHEDDAR RED 200g DUB DAI,90672925,DUBLIN DAIRY,0.20 kg,ko,3.69,18.45,,,3.69,5902431270395,HRANA
CRIJEVO KOLAGENO FI 45MM CROMA,02032091,CROMA,1.00 ko,ko,1.75,1.75,,,1.75,3859890197744,HRANA
BRAŠNO CRNO T-1600 1kg FARINA,04030570,FARINA,1.00 kg,ko,1.09,1.09,,,1.09,3859890160410,HRANA
ČIPS LAY'S OVEN BAKED GRIL VEGE 110g,90720107,PEPSICO,0.11 kg,ko,2.69,24.45,,,2.59,5900259127679,HRANA
JUHA KOKOŠJA BISTRA 58g MAGGI,90483142,MAGGI,0.06 kg,ko,1.09,18.79,,,1.09,7613287259677,HRANA
KAŠ FRUTEK LN VANIL 190g,90029817,FRUTEK,0.19 kg,ko,,6.79,1.29,1.29,1.75,3838945020541,HRANA
SIR TVRDI KRAVLJI 1/8 PAGUS,90247949,PAŠKA SIRANA,1.00 kg,kg,24.99,24.99,,,22.49,3859892884253,HRANA
KAŠA ZOB RISE&SMILE ČOKOLADA 65g,90713246,RISE&SMILE,0.07 kg,ko,,6.62,0.43,0.55,0.55,3850334043474,HRANA
SJEMENKE BUNDEVE HRUSTY SUHO PRŽENE 200g,90553587,HRUSTY,0.20 kg,ko,1.89,9.45,,,1.89,3838900988084,HRANA
CROISSANT MILKA CHOCO 50 g,90874700,MILKA,0.05 kg,ko,1.09,21.8,,,1.09,7622202257186,HRANA
DESERT KINDER DELICE  39gX4kom,90331878,FERRERO,0.16 kg,ko,2.49,15.96,,,2.29,8000500264379,HRANA
TJESTENINA PILETINA I POVRĆE  CUP 60g SAIKEBON,90325253,SAIKEBON,0.06 kg,ko,1.49,24.83,,,1.49,8000050019429,HRANA
BOMBON CEDEVITA KIDS PUC ŠUM VOĆ 5g,90088882,CEDEVITA,0.01 kg,ko,0.49,98,,,0.4,3850322009468,HRANA
PŠENIČNO BRAŠNO T-550 GLATKO 1kg MLIN PUKANIC,90404098,MLIN PUKANIĆ,1.00 kg,ko,0.8,0.8,,,0.8,3859892888138,HRANA
ORAŠČIĆ MIX SEEBERGER 150g,90222663,SEEBERGER,0.15 kg,ko,4.69,31.27,,,4.69,4008258150092,HRANA
KAVA DOLCE GUSTO ESP INT BK 16/1 99.2g,90670456,DOLCE GUSTO,0.10 kg,ko,6.49,65.42,,,6.49,8445290352194,HRANA
FLIPS CLIPSY MAX PILETINA 30 g,90887004,PEPSICO,0.03 kg,ko,0.99,33,,,0.99,8606033741570,HRANA
KARE DIMLJENI SUŠENI PIK VAK,90851196,PIK,1.00 kg,kg,11.99,11.99,,,12.99,3850139285642,HRANA
LIZALICA CHUPA CHUPS MELODY FRU 15g,04271694,CHUPA CHUPS,0.02 kg,ko,0.55,36.67,,,0.55,84196842,HRANA
ČOKOLADA RITTER MARZIPAN 100g,04210171,RITTER SPORT,0.10 kg,ko,2.39,23.9,,,1.79,4000417025005,HRANA
SAVIJAČA TAMNA ČOK VIŠNJA 500g LEDO,90157510,LEDO,0.50 kg,ko,3.99,7.98,,,3.99,3850116103068,HRANA
CAPPUCCINO IRISH CREAM 200g,90139360,ANAMARIA,0.20 kg,ko,2.49,12.45,,,2.49,3858881774308,HRANA
PROIZ NA BILJ BAZI GRČKI STIL 200g,90570554,GREEN VIE,0.20 kg,ko,2.98,14.9,,,2.98,5292874001909,HRANA
NAPITAK LJEŠNJAK 1L ALPRO,90093688,ALPRO,1.00 l,ko,3.89,3.89,,,3.89,5411188110842,HRANA
KAVA NOTA LATTE MACC DG 16/1 198g  FRANCK,90569649,FRANCK NOTA,0.20 kg,ko,,24.14,4.78,5.99,5.99,3850291053028,HRANA
BOMBON CEDEVITA VOĆ MIX XXL 60g,90706174,CEDEVITA,0.06 kg,ko,1.79,29.83,,,1.69,3850322016442,HRANA
ŠUNKA KUHANA 100g BURETIĆ,90514254,BURETIĆ,0.10 kg,ko,3.89,38.9,,,3.89,3859893159466,HRANA
SIR TV KRAVLJI TERANO 230 g SPEC MOM,90829928,SPECIAL MOMENTS,0.23 kg,ko,5.99,26.04,,,5.99,3850334430861,HRANA
SIR TVRDI AROMATIC MIX NA PODL 100g,90380130,PAŠKA SIRANA,0.10 kg,ko,3.19,31.9,,,2.79,3859892884710,HRANA
UMAK PESTO RICOTTA TARTUFI 190g STAR,90669849,STAR,0.19 kg,ko,3.29,17.32,,,3.29,8000050025611,HRANA
KREMA ZA KOLAČE VAN 150g DOLC,90064158,DOLCELA,0.15 kg,ko,1.99,13.27,,,1.99,3850104263637,HRANA
KIKIRIKI JUMBO SUHO PEČENI SLANI 180g,90770870,JUMBO,0.18 kg,ko,1.69,9.39,,,1.69,8606015852676,HRANA
KAVA BARCAFFE BLACK&EASY STRONG 10g,90443020,BARCAFFE,0.01 kg,ko,0.39,39,,,0.39,3838471041430,HRANA
PUDING VANILIJA BOURBON 37g PODRAVKA,04180936,DOLCELA,0.04 kg,ko,0.99,26.76,,,0.99,3850104249471,HRANA
ČAJ NARANČA CIMET KLINČIĆ PODR 50g,90055406,PODRAVKA,0.05 kg,ko,2.29,45.8,,,2.06,3850104263279,HRANA
TOAST DULCESOL 820 g,90869650,DULCESOL,0.82 kg,ko,2.49,3.04,,,2.49,8410087413945,HRANA
SVJEŽE FETTUCCINE 250G AURELIA,90229197,AURELIA,0.25 kg,ko,2.19,8.76,,,2.19,3859892780401,HRANA
PAPAR ŠARENI VREĆ 16g KOTANY,04100826,KOTANYI,0.02 kg,ko,1.49,93.13,,,1.49,9001414015117,HRANA
NAMAZ HUMMUS MASLINE 200g RIBELLA,90674434,RIBELLA,0.20 kg,ko,,11.25,2.25,2.25,2.25,8606011895677,HRANA
DESERT KINDER LOVE MINI SEZONA 107g,90571832,FERRERO,0.11 kg,ko,3,28.04,,,3,8000500428672,HRANA
PAŠTETA JETRENA K PLUS 50g,90153729,K PLUS,0.05 kg,ko,0.49,9.8,,,0.5,3850334529916,HRANA
KRISPI ŠVEDSKI BŠ 225g,90169213,PAGEN KRISPR,0.23 kg,ko,2.89,12.84,,,2.89,7311070331318,HRANA
BRAŠNO KUKURUZNO 1kg ČAKOVEČKI MLIN,04030199,ČAK MLINOVI,1.00 kg,ko,1.59,1.59,,,1.39,3858884170169,HRANA
BOMBONIJERA TOFFIFEE WHITE CHOCO 125g,90698803,TOFFIFEE,0.13 kg,ko,2,16,,,2.99,4014400932959,HRANA
JOGURT TEK 2.8% M.M .330g PET KRAVICA,90570330,KRAVICA KRALJICA,0.33 kg,ko,1.35,4.09,,,1.35,3856015324405,HRANA
MLIJEKO ZAMJ NAN COMFOR 1 800g,90437986,NAN,0.80 kg,ko,19.59,24.49,,,19.59,7613034965790,HRANA
BOMBONI MENTOL LEDENI 100g KANDIT,90031393,KANDIT,0.10 kg,ko,0.96,9.6,,,0.96,3858881043503,HRANA
KAVA DOLCE GUSTO ESPRESSO 16/1 88g,90568682,DOLCE GUSTO,0.09 kg,ko,6.49,73.75,,,6.49,7613037931136,HRANA
SLAD GELATISSIMO CARAMEL BAR 4X51ml,90485216,GELATISSIMO,0.20 l,ko,2.99,14.65,,,2.99,3838900844915,HRANA
KREKER RIŽA TAMNA ČOK BIO ZONE 100 g,90779991,BIO ZONE,0.10 kg,ko,2.05,20.5,,,1.45,3838900820308,HRANA
POVRTNA BAZA ZA JUHU 500 grama,90886969,KORA,0.50 kg,ko,1.39,2.78,,,1.29,3856028689980,HRANA
SLAD TORTERIE MANGO MALINA 500ml,90617905,TORTERIE MACARON,0.50 l,ko,6.99,13.98,,,5.71,3859893855368,HRANA
NAPITAK RIŽA KOKOS 1L BIO ZONE,90402151,BIO ZONE,1.00 l,ko,1,1,,,2.25,3850334129499,HRANA
PERECI LOMLJENI MINI MED SENF LUK 125g ELEPHANT ,90809881,ELEPHANT,0.13 kg,ko,1.89,15.12,,,1.89,5949040203529,HRANA
PAN RIBLJI OBLICI MORSKO BLAGO 352 g,90825021,LEDO,0.35 kg,ko,4.99,14.17,,,4.99,3850116066004,HRANA
JUHA KREM BEGOVA ČORBA 60g HR,90703008,PODRAVKA,0.06 kg,ko,1.39,23.17,,,1.39,3850104036637,HRANA
PRŠUT DOMAĆI 100g BURETIĆ,90514255,BURETIĆ,0.10 kg,ko,5.39,53.9,,,5.39,3859893159473,HRANA
MEKSIČKI MIX GOLD 130g BONDUELLE,90698207,BONDUELLE,0.13 kg,ko,1.49,11.46,,,1.49,3083681155303,HRANA
ČEŠNJAK U PRAHU BOČ 40G KOTANYI,90268092,KOTANYI,0.04 kg,ko,3.19,79.75,,,3.19,9001414040720,HRANA
TIJESTO PARAD FIDELINI 400g RAGUSA,04051425,PARADISO,0.40 kg,ko,1.79,4.48,,,1.79,3859889154215,HRANA
SLAD BARATTOLINO AMARENA 800ml,90704357,SAMMONTANA,0.80 l,ko,5.99,7.49,,,5.99,8005840096659,HRANA
DATULJA PEKAN ORAH VEDRINI MIX 150g,90377899,VEDRINI,0.15 kg,ko,2.59,17.25,,,2.29,3858889332289,HRANA
KEKS PLAZMA KOCKA BIJELA ČOKOLADA 130g,90473031,BAMBI,0.13 kg,ko,2.35,18.08,,,2.35,8600043029567,HRANA
ČOKOLADA FINESSE S KEKSOM 220g,90648603,FINESSE,0.22 kg,ko,,13.09,2.88,3.39,3.39,3838900807637,HRANA
KREKER RIŽA MLIJEČNA ČOK BIO ZONE 100 g,90779996,BIO ZONE,0.10 kg,ko,2.05,20.5,,,1.45,3838900820315,HRANA
VAFL MANNER ČOKOLADA 200g,90403942,MANNER,0.20 kg,ko,2.39,11.95,,,2.25,9000331627212,HRANA
UMAK SOJA MANJE SOLI 250ML KIKOM,90060162,KIKKOMAN,0.25 l,ko,6.49,25.96,,,6.49,8715035130302,HRANA
 KROKETI ZA PEĆNICU 750 g LEDO,90886704,LEDO,0.75 kg,ko,4.49,5.99,,,4.49,3850116067711,HRANA
KOMPOT ANANAS KOM GARDEN G 340g,90720078,GARDEN GOOD,0.34 kg,ko,,4.38,1.49,1.89,1.89,3850334062925,HRANA
VRGANJI SUHI 50g BOKUN,90031058,BOKUN,0.05 kg,ko,8.49,169.8,,,8.09,3859891224609,HRANA
PAPAR ŠARENI MLINAC VEGETA MAESTRO 40 g,90282090,VEGETA MAESTRO,0.04 kg,ko,4.19,104.75,,,3.89,3850104294730,HRANA
KAŠICA FRUTEK JAB.BAN.JAG 100g,90385425,FRUTEK,0.10 kg,ko,1.39,13.9,,,1.39,3838945037105,HRANA
SLAD GRČKI JOGURT MED 500ml,90703954,KRI KRI,0.50 l,ko,3.99,7.98,,,3.99,5202234251394,HRANA
NAPITAK ZOB 3.5% MASTI NOT MILK 1L ALPRO,90623453,ALPRO,1.00 l,ko,,3.28,3.28,3.89,3.89,5411188134985,HRANA
KOLAČ MIX BERRY 450 g SPEC MOM,90830427,SPECIAL MOMENTS,0.45 kg,ko,4.99,11.09,,,4.99,3850334430960,HRANA
PILEĆA LEĐA I HRBAT K PLUS,90433021,K PLUS,1.00 kg,kg,,1.39,1.39,2.29,2.29,3850159118098,HRANA
KEKS ČAJNI KOLUTIĆI 700g KOESTLIN,90061673,KOESTLIN,0.70 kg,ko,3.89,5.56,,,3.89,3856014111976,HRANA
PAPAR ŠARENI ZRNO XXL 100g KOTANYI,90553249,KOTANYI,0.10 kg,ko,4.79,47.9,,,4.79,9001414208526,HRANA
TEL KOLJENICA SK MARTINJAK DOMAĆA,90669294,MARTINJAK,1.00 kg,kg,11.69,11.69,,,9.49,3859893702525,HRANA
NEKTAR VINDI MAREL KAŠ 1L,03142156,VINDI,1.00 l,ko,1.95,1.95,,,1.95,3850108079029,PIĆE
VINO KUPINOVO EKO 0.75L OPG DORKIĆ,90233868,ISIGNY STE MERE,0.75 l,ko,9.39,12.52,,,9.39,3859892158026,PIĆE
NEG PIĆE FRUC NARANČA 0.5L PET,90603202,FRUCTAL,0.50 l,ko,1.05,2.1,,,1.05,3838945501392,PIĆE
VINO CHIANTI FREIXENET 0.75l ,90424806,FREIXENET,0.75 l,ko,10.05,13.4,,,10.05,8410036808419,PIĆE
PIVO GARDEN MILKSHAKE IPA 0.33l LIM,90425579,GARDEN,0.33 l,ko,2.25,6.82,,,2.25,3859893153303,PIĆE
PIVO PILSNER URQUELL 4X0.5L LIM,90380739,ASAHI,2.00 l,ko,6.15,3.08,,,6.15,8594404005409,PIĆE
CIDER SOMERSBY BOROVNICA 0.5L LIM,90214697,SOMERSBY,0.50 l,ko,1.79,3.58,,,1.79,3858887584161,PIĆE
VINO CHARDONNAY 0.75L VINA LAGUNA,90311409,LAGUNA,0.75 l,ko,7.69,10.25,,,7.69,3858881190320,PIĆE
MIN VODA RADENSKA 1.5L GAZ PET,03180101,RADENSKA,1.50 l,ko,,0.57,0.85,0.99,0.99,3830000620864,PIĆE
SMOOTHIE MINUTE JAB BAN MAN 250ml,90227739,MINUTE,0.25 l,ko,,5.96,1.49,1.85,1.85,3838900802861,PIĆE
VINO GRAŠEVINA 0.75L VRH ILOK,03021362,ILOČKI PODRUMI,0.75 l,ko,12.05,16.07,,,12.05,3859889556781,PIĆE
VINO PELJEŠAC 1L KK BADEL,03011517,VINA HRVATSKE,1.00 l,ko,5.55,5.55,,,5.55,3850112170637,PIĆE
VINO ŽDREPČEVA KRV WHITE 1l,90484939,VIN ČOKA,1.00 l,ko,4.29,4.29,,,4.29,8600102938649,PIĆE
PIVO KOZEL DARK 0.5L PB,90316054,ASAHI,0.50 l,ko,1.29,2.58,,,1.25,8594404001418,PIĆE
PIVO TUBORG GREEN 4 PACK LIM 0.50L,90236733,TUBORG GREEN,2.00 l,ko,5.35,2.68,,,5.35,3858887584123,PIĆE
PIĆE GAZ  COCA COLA 12PACK 0.15L,90407074,COCA COLA,1.80 l,ko,6.85,3.81,,,6.85,5449000034229,PIĆE
VINO TRAMINAC VRH 0.75L ILOČKI PODRU,03026619,ILOČKI PODRUMI,0.75 l,ko,13.05,17.4,,,13.05,3859889556774,PIĆE
ROYAL BRAND 0.1 L MARASKA,90904683,MARASKA,0.10 l,ko,1.69,16.9,,,1.69,3850158201340,PIĆE
GAZ PIĆE VINDI TONIC WATER 1.5L,03163164,VINDI,1.50 l,ko,1.75,1.17,,,1.75,3850108071559,PIĆE
CIDER SOMERSBY 0.0% BAZGA 0.33 L NB,90884960,SOMERSBY,0.33 l,ko,1.65,5,,,1.65,3858887585861,PIĆE
PIVO LOWENBRAU 4X 0.5L LIM,90442914,LOWENBRAU,2.00 l,ko,3.79,1.9,,,3.41,3850131005750,PIĆE
VODA CEDEVITA VIT LIME-LIM.TRAVA 0.5 L,90779984,CEDEVITA,0.50 l,ko,1.19,2.38,,,1.15,3850322016848,PIĆE
NEGAZIRANO PIĆE JUMEX MANGO 0.473L,90386028,JUMEX,0.47 l,ko,1.5,3.17,,,2.29,7501013102192,PIĆE
GIN BOMBAY SAPPHIRE 47% 0.7L,03070315,BOMBAY,0.70 l,ko,27.19,38.84,,,26.05,5010677714006,PIĆE
PIVO KOZEL DARK LIM 0.5L,90232970,ASAHI,0.50 l,ko,1.59,3.18,,,1.59,8594404008042,PIĆE
VODA MINERALNA JANA 1.5L,03180030,JANA,1.50 l,ko,0.95,0.63,,,0.95,3858884600055,PIĆE
COCKT RTD PELIN SPRITZ LEMON 0.25L,90764796,BADEL 1862,0.25 l,ko,2.05,8.2,,,2.05,3850112143075,PIĆE
SOK 100% VINDI JABUKA 2L,90732828,VINDI,2.00 l,ko,2.99,1.5,,,2.99,3850108076240,PIĆE
SIRUP K PLUS NARANČA 1L,90703456,K PLUS,1.00 l,ko,2.55,2.55,,,2.55,3850334044211,PIĆE
LEDENI ČAJ BRESKVA JUICY 1.5 L,90890133,JUICY,1.50 l,ko,1.59,1.06,,,1.59,3858890977905,PIĆE
SIRUP K PLUS BRUSNICA JABUKA 1L,90703472,K PLUS,1.00 l,ko,2.55,2.55,,,2.55,3850334044402,PIĆE
PIVO PAN MEGA 2L PET,03130643,PAN,2.00 l,ko,3.45,1.73,,,3.45,3858887580415,PIĆE
NAPITAK HIDRA ISO 0.33L ,90705683,HIDRA,0.33 l,ko,0.99,3,,,0.95,3850131005934,PIĆE
PIVO KARLOVAČKO LAGER 2l,90403527,KARLOVAČKO,2.00 l,ko,3.75,1.88,,,3.65,3850103902162,PIĆE
NEKTAR BCE 1L ČEP,90366073,VINDI,1.00 l,ko,1.49,1.49,,,1.49,3850108072778,PIĆE
PIVO GRIMBERGEN BLANCHE 0.33 l OW,90183865,GRIMBERGEN,0.33 l,ko,2.25,6.82,,,2.25,3858887585502,PIĆE
VINO CUVEE MILATIĆ 0.75l,90405548,OPG IVO MILATIĆ,0.75 l,ko,7.45,9.93,,,7.45,3857500048264,PIĆE
NEGAZ PIĆE MARELICA FRUCTAL CLASS 1L,90142235,FRUCTAL,1.00 l,ko,,1.49,1.49,1.89,1.89,3838945029261,PIĆE
GAZ PIĆE FANTA ORANGE ZERO 2l,90361094,FANTA,2.00 l,ko,,1.1,2.19,2.39,2.29,5449000270023,PIĆE
PIVO STAROPRAMEN 0.0% 0.5L LIM,90705043,STAROPRAMEN,0.50 l,ko,1.59,3.18,,,1.59,8600105005010,PIĆE
SOK 100% JABUKA CIJEĐENA VINDI 1 L,90785358,VINDI,1.00 l,ko,2.49,2.49,,,2.49,3850108074338,PIĆE
PIVO SAN SERVOLO GOLD 0.75L,90300357,SAN SERVOLO,0.75 l,ko,7.69,10.25,,,7.69,3859893049118,PIĆE
PIVO LOWENBRAU 2.0L PET,90169747,LOWENBRAU,2.00 l,ko,2.79,1.4,,,2.69,3850131004654,PIĆE
VODA ROMERQUELLE 0.5L,90290951,ROMERQUELLE,0.50 l,ko,0.95,1.9,,,0.95,90311208,PIĆE
PROSERIES ENERGY GEL BOOST 40g KIWI STRAWBERR,90344477,POLLEO,0.04 kg,ko,2.49,62.25,,,2.49,3859893008788,PIĆE
VERMOUTH LA DOLCE ITALIA BIANCO 1L,90364120,LA DOLCE ITALIA,1.00 l,ko,9.79,9.79,,,9.15,8000428029654,PIĆE
PIVO OŽUJSKO  PET 2 L,90168880,OŽUJSKO,2.00 l,ko,3.79,1.9,,,3.65,3850131001608,PIĆE
VISKI JIM BEAM BOURBON 0.7l,03080174,JIM BEAM,0.70 l,ko,20.05,28.64,,,20.05,080686000389,PIĆE
CEDEVITA ANANAS I MANGO 200g,90706428,CEDEVITA,0.20 kg,ko,2.19,10.95,,,2.09,3850322016244,PIĆE
CEDEVITA NARANČA XXL 1000g,90675687,CEDEVITA,1.00 kg,ko,6.29,6.29,,,6.39,3850322016145,PIĆE
GAZ PIĆE SCHWEPPES TANGERINE 1L,90361230,SCHWEPPES,1.00 l,ko,1.79,1.79,,,1.79,5449000089380,PIĆE
PJENUŠAC HUGO ROSE GRACIOSO 0.75L,90424883,HUGO,0.75 l,ko,3.25,4.33,,,3.25,4002391302103,PIĆE
NEKTAR NARANČA MRKVA LIMUN BRAVO 2 L,90779952,BRAVO,2.00 l,ko,3.19,1.6,,,2.99,9008700232043,PIĆE
NEGAZ PIĆE JUICY FRUITS CRV NAR 1.5L,03145072,JUICY FRUITS,1.50 l,ko,1.69,1.13,,,1.69,3858890975062,PIĆE
VINO PLAVAC 1L KK BADEL 1862,03011436,VINA HRVATSKE,1.00 l,ko,5.55,5.55,,,5.55,3850112170613,PIĆE
PLAVAC DONJA BANDA VRH 0.75L,90484963,PZ POSTUP,0.75 l,ko,11.95,15.93,,,11.95,3859893014109,PIĆE
PIVO HEINEKEN ZERO LIMENKA 0.33L,90334663,HEINEKEN,0.33 l,ko,1.35,4.09,,,1.35,3830054841802,PIĆE
LIKER BAJADERA 0.7 L,90835061,BADEL 1862,0.70 l,ko,20.05,28.64,,,20.05,3850112112453,PIĆE
VINO GRAŠEVINA TERRA VINEA 0.75L,90528177,TERRA VINEA,0.75 l,ko,4,5.33,,,4.99,3850334519566,PIĆE
PIVO PAN ZLATNI 6PACK LIM 0.5L,90703105,PAN,3.00 l,ko,7.49,2.5,,,7.49,3858887583454,PIĆE
PIVO KARLOVAČKO 0.33L LIM KARLOV,03130252,KARLOVAČKO,0.33 l,ko,1.15,3.48,,,1.15,3850103902582,PIĆE
PIVO KARLOVAČKO 6PACK 0.33L,90319515,KARLOVAČKO,1.98 l,ko,5.99,3.03,,,5.79,3850103902605,PIĆE
RUM MALIBU 0.7L,03082194,MALIBU,0.70 l,ko,16.19,23.13,,,15.55,5010284100018,PIĆE
PIVO SAN SERVOLO SVIJETLO 0.33L NB,90300329,SAN SERVOLO,0.33 l,ko,2.39,7.24,,,2.39,3859893049019,PIĆE
VODA CEDEVITA VIT LIMUN NAR 0.5L ,90705614,CEDEVITA,0.50 l,ko,1.19,2.38,,,1.15,3850322016206,PIĆE
GAZ PIĆE SKY LEMON 2L,03166972,SKY,2.00 l,ko,1.79,0.9,,,1.79,3871059000528,PIĆE
PROSECCO GRANDE VENTO 0.75L,90168836,GRANDE VENTO,0.75 l,ko,10.99,14.65,,,11.05,5949013501027,PIĆE
VINO PLAVAC MALI 0.75L MATUŠKO,03020236,MATUŠKO,0.75 l,ko,5.09,6.79,,,5.09,3859889396233,PIĆE
NEG PIĆE FRUCTAL CLASSIC JAB-MALINA 1L,90607723,FRUCTAL,1.00 l,ko,,1.49,1.49,1.89,1.89,3838945040204,PIĆE
PRAŠK. NAPITAK TOCO LOCO NARANČA 550 g,90784764,TOCO LOCO,0.55 kg,ko,4.99,9.07,,,4.99,3856028500674,PIĆE
NEG PIĆE CAPPY PINK LEMONADE 0.4L,90706211,CAPPY,0.40 l,ko,1.19,2.98,,,1.19,5449000056245,PIĆE
NEG PIĆE FRUC NARANČA 1.5L PET,90603073,FRUCTAL,1.50 l,ko,1.75,1.17,,,1.75,3838945501330,PIĆE
VINO GRAŠEVINA ĐAKOVO 1 L,90874707,ĐAKOVAČKA,1.00 l,ko,5.79,5.79,,,5.79,3859888932234,PIĆE
PIVO GARDEN OSEKA 0.44L,90677976,GARDEN,0.44 l,ko,3.25,7.39,,,3.25,3858893811275,PIĆE
PIVO OŽUJSKO 0.5L LIM ZAG PIV,03130006,OŽUJSKO,0.50 l,ko,1.55,3.1,,,1.49,3850131400609,PIĆE
ČAJ BEBIVITA KOMORAČ 4MJ+ 200g,90089639,BEBIVITA,0.20 kg,ko,3.45,17.25,,,3.45,9007253102988,PIĆE
NAPITAK MONSTER THROTTLE ZERO 0.5 L,90890653,MONSTER,0.50 l,ko,1.95,3.9,,,1.95,5060896629490,PIĆE
SIRUP BAZGA 0.5L BOBO,90571009,BOBO,0.50 l,ko,5.29,10.58,,,5.29,3859893313547,PIĆE
COCKTAIL GORBAT RTD LEMON 0.33L,90409928,GORBATSCHOW,0.33 l,ko,2.99,9.06,,,2.99,4003310014800,PIĆE
NAPITAK HELL RED GRAPE 0.25l,90291601,HELL,0.25 l,ko,1.09,4.36,,,1.09,5999884034506,PIĆE
NAPITAK MONSTER AUSSIE LEMON 0.5 L,90784924,MONSTER,0.50 l,ko,1.95,3.9,,,1.95,5061013941488,PIĆE
NEG PIĆE COCKT NAR JAB 0.25L,03140857,VINDI,0.25 l,ko,0.65,2.6,,,0.65,3850108077209,PIĆE
PIVO HEINEKEN LIMENKA 6PACK 0.5L,90599998,HEINEKEN,3.00 l,ko,9.29,3.1,,,7.89,3830001716016,PIĆE
NEG PIĆE OMG BUBBLE TEA BRESKVA 0.27L,90733410,OMG BUBBLE TEA,0.27 l,ko,3.75,13.89,,,3.75,4779033974409,PIĆE
SOK 100% VINDI NARAN  1L,03142008,VINDI,1.00 l,ko,2.79,2.79,,,2.79,3850108075397,PIĆE
RUM RON CALADOS BIJELI 70ML,90295654,CALADOS,0.70 l,ko,9.69,13.84,,,9.69,5021692700707,PIĆE
VODKA TROJKA 1l 37.5%  SEGESTICA,03073775,SEGESTICA,1.00 l,ko,10.05,10.05,,,10.05,3850112144027,PIĆE
NAPITAK MONSTER ENERGY ULTRA 0.5l,90249984,MONSTER,0.50 l,ko,1.95,3.9,,,1.95,5060337500104,PIĆE
VINO PELJEŠAC 0.75L BADEL 1862,03021332,VINA HRVATSKE,0.75 l,ko,6.05,8.07,,,6.05,3850112170644,PIĆE
LIKER OD MEDA 0.7L ZVEČEVO,90085657,ZVEČEVO,0.70 l,ko,9.35,13.36,,,9.35,3858894170340,PIĆE
VINO GRAŠEVINA BAG IN BOX 3L ILOČKI,03012191,ILOČKI PODRUMI,3.00 l,ko,13.99,4.66,,,10,3859889556514,PIĆE
PIVO BECK'S 0.5L LIM 3+1 GRATIS ,90770974,BECKS,1.50 l,ko,5.07,3.38,,,4.95,3850131290125,PIĆE
SOK 100% NARANČA HAPPY DAY  1L,03141937,HAPPY DAY,1.00 l,ko,3.49,3.49,,,2.99,90087066,PIĆE
SMOOTHIE MINUTE ENERGY MIX 250ml,90577878,MINUTE,0.25 l,ko,,5.96,1.49,1.85,1.85,3838900807088,PIĆE
RUM BACARDI 0.7L 37.5%,03082134,BACARDI,0.70 l,ko,18.49,26.41,,,18.05,5010677013147,PIĆE
VISKI JACK DANIEL'S 0.5L,03080729,JACK DANIELS,0.50 l,ko,19.79,39.58,,,19.55,5099873046067,PIĆE
VINO DINGAČ 0.75L VRH MADIRAZZA,03020416,MADIRAZZA,0.75 l,ko,21.09,28.12,,,21.09,3859889833011,PIĆE
VINO GRAŠEVINA VRH 0.75L VINA BELJE,90311378,BELJE,0.75 l,ko,11.05,14.73,,,11.05,3850257019051,PIĆE
NEKTAR VINDI DISNEY JABUKA 1 L,90826109,VINDI,1.00 l,ko,1.69,1.69,,,1.69,3850108078190,PIĆE
NAPITAK ISO SPORT LIMUN GREJP GAZ. 1.5L,90673706,ISO SPORT,1.50 l,ko,2.25,1.5,,,2.25,3850108071726,PIĆE
NEKTAR JABUKA JUICY 1L,03140397,JUICY,1.00 l,ko,1.99,1.99,,,1.99,3858890970906,PIĆE
VINO MERLOT SANTA LUCIA 0.75 l,90800266,SANTA LUCIA,0.75 l,ko,5.69,7.59,,,3.99,7804661040701,PIĆE
PIVO HEINEKEN SILVER 4PACK 0.33L LIM,90703110,HEINEKEN,1.32 l,ko,4.65,3.52,,,4.65,3850103902483,PIĆE
RAKIJA KOMOVICA 1L VINOPLOD,03060200,VINOPLOD,1.00 l,ko,14.05,14.05,,,14.05,3859888129900,PIĆE
PIĆE NEG HAPPY DAY FAMILY JAGODA 1L,90484563,HAPPY DAY,1.00 l,ko,2.29,2.29,,,2.29,9008700181785,PIĆE
MIN VODA JAMNICA 1L PB,03180561,JAMNICA,1.00 l,ko,0.69,0.69,,,0.69,3859888152014,PIĆE
ČAJ BEBIVITA JAB/MAT 6MJ+ 200g,90142199,BEBIVITA,0.20 kg,ko,3.45,17.25,,,3.45,9007253102964,PIĆE
NEG PIĆE MANDAR NAR VINDI 0.25L,03140721,VINDI,0.25 l,ko,0.65,2.6,,,0.65,3850108076202,PIĆE
GEL TUŠ L'ANGELICA ARGAN 500ml,90341637,L ANGELICA,0.50 l,ko,3.25,6.5,,,3.25,8017331077122,KOZMETIKA
STICK REXONA Ž ALOE 50 ml,90885109,REXONA,0.05 l,ko,4.75,95,,,4.75,59004783,KOZMETIKA
ZP COLGATE MAX WHITE ONE 75ML,06537593,COLGATE,0.08 l,ko,4.19,55.87,,,3.99,8714789531915,KOZMETIKA
ŠAMPON ASEBON PROT MAS PRHUTI 200ml,06524349,ASEBON,0.20 l,ko,6.09,30.45,,,5.49,3856007903328,KOZMETIKA
PJENA GILLETTE SENSITIVE 400 ml,90850200,GILLETTE,0.40 l,ko,3.99,9.98,,,3.99,8700216497039,KOZMETIKA
GEL TUŠ L'ANGEL KONOPLJA 500ml,90572266,L ANGELICA,0.50 l,ko,3.25,6.5,,,3.25,8017331076996,KOZMETIKA
STICK OLD SPICE DEEP SEA 50ml,90402679,OLD SPICE,0.05 l,ko,4.99,99.8,,,4.99,8001841283906,KOZMETIKA
ŠAMPON AFR KOP BIOTIN 950ml,90744855,AFRODITA,0.95 l,ko,5.99,6.31,,,5.59,3831070661641,KOZMETIKA
ZP PLID HERBAL 125ml,90725244,PLIDENTA,0.13 l,ko,2.79,22.32,,,2.69,3856007910791,KOZMETIKA
ZP SENS PRONAMEL KIDS 50ml 6+GOD,90726062,SENSODYNE,0.05 l,ko,4.29,85.8,,,3.99,5054563219237,KOZMETIKA
KREMA NIVEA FOR MEN 50ML INT 8122,06560149,NIVEA,0.05 l,ko,,179.8,8.99,12.89,12.89,9005800395333,KOZMETIKA
BOJA PALETTE ICC 6 GRIM CRV,90215041,PALETTE ICC,1.00 ko,ko,5.49,5.49,,,3.49,9000101003277,KOZMETIKA
VODICA LISTERINE COOL 95ML,90031341,LISTERINE,0.10 l,ko,1.99,20.95,,,1.89,3574660458879,KOZMETIKA
ZP AQUA FRESH 100ml 8062,06530299,AQUAFRESH,0.10 l,ko,2.85,28.5,,,2.69,5054563203649,KOZMETIKA
ČETKICE ZA ZUBE DENTORAL PREM SOFT,90290509,DENTORAL,1.00 ko,ko,1.59,1.59,,,1.59,3850334608178,KOZMETIKA
KREMA MIXA HYAL NORM KOŽA 50ml,90485667,MIXA,0.05 l,ko,8.99,179.8,,,8.99,3600550932836,KOZMETIKA
BOJA COL SENSAT 6.35,90032864,GARNIER COL SENSATION,1.00 ko,ko,5.29,5.29,,,5.29,3600541136052,KOZMETIKA
ČETKICA SIGNAL DJ MINI 5304,06610116,SIGNAL,1.00 ko,ko,3.19,3.19,,,3.19,8718114201641,KOZMETIKA
SAPUN NIVEA CREME CARE 100G,90185303,NIVEA,0.10 l,ko,1.49,14.9,,,1.49,4005900217936,KOZMETIKA
DEO BOROTALCO INVISIBLE 150 ML,90042493,BOROTALCO,0.15 l,ko,,19.93,2.99,4.69,3.99,8002410041866,KOZMETIKA
MLIJEKO TIJ OLEA MEDIT LAVAN 250ml,90735101,OLEA,0.25 l,ko,2.49,9.96,,,2.49,3850334099921,KOZMETIKA
ZP COLG MAX CLEAN 75ml,90484119,COLGATE,0.08 l,ko,,30.53,2.29,3.25,2.89,8718951327085,KOZMETIKA
DEO GARNIER ACTION CONTR CLINICAL 150ml,90361748,GARNIER,0.15 l,ko,4.99,33.27,,,4.99,3600542217507,KOZMETIKA
ŠAMPON GLISS ULTIM REP 400ml,06526337,GLISS,0.40 l,ko,,11.23,4.49,7.09,7.09,9000100663410,KOZMETIKA
BOJA COL SENSAT 1.0,90032854,GARNIER COL SENSATION,1.00 ko,ko,5.29,5.29,,,5.29,3600541135956,KOZMETIKA
DEO AXE M EPIC FRESH 150ml,90598285,AXE,0.15 l,ko,4.99,33.27,,,4.55,8720181192128,KOZMETIKA
ZP ELMEX ANTICAR PROFES JUNIOR 75ml,90703717,ELMEX,0.08 l,ko,,67.87,5.09,5.99,5.99,8718951573345,KOZMETIKA
KREMA NIVEA PROT BORA 65+ DAN 50ml,90341095,NIVEA,0.05 l,ko,,133.8,6.69,10.29,10.29,9005800396156,KOZMETIKA
DEO DOVE INVISIBLE CARE 150ml,90310913,DOVE,0.15 l,ko,5.35,35.67,,,5.35,8720181291562,KOZMETIKA
BOJA PALETTE ICC C9     7234,06541426,PALETTE ICC,1.00 ko,ko,5.49,5.49,,,3.49,3838824197197,KOZMETIKA
REGENER GLISS EXPR SPLIT MIR 200ml,90484033,GLISS,0.20 l,ko,,22.45,4.49,7.09,7.09,9000101287233,KOZMETIKA
DEO JEAN MARC MIAMI HILLS 75 ML,90669443,JEAN MARC,0.08 l,ko,1.69,22.53,,,1.69,5901815005073,KOZMETIKA
KREMA LICE MUSTELA HIDR 40ml,90406920,MUSTELA,0.04 l,ko,8.95,223.75,,,8.95,3504105035969,KOZMETIKA
KREMA ZA RUKE NIV REF CARE ALOE VERA 75ml,90299019,NIVEA,0.08 l,ko,,27.87,2.09,2.99,2.99,9005800291871,KOZMETIKA
ZP ELMEX SENSITIVITY&GUM 75 ml,90850518,ELMEX,0.08 l,ko,6.29,83.87,,,5.99,8718951679603,KOZMETIKA
DEO AXE DARK TEMPT XXL 250ml,90477883,AXE,0.25 l,ko,6.99,27.96,,,6.49,8720181047749,KOZMETIKA
KREMA MELEM 10ML,06591359,MELEM,0.01 l,ko,3.05,305,,,3.05,3856007901416,KOZMETIKA
BRIJAČ JEDNOK GILL BLUE3 COOL 6+2,90324334,GILLETTE,8.00 ko,ko,10.98,1.37,,,10.98,7702018457342,KOZMETIKA
MLIJEKO TIJ NIVEA BODY KREMAST 250ml,06592660,NIVEA,0.25 l,ko,,22.36,5.59,7.99,7.99,4005808247349,KOZMETIKA
BOJA EXCELLENCE 9,90154983,LOREAL EXCELLANCE,1.00 ko,ko,8.99,8.99,,,8.99,3600523724895,KOZMETIKA
VODICA MICEL NIVEA RUŽA 400ml,90353755,NIVEA,0.40 l,ko,,14.98,5.99,9.29,9.29,9005800304533,KOZMETIKA
LAK TAFT PERFECT FLEX 250ml,90129717,TAFT,0.25 l,ko,,15.96,3.99,4.99,4.99,9000100909778,KOZMETIKA
ROLL ON NEUTR BOROTALCO 50ML,08163675,BOROTALCO,0.05 l,ko,,59.8,2.99,4.69,3.99,80453000,KOZMETIKA
MLIJEKO TIJ NIVEA RICH NOUR 625ml,90483781,NIVEA,0.63 l,ko,13.19,21.1,,,13.19,4005808779543,KOZMETIKA
DEO NIVEA BLA&WHI SILKY SMOOTH 250ml,90597877,NIVEA,0.25 l,ko,7.19,28.76,,,7.19,9005800379050,KOZMETIKA
ŠAMP I KUP SEPTONA BABY BOYS 500ml,90765171,SEPTONA,0.50 l,ko,4.99,9.98,,,4.99,5201410220650,KOZMETIKA
LOSION INT NIVEA 250ML  8137,06526186,NIVEA,0.25 l,ko,6.29,25.16,,,6.29,9005800354545,KOZMETIKA
DEO FA GLAMOROUS MOMENTS 150ml,90703163,FA,0.15 l,ko,3.99,26.6,,,3.99,9000101709827,KOZMETIKA
SAPUN TEK PALM ALMOND 500ml,90378111,PALMOLIVE,0.50 l,ko,3.39,6.78,,,3.19,8003520029133,KOZMETIKA
PJENA GILL SOOTHING SENS 200ml,90703248,GILLETTE,0.20 l,ko,3.69,18.45,,,3.69,8001090870926,KOZMETIKA
PJENA LICE AFROD MIC CL PHASE 150ml,90598592,AFRODITA,0.15 l,ko,8.49,56.6,,,7.99,3831070654957,KOZMETIKA
ZP AQUA MILD&MINT 75ML  8048,06530545,AQUAFRESH,0.08 l,ko,2.35,31.33,,,2.19,5999518578048,KOZMETIKA
ŠAMPON H&S CITRUS 500 ml,90771213,HEAD&SHOULDE,0.50 l,ko,8.29,16.58,,,8.29,8700216305303,KOZMETIKA
MASKA LICE AURORA 7 HEAVEN JEDNOROG,90648972,7TH HEAVEN,1.00 ko,ko,3.05,3.05,,,3.05,083800052714,KOZMETIKA
BRIJAČ JED WILK Ž EXT 3 COL MIX 3/1,90598377,WILKINSON,1.00 ko,ko,,1.99,1.99,1.99,3.09,4027800320202,KOZMETIKA
VODICA MICELARNA NIVEA 400ml,90260602,NIVEA,0.40 l,ko,,14.13,5.65,8.69,8.69,9005800273464,KOZMETIKA
ŠAMPON H&S 400ml SENSITIVE,06525312,HEAD&SHOULDE,0.40 l,ko,6.69,16.73,,,6.69,5011321336124,KOZMETIKA
SET MELEM PASTELNI 3X10ml,90571218,MELEM,1.00 ko,ko,8.89,8.89,,,8.89,3856007910890,KOZMETIKA
VODICA ZA USTA LISTERINE FRESH 500ml,06530633,LISTERINE,0.50 l,ko,6.49,12.98,,,6.29,5010123703547,KOZMETIKA
MASKA GENERA ARGAN ULJE 500ml,90572139,GENERA,0.50 l,ko,2.85,5.7,,,2.69,8003693403228,KOZMETIKA
BOJA EXCELLENCE 4.11,90483478,LOREAL EXCELLANCE,1.00 ko,ko,9.99,9.99,,,9.99,3600523939466,KOZMETIKA
KUPKA PALM COCO 500ml,06520728,PALMOLIVE,0.50 l,ko,,5.58,2.79,2.89,4.89,8714789943893,KOZMETIKA
ŠAMP GLISS FULL HAIR 400 ml,90885514,GLISS,0.25 l,ko,,17.96,4.49,6.49,6.49,9000101749298,KOZMETIKA
REGENERATOR ELSEVE HYALURON 200ml,90598610,LOREAL ELSEVE,0.20 l,ko,4.49,22.45,,,4.49,3600524029753,KOZMETIKA
KREMA EVEL NAT LINE KOLAG+ELAST D/N 50ml,90260542,EVELINE,0.05 l,ko,5.35,107,,,5.35,5901761912272,KOZMETIKA
ZP LACALUT SENSITIVE 75ml,90092301,LACALUT,0.08 l,ko,4.39,58.53,,,4.39,4016369726358,KOZMETIKA
ULJE ZA KOSU DIFFEL ARGAN 75ml,90403250,DIFEEL,0.08 l,ko,3.99,53.2,,,3.99,711716145014,KOZMETIKA
TRAKE VEET DEPIL LICE 20/1,90705146,VEET,20.00 ko,ko,6.35,0.32,,,5.89,5997321774725,KOZMETIKA
GEL TUŠ NIVEA BC ENERGY M 250ML,06521379,NIVEA,0.25 l,ko,2.99,11.96,,,2.99,4005808780723,KOZMETIKA
ŠAMPON H&S CLASSIC CLEAN 95 ml,90850337,HEAD&SHOULDE,0.10 l,ko,2.15,22.63,,,2.39,8700216164238,KOZMETIKA
BOJA ZA KOSU LOREAL EXCELLENCE 9.1,90299231,LOREAL EXCELLANCE,1.00 ko,ko,8.99,8.99,,,8.99,3600523724918,KOZMETIKA
VODICA MICELARNA GARNIER 400ML,90075474,GARNIER,0.40 l,ko,6.99,17.48,,,6.99,3600541382619,KOZMETIKA
LAK SYOSS VOLUME LIFT 300ML,06541076,SYOSS,0.30 l,ko,6.19,20.63,,,4.65,9000100590242,KOZMETIKA
DEO NIVEA M DEEP SPORT 150 ml,90775351,NIVEA,0.15 l,ko,5.99,39.93,,,5.99,9005800379869,KOZMETIKA
REGENER ELSEVE TOT REPAIR 200ml,06541700,LOREAL ELSEVE,0.20 l,ko,4.39,21.95,,,4.39,3600521706473,KOZMETIKA
KREMA ROSAL FAM HYDRASOFT 250ml,06592991,ROSAL,0.25 l,ko,4.79,19.16,,,4.59,3856007903359,KOZMETIKA
BOJA COL SENSAT 3.16,90032857,GARNIER COL SENSATION,1.00 ko,ko,5.29,5.29,,,5.29,3600541135987,KOZMETIKA
GEL TUŠ AXE EPIC FRESH 400ml,90598907,AXE,0.40 l,ko,4.95,12.38,,,4.95,8720181204111,KOZMETIKA
ŠAMPON PALM SILKY SHINE 350ml,90077208,PALMOLIVE,0.35 l,ko,3.99,11.4,,,3.89,8718951576971,KOZMETIKA
ŠAMPON AFRODITA PROTIV PRHUTI 320 ml,90771131,AFRODITA,0.32 l,ko,6.99,21.84,,,6.49,3831070661917,KOZMETIKA
GEL TUŠ FA DIVINE MOMENTS 400ml,90377596,FA,0.40 l,ko,3.99,9.98,,,3.99,9000101054941,KOZMETIKA
ŠAMPON SCHAUMA REG/NJEGA 250ml,06521190,SCHAUMA,0.25 l,ko,3.39,13.56,,,3.39,3838824136394,KOZMETIKA
ZP SIGNAL WHITE NOW 75ML,06530225,SIGNAL,0.08 l,ko,4.25,56.67,,,4.25,8717644461068,KOZMETIKA
VODA MICELAR HIJALURON EVELINE 3U1 400ml,90299334,EVELINE,0.40 l,ko,4.29,10.73,,,4.29,5901761919264,KOZMETIKA
KREMA LICE SN BB MEDIUM 50ml,90571679,GARNIER,0.05 l,ko,9.99,199.8,,,9.99,3600542416405,KOZMETIKA
SAPUN TEK PALM NOURISH 300ml 2906,06510034,PALMOLIVE,0.30 l,ko,3.39,11.3,,,3.19,8003520012906,KOZMETIKA
GEL TUŠ MAN MAX FRESH 300ml,90235428,MAN MAX,0.30 l,ko,1.05,3.5,,,1.05,3850334560636,KOZMETIKA
BOJA SYOSS 9/5 LEDENO BISER PLAVA,06544292,SYOSS,1.00 ko,ko,6.99,6.99,,,5.59,9000100633048,KOZMETIKA
KUPKA PALM BLACK ORCHID 500ml,90051380,PALMOLIVE,0.50 l,ko,,5.78,2.89,3.05,4.89,8714789733180,KOZMETIKA
DEO REXONA W SEXY BOUQUET 200ml,90702711,REXONA,0.20 l,ko,6.49,32.45,,,6.49,8720181334719,KOZMETIKA
SAPUN PALM OS MILK&HON 90g,90031244,PALMOLIVE,0.09 kg,ko,1.49,16.56,,,1.39,8693495034180,KOZMETIKA
ČETKICA CURAPROX 3PACK CS 5460 ULTRA SOFT,90332146,CURAPROX,3.00 ko,ko,13.99,4.66,,,13.99,7612412540604,KOZMETIKA
BOJA PALETTE ICC N3     0064,06540412,PALETTE ICC,1.00 ko,ko,5.49,5.49,,,3.49,3838824159492,KOZMETIKA
ŠAMPON GLISS SPLIT MIRAC 250ml,90484076,GLISS,0.25 l,ko,4.79,19.16,,,2.99,9000101287332,KOZMETIKA
ROLL ON DOVE CLEAN COMFORT 50ml,06550402,DOVE,0.05 l,ko,5.35,107,,,5.35,59092575,KOZMETIKA
KREMA RUKE BIOBAZA FROSTED 50 ml,90839853,BIOBAZA,0.05 l,ko,2.99,59.8,,,2.99,3856020915735,KOZMETIKA
ZP ELMEX ANTI CARIES 75ML,90075252,ELMEX,0.08 l,ko,4.79,63.87,,,4.79,8718951477575,KOZMETIKA
ROLL ON BIOBAZA FROSTED 50 ml,90839842,BIOBAZA,0.05 l,ko,3.85,77,,,3.85,3856020915674,KOZMETIKA
GEL TUŠ FA SPORT 400ml,90377601,FA,0.40 l,ko,3.99,9.98,,,3.99,3838824142296,KOZMETIKA
ZP COLGATE MAX EXPERT WHITE 75ML,90210743,COLGATE,0.08 l,ko,5.99,79.87,,,5.79,7509546064857,KOZMETIKA
SPREJ NIVEA DJ P&S SUN SPF 50 200ML,06592272,NIVEA,0.20 l,ko,22.49,112.45,,,22.49,4005900600202,KOZMETIKA
PUDER F AZZ VREĆ 100g   6102,06593634,FELCE AZZURA,0.10 kg,ko,1.59,15.9,,,1.59,8001280026102,KOZMETIKA
BRIJAČ JEDNOK Ž BIC TWIN LADY 5+1,90725062,BIC,6.00 ko,ko,3.39,0.57,,,3.39,3086126608969,KOZMETIKA
DEO OLD SPICE BEARGLOVE 150ml,90359983,OLD SPICE,0.15 l,ko,4.99,33.27,,,4.99,4015600860332,KOZMETIKA
VODICA MICEL GARNIER VIT C 400ml,90598626,GARNIER,0.40 l,ko,7.79,19.48,,,7.79,3600542467650,KOZMETIKA
TABLETE COREGA BIO 30S,06511205,COREGA,30.00 ko,ko,6.19,0.21,,,6.19,5054563213013,KOZMETIKA
SANYTOL PRAŠAK UKL MRLJA I DEZ 450g,90487423,SANYTOL,0.45 kg,ko,7.69,17.09,,,7.29,3045206382007,SREDSTVA ZA ČIŠĆENJE
OPAL ODSTRANJIVAČ MRLJA SPREJ 650ml,90487360,OPAL,0.65 l,ko,4.59,7.06,,,4.59,3850111755286,SREDSTVA ZA ČIŠĆENJE
DET DASH AMBER 31TAB,90705827,DASH,31.00 ko,ko,15,0.48,,,19.59,8006540991619,SREDSTVA ZA ČIŠĆENJE
OM VIOLETA PARADISE 1.71L,90699057,VIOLETA,1.71 l,ko,,1.75,2.99,3.99,4.55,3870128034655,SREDSTVA ZA ČIŠĆENJE
DET PERSIL UNIVERSAL 1.1kg=20PR,90744971,PERSIL,1.10 kg,ko,9.99,9.08,,,9.99,9000101804713,SREDSTVA ZA ČIŠĆENJE
OM ORNEL GOLD DREAM 800ml,90662864,ORNEL,0.80 l,ko,2.95,3.69,,,2.95,3850105181893,SREDSTVA ZA ČIŠĆENJE
SRED SUPER JON UNIV ĐURĐICA 1L,90030725,SUPER JON,1.00 l,ko,,2.49,2.49,3.25,2.95,3850111503412,SREDSTVA ZA ČIŠĆENJE
DET ARIEL BLACK 36 TAB,90662846,ARIEL,36.00 ko,ko,20,0.56,,,26.89,8001090804204,SREDSTVA ZA ČIŠĆENJE
DET ARIEL OXI 1.76 kg=32PR,90769974,ARIEL,1.76 kg,ko,10,5.68,,,10,8700216361040,SREDSTVA ZA ČIŠĆENJE
VODA DESTI DAX 5L ISKRA,90365060,DAX,5.00 l,ko,1.19,0.24,,,1.19,3850334183972,SREDSTVA ZA ČIŠĆENJE
DOMESTOS PJENA FLORAL FRESH 435 ml,90864976,DOMESTOS,0.44 l,ko,4.49,10.32,,,4.49,8720182796424,SREDSTVA ZA ČIŠĆENJE
OM SILAN SENSITIVE 1.408L,90744986,SILAN,1.41 l,ko,,2.12,2.99,5.65,2.79,9000101801064,SREDSTVA ZA ČIŠĆENJE
BREF HYGIENE GEL LEMONITTA 700ml,90325415,BREF,0.70 l,ko,2.99,4.27,,,2.99,9000101312218,SREDSTVA ZA ČIŠĆENJE
VANISH OXI SPRAY 500ml,90063663,VANISH,0.50 l,ko,,12.44,6.22,7.79,7.79,5997321744674,SREDSTVA ZA ČIŠĆENJE
ORNEL CALMING 1.6L,90603154,ORNEL,1.60 l,ko,4.59,2.87,,,3.99,3850105182074,SREDSTVA ZA ČIŠĆENJE
DET JAR PLAT PLUS LEMON 63 TAB,90895426,JAR ADW,63.01 ko,ko,39.99,0.63,,,39.99,8006540751350,SREDSTVA ZA ČIŠĆENJE
SOMAT GEL EXCELLENCE 3x684 ml,90800950,SOMAT,2.05 l,ko,17.99,8.77,,,19.99,9000101819250,SREDSTVA ZA ČIŠĆENJE
BREF POWER AKTIV GEL PINE 700ml,90486676,BREF,0.70 l,ko,2.99,4.27,,,2.99,9000101501995,SREDSTVA ZA ČIŠĆENJE
STAKLO SUPER JON ALK+OCAT 650ML,08036079,SUPER JON,0.65 l,ko,,2.29,1.49,2.09,1.99,3850111503382,SREDSTVA ZA ČIŠĆENJE
DET JAR CITRUS 905ml,90600611,JAR HDW,0.91 l,ko,1,1.1,,,5.99,8006540355428,SREDSTVA ZA ČIŠĆENJE
SOMAT MACHINE CARE,08010422,SOMAT,0.25 l,ko,5.99,23.96,,,2.99,90003714,SREDSTVA ZA ČIŠĆENJE
ARF CREAM CITRO 400ml,90603158,ARF,0.40 l,ko,,4.38,1.75,2.19,1.95,3850105181596,SREDSTVA ZA ČIŠĆENJE
DET ARIEL COLOR 2.75 kg=50PR,90886385,ARIEL,3.00 kg,ko,15,5,,,21.99,8700216733267,SREDSTVA ZA ČIŠĆENJE
SRED SUPER JON IQ REFILL STAKLO 3TAB,90899901,SUPER JON,1.00 ko,ko,,2.39,2.39,3.45,3.45,3850111505829,SREDSTVA ZA ČIŠĆENJE
SWIFFER JEDNOKR KRPICE PRAŠINA 18/1,90569076,SWIFFER,18.00 ko,ko,5.69,0.32,,,5.69,8006540307908,SREDSTVA ZA ČIŠĆENJE
DET JAR PLAT PLUS BLUE 42 TAB,90662871,JAR ADW,42.00 ko,ko,28.49,0.68,,,28.49,8006540751503,SREDSTVA ZA ČIŠĆENJE
DET FAKS GEL SMART CL WHITE 900ml=18 PR,90553591,FAKS,0.90 l,ko,6.49,7.21,,,6.99,3850105178237,SREDSTVA ZA ČIŠĆENJE
DET JAR ALL IN 1 LIMUN 116 TAB,90799842,JAR ADW,116.01 ko,ko,19.99,0.17,,,20.99,8700216253482,SREDSTVA ZA ČIŠĆENJE
DOMESTOS PF FLORAL 700ml,90750202,DOMESTOS,0.70 l,ko,3.99,5.7,,,3.99,8720181345920,SREDSTVA ZA ČIŠĆENJE
SREDSTVO SUPER JON NAMJEŠTAJ 650ML,08031057,SUPER JON,0.65 l,ko,,3.83,2.49,3.25,2.95,3850111503450,SREDSTVA ZA ČIŠĆENJE
DET WEISSER RIESE COL TRIOCAPS 18TAB,90687720,WEISSER RIESE,18.00 ko,ko,10.99,0.61,,,10.99,4015200036298,SREDSTVA ZA ČIŠĆENJE
OM SILAN AT LOTUS 1.1 L,90890212,SILAN,1.10 l,ko,2,1.82,,,2,9000101584059,SREDSTVA ZA ČIŠĆENJE
THE PINK STUFF  KUPAONICA 750 ml,90789834,THE PINK STUFF,0.75 l,ko,,3.44,2.58,3.45,3.45,5060033820117,SREDSTVA ZA ČIŠĆENJE
DET LIKVI ULTRA FRESH 1.35L,90381938,LIKVI,1.35 l,ko,3.49,2.59,,,3.49,3850105170330,SREDSTVA ZA ČIŠĆENJE
OM ORNEL VIOLET 1.6L,90662854,ORNEL,1.60 l,ko,4.59,2.87,,,3.99,3850105182197,SREDSTVA ZA ČIŠĆENJE
DAX ODSTR MRLJA OXI AKT KISIK 500ML,90212675,DAX,0.50 l,ko,2.25,4.5,,,2.25,3850334571489,SREDSTVA ZA ČIŠĆENJE
OM ORNEL ALLURE 800 ml,90785331,ORNEL,0.80 l,ko,2.95,3.69,,,2.95,3850105186553,SREDSTVA ZA ČIŠĆENJE
DET OSJ VIOLETA BLACK 2.7L,90346416,VIOLETA,2.70 l,ko,9.29,3.44,,,9.29,3870128016996,SREDSTVA ZA ČIŠĆENJE
SRED SUPER JON IQ UNIVERZ 425 ml+2T,90899897,SUPER JON,1.00 ko,ko,,3.49,3.49,4.89,4.89,3850111505775,SREDSTVA ZA ČIŠĆENJE
DET LIKVI ULTRA FRESH 900ml,90369960,LIKVI,0.90 l,ko,,2.21,1.99,2.52,2.52,3850105170286,SREDSTVA ZA ČIŠĆENJE
VANISH POWERGEL 200ml,90080561,VANISH,0.20 l,ko,,30.95,6.19,7.75,7.75,5999109563385,SREDSTVA ZA ČIŠĆENJE
ARF WC PERIN POWER 700ml,90468159,ARF,0.70 l,ko,2.69,3.84,,,2.69,3850105175014,SREDSTVA ZA ČIŠĆENJE
TAB FINISH QUANTUM MAX 72,90316153,FINISH ADW,72.05 ko,ko,24.49,0.34,,,24.49,5908252004904,SREDSTVA ZA ČIŠĆENJE
AJAX ULTRA LEMON 1 L,90895409,AJAX,1.00 l,ko,,1.89,1.89,3.69,3.69,8718951730045,SREDSTVA ZA ČIŠĆENJE
OM SILAN MAGNOLIA 2.772L,90713239,SILAN,2.77 l,ko,8.99,3.24,,,8.99,9000101581508,SREDSTVA ZA ČIŠĆENJE
DET NILA MY HAPPY COLORS 3.7L,90593631,NILA,3.70 l,ko,4.79,1.29,,,4.99,3850105180704,SREDSTVA ZA ČIŠĆENJE
SANITAR FLASH POWER 750 ml,90825970,SANITAR,0.75 l,ko,,2.12,1.59,2.59,2.15,3850111505690,SREDSTVA ZA ČIŠĆENJE
OM SILAN FRESH SKY 1.408L,90744995,SILAN,1.41 l,ko,,2.12,2.99,5.65,2.79,9000101801125,SREDSTVA ZA ČIŠĆENJE
DET FROSCH ALOE VERA 750ml,90428349,FROSCH,0.75 l,ko,,2.13,1.6,2.29,2.29,4009175165213,SREDSTVA ZA ČIŠĆENJE
KITTY SM STERILE 2kg,90138606,KITTY,2.00 kg,ko,3.99,2,,,3.99,3850334011626,PROIZVODI ZA KUĆANSTVO
ALU POSUDA+POKL F&P 750ml 4/1,90513607,FRESH&PACK,1.00 ko,ko,1.59,1.59,,,1.59,3850334395849,PROIZVODI ZA KUĆANSTVO
MG MM PIL GRAŠAK 85 g VR,90775151,MIGLIOR,0.09 kg,ko,0.55,6.47,,,0.55,8007520027366,PROIZVODI ZA KUĆANSTVO
WHISKAS MM PERAD SENIOR 4X85G,90678154,WHISKAS,0.34 kg,ko,2.75,8.09,,,2.75,5900951301759,PROIZVODI ZA KUĆANSTVO
FELIX MM RIBLJI MENU 4X85g,90582746,FELIX,0.34 kg,ko,,5.85,1.99,2.79,2.79,7613287491725,PROIZVODI ZA KUĆANSTVO
REKORD MAGIČNA KRPA 4/1,90268609,REKORD TIM,4.00 ko,ko,3.75,0.94,,,3.75,3858882681391,PROIZVODI ZA KUĆANSTVO
FRISKIES MM JUNIOR PIL 85g,90381993,FRISKIES,0.09 kg,ko,0.59,6.94,,,0.59,7613036964661,PROIZVODI ZA KUĆANSTVO
PAP ZA PEČ LIST 30/1 ROUND 36CM ALUF,90875147,ALUFIX,1.00 ko,ko,4.49,4.49,,,4.49,4823071665727,PROIZVODI ZA KUĆANSTVO
SUNCOKRET SJEMENKE HP 1kg  HOBBY,01640919,HOBBY,1.00 kg,ko,3.35,3.35,,,3.35,3838964110513,PROIZVODI ZA KUĆANSTVO
KRPA ZA POD TALENT EXTRA SOFT,05355145,VILEDA,1.00 ko,ko,,3.35,3.35,4.79,4.79,4003790000126,PROIZVODI ZA KUĆANSTVO
VREĆA SMEĆE MD VEZ 60 L 18/1 DAX,90800107,DAX,18.00 ko,ko,1.79,0.1,,,1.79,3850334101778,PROIZVODI ZA KUĆANSTVO
SHEBA MM JUNIOR PIL U UMAKU 85 g VR,90775495,SHEBA,0.09 kg,ko,0.99,11.65,,,0.99,4770608264567,PROIZVODI ZA KUĆANSTVO
VREĆE SMEĆE FINO TITAN FLEX 35L 15/1,90673134,FINO,14.93 ko,ko,,0.15,2.31,2.89,2.92,5201314154303,PROIZVODI ZA KUĆANSTVO
KANTA OCJEĐIVAČ OKRUGLA 12 L CS,90799930,CLEAN SMART,1.00 ko,ko,5.19,5.19,,,5.19,3859893097201,PROIZVODI ZA KUĆANSTVO
VREĆICA JUMBO KONZUM,90573536,K PLUS,1.00 ko,ko,0.2,0.2,,,0.2,3850334524218,PROIZVODI ZA KUĆANSTVO
ALU FOLIJA 50MX29cm F&P,90675177,FRESH&PACK,1.00 ko,ko,3.49,3.49,,,1,3850334431608,PROIZVODI ZA KUĆANSTVO
PEDIGREE DENTASTIX CH CHUNX MINI 68g,90599856,PEDIGREE,0.07 kg,ko,1.79,26.32,,,1.79,4008429136382,PROIZVODI ZA KUĆANSTVO
POSLASTICA FELIX DM PILETINA 4X10 g,90864717,FELIX,0.04 kg,ko,2.19,54.75,,,2.19,8445291532526,PROIZVODI ZA KUĆANSTVO
KANTA S CJED VILEDA SUPER MOČO  5111,05354984,VILEDA,1.00 ko,ko,19.99,19.99,,,19.99,4003790105111,PROIZVODI ZA KUĆANSTVO
VREĆA SMEĆE TITAN FLEX 60 l 10/1 FINO,90673141,FINO,10.00 ko,ko,,0.23,2.31,2.89,2.89,5201314154327,PROIZVODI ZA KUĆANSTVO
SPUŽVA PURACT ISPIR 2/1 3943,05350096,VILEDA,2.00 ko,ko,,1.07,2.14,3.05,3.05,4023103083943,PROIZVODI ZA KUĆANSTVO
TOMI MM PURETINA/ŠPINAT 100g,90607992,TOMI,0.10 kg,ko,0.99,9.9,,,0.99,4003024490877,PROIZVODI ZA KUĆANSTVO
BRISAČ PODA PLOSNATI ACTIVE MAX MOP,05512792,VILEDA,1.00 ko,ko,26.99,26.99,,,26.99,8001940006642,PROIZVODI ZA KUĆANSTVO
SPUŽVA TRENDY 10/1,90364702,REKORD TIM,10.00 ko,ko,2.25,0.23,,,2.25,3859888122789,PROIZVODI ZA KUĆANSTVO
METLA VANJSKA DRŠKA DAX,90276280,DAX,1.00 ko,ko,3.32,3.32,,,3.32,3850334599940,PROIZVODI ZA KUĆANSTVO
RUKAVICE VILEDA KUĆ SENS LEICH VEL,05570013,VILEDA,1.00 ko,ko,,2.79,2.79,3.99,3.99,8001940003337,PROIZVODI ZA KUĆANSTVO
ALU FOLIJA DOMUS 30m,90344370,DOMUS,30.00 m,ko,4.78,0.16,,,4.78,3859893097331,PROIZVODI ZA KUĆANSTVO
FRISKIES SM PIL POV 1.5kg,90044309,FRISKIES,1.50 kg,ko,,2.99,4.49,6.69,6.69,7613033923586,PROIZVODI ZA KUĆANSTVO
VOLI VOLI SP PIL I GOV 3kg,90733579,VOLI VOLI,3.00 kg,ko,6.39,2.13,,,6.39,3859893822520,PROIZVODI ZA KUĆANSTVO
PAPIR PEČENJE FORM GREEN NATURE 16/1,90570151,ALUFIX,16.00 ko,ko,3.29,0.21,,,3.29,4823071659719,PROIZVODI ZA KUĆANSTVO
MC SP MINI GOV ZOB POVR 800 g,90774788,MIGLIOR,0.80 kg,ko,0.1,0.13,,,3.59,8007520027113,PROIZVODI ZA KUĆANSTVO
BUDDY MP MINI GOV JET 300g,90725767,BUDDY,0.30 kg,ko,0.99,3.3,,,0.99,3850334043689,PROIZVODI ZA KUĆANSTVO
CESAR MP IZBOR U ŽELEU 4X100g,90335172,CESAR,0.40 kg,ko,3.79,9.48,,,3.79,5900951253577,PROIZVODI ZA KUĆANSTVO
PEDIGREE DENTASTIX CH CHUNX MAXI 68g,90599853,PEDIGREE,0.07 kg,ko,1.79,26.32,,,1.79,4008429136405,PROIZVODI ZA KUĆANSTVO
HOBBY VIT MINI KUNIĆ 500g,01640519,HOBBY,0.50 kg,ko,1.99,3.98,,,1.99,3838964109487,PROIZVODI ZA KUĆANSTVO
VREĆICE ZA LED KOCKICE FINO 240/1,90364682,FINO,240.39 ko,ko,1.25,0.01,,,1.25,5201314981022,PROIZVODI ZA KUĆANSTVO
SALV NATUR PIK BIJ 30X30 1SL 100/1,90890309,NATUR,100.00 ko,ko,0.99,0.01,,,0.99,3850334432193,PROIZVODI ZA KUĆANSTVO
KOCKE ZA POTPALU FLASH PARAFIN 80/1,90732346,FLASH,80.00 ko,ko,4.99,0.06,,,4.99,4007467822530,PROIZVODI ZA KUĆANSTVO
FRISKIES T-BONZ 150G,01642011,FRISKIES,0.15 kg,ko,1.99,13.27,,,1.99,4000487223332,PROIZVODI ZA KUĆANSTVO
PEDIGREE SP ADULT GOVED POVR 500 g,90774864,PEDIGREE,0.50 kg,ko,2.99,5.98,,,2.99,5900951310706,PROIZVODI ZA KUĆANSTVO
SHEBA DELIKATESSE MIX IZBOR 4X85g,90405328,SHEBA,0.34 kg,ko,3.29,9.68,,,3.29,4770608257132,PROIZVODI ZA KUĆANSTVO
WHISKAS SM TUNA 1.4KG,90212564,WHISKAS,1.40 kg,ko,8.99,6.42,,,8.99,5998749129944,PROIZVODI ZA KUĆANSTVO
BRISAČ POD MIKROF RES ZAMJ KRP DAX,90276228,DAX,1.00 ko,ko,,2.45,2.45,3.35,3.32,3850334599407,PROIZVODI ZA KUĆANSTVO
WHISKAS SM PILET POVRĆE 300g,01641664,WHISKAS,0.30 kg,ko,2.39,7.97,,,2.39,5900951014055,PROIZVODI ZA KUĆANSTVO
KITTY SM GOV 400G,01640551,KITTY,0.40 kg,ko,0.95,2.38,,,0.95,3850334046819,PROIZVODI ZA KUĆANSTVO
SUPER MOČO VILEDA RESE S DRŠKOM 3D,05510049,VILEDA,1.00 ko,ko,,10.91,10.91,15.59,15.59,4023103072206,PROIZVODI ZA KUĆANSTVO
MC MP SVINJ GRAŠAK MRKVA PATE 300 g,90774817,MIGLIOR,0.30 kg,ko,1.75,5.83,,,1.75,8007520027304,PROIZVODI ZA KUĆANSTVO
VOLI VOLI SP GOVEDINA 3kg,90733576,VOLI VOLI,3.00 kg,ko,5.49,1.83,,,5.49,3859893822506,PROIZVODI ZA KUĆANSTVO
GRISSINI MINI ZOB/LAN 70 G NUTRIBEL,90954889,NUTRIBELLA,0.07 kg,ko,0.99,14.14,,,0.99,8606108149348,HRANA
NAMAZ BILJ BUTTERY TASTE 200 g,90960035,NATURALE,0.20 kg,ko,2.49,12.45,,,2.49,4820245523029,HRANA
LOSOS SALATA MEDITER 170 g DELAMARIS,90975921,DELAMARIS,1.00 ko,ko,4.29,4.29,,,4.29,3838929620095,HRANA
KOKOS BRAŠNO 200 g Š EXTRA,90955296,ŠAFRAM,0.20 kg,ko,0.99,4.95,,,0.99,3859892109875,HRANA
RAVIOLI MORT BUR PEST 250 g SPEC MOM,90959962,SPECIAL MOMENTS,1.00 ko,ko,2.49,2.49,,,2.49,3850334445667,HRANA
SENF PREMIUM S MEDOM 290 g ZVIJEZDA,90970525,ZVIJEZDA,0.29 kg,ko,,5.14,1.49,1.79,1.79,3856015333179,HRANA
MAJONEZA 750 g ZVIJEZDA,90976138,ZVIJEZDA,0.75 kg,ko,3.99,5.32,,,5.99,3856015332783,HRANA
KOLAČ HORROR HALLOWEEN 165 g ECCHELE,90944652,GECCHELE,0.17 kg,ko,1.5,9.09,,,3.19,8015854330045,HRANA
MLADI SIR OD KRAVLJEG MLIJEKA 430 g,90959977,LIVANJSKI SIR,0.43 kg,ko,6.99,16.26,,,6.99,3870348000799,HRANA
DES NESQUIK CEREALS&MILK 3X25 g,90976232,NESTLE ŽITAR,0.08 kg,ko,1,13.33,,,1.5,3858894301027,HRANA
DESERT NESTLE FIT CHOCOLATE 3X23.5 g,90976235,NESTLE ŽITAR,0.07 kg,ko,1,14.18,,,1.5,3858894301058,HRANA
DESERT KIT KAT MINI 18/1 301 g,90939882,KIT KAT,0.30 kg,ko,5.19,17.24,,,5.19,7613035312050,HRANA
BOMB GUMENI SWEET BEAT MIX 400 g PVC,90935078,SWEET BEAT,0.40 kg,ko,3.99,9.98,,,3.99,3838900845585,HRANA
ČOKO ZA KUH DARK 46% 150 g DR OETKER,90974647,DR OETKER,0.15 kg,ko,2.99,19.93,,,2.99,8606015718392,HRANA
ČOKO MINI DJEDICE KIT KAT VR 6/1 66g,90974660,KIT KAT,0.07 kg,ko,0.5,7.58,,,3.49,8000300401479,HRANA
PRALINE SPEC MOME MOZART KUGLE 200 g,90955250,SPECIAL MOMENTS,0.20 kg,ko,4.79,23.95,,,4.79,3850334444622,HRANA
KEKS FINESSE CREAM BISCUIT 170 g,90955254,FINESSE,0.17 kg,ko,0.5,2.94,,,2.99,3850334444486,HRANA
KEKS SPECIAL M CIMET ZVJEZDICE 175 g,90955258,SPECIAL MOMENTS,0.18 kg,ko,1,5.71,,,2.99,3850334444660,HRANA
DESERT SPECI M TRUFFLES JAGODA 200 g,90955288,SPECIAL MOMENTS,0.20 kg,ko,2,10,,,3.99,3850334442147,HRANA
TELEĆA PODLAKTICA SK T BOER,90976239,T BOER & ZN,1.00 kg,kg,9.99,9.99,,,9.59,,HRANA
DESERT KIT KAT CHUNKY FUNKY 40 g,90939890,KIT KAT,0.04 kg,ko,1,25,,,1.35,3800020401576,HRANA
TEMELJAC RIBLJI 450 g,90929958,FISHERIJA,0.45 kg,ko,4.99,11.09,,,4.99,3858892086728,HRANA
STALAK KNOPPERS MINIS 72 kom,90944745,KNOPPERS,1.00 ko,ko,287.28,287.28,,,287.28,4014400471571,HRANA
KEKS PUNJ LIMUN/MAK KREMOM 200 g LAS,90954861,LASTA,0.20 kg,ko,1.99,9.95,,,1.99,3870128041554,HRANA
PRALINE MILKA OREO 197 g,90974806,MILKA,0.20 kg,ko,2,10.15,,,7.49,7622202043277,HRANA
RAJČICA PASIRANA 500 g E BUONO,90976284,E BUONO,0.50 kg,ko,0.79,1.58,,,0.79,3858894142132,HRANA
ČIPI ČIPS DUOPACK SLANI/PAPRIKA 250,90929654,ČIPI ČIPS,0.25 kg,ko,2.79,11.16,,,2.78,3856021306976,HRANA
JUHA RAJČICA PIKANT 420 g O'PLANT,90970053,O PLANT,0.42 kg,ko,1.99,4.74,,,1.99,3856020283582,HRANA
KINDER BUENO ADVENTSKI KALEND 181 g,90975156,FERRERO,0.18 kg,ko,2,11.05,,,8.99,8000500446706,HRANA
ČOK MLIJEKO 4X0.5L+LIP BALM DUKAT,90945135,DUKAT,2.00 l,ko,6.76,3.38,,,6.76,3850354019534,HRANA
PANETTONE CLASSIC 500 g,90955545,DOLCE FORNERIA,0.50 kg,ko,1,2,,,4.99,8002734001423,HRANA
PRALINE CRISPY NOCCIOLA 95 g WITORS,90959841,WITORS,0.10 kg,ko,0.5,5.26,,,1.99,8003535085773,HRANA
ČIPS CHIO ČČ ULTR REB VRH/ZAČ 120 g,90965024,CHIO,0.12 kg,ko,2.19,18.25,,,2.19,3856021307799,HRANA
ČIPS CHIO ČČ ULTR REB SOL/PAP 120 g,90965031,CHIO,0.12 kg,ko,2.19,18.25,,,2.19,3856021307812,HRANA
BOMBON MENTOS DISCOVERY 37.5 g,90955161,MENTOS,0.04 kg,ko,0.89,23.73,,,0.89,87368345,HRANA
DŽEM EXTRA JAGODA 580 g PODRAVKA,90949830,PODRAVKA,0.58 kg,ko,5.49,9.47,,,5.49,3856020280444,HRANA
ČAJ OČARAVAJU VOĆNJAK 20/1 50 g PODR,90949834,PODRAVKA,0.05 kg,ko,2.85,57,,,2.85,3838700393439,HRANA
ŠKOLJKE CAPPASANTE 300 g SPEC MOM,90965322,SPECIAL MOMENTS,0.30 kg,ko,7.99,26.63,,,7.99,3850334445629,HRANA
FEFERONI ZELENI 250/125 g ALMITO,90976301,ALMITO,0.13 kg,ko,1.79,14.32,,,1.79,5200311703941,HRANA
KREKER TWIST SOL I MED 80 g ELEPHANT,90955170,ELEPHANT,0.08 kg,ko,0.99,12.38,,,0.99,5949040205097,HRANA
ADVENTSKI KALENDAR MILKA 200 g,90974801,MILKA,0.20 kg,ko,2,10,,,9.99,7622201822446,HRANA
HAMBURGER PEČENI VAK,90935067,PIK VRBOVEC,1.00 kg,kg,6.99,6.99,,,6.99,3850139330458,HRANA
PINGVIN ČOKOLADNI SMARTIES 85 g,90974671,SMARTIES,0.09 kg,ko,0.5,5.88,,,3.99,42370291,HRANA
DJED BOŽIĆNJAK ČOKOLAD SMARTIES 85 g,90974673,SMARTIES,0.09 kg,ko,0.5,5.88,,,3.99,42370307,HRANA
PAHULJICE CHOCAPIC 450 g 20% GRATIS,90974921,NESTLE ŽITAR,0.45 kg,ko,4.49,9.98,,,4.49,5900020049049,HRANA
LUK GARDEN GOOD 450 g,90935034,GARDEN GOOD,0.45 kg,ko,0.99,2.2,,,0.99,3838900844335,HRANA
PROKULICE GARDEN GOOD 450 g,90935036,GARDEN GOOD,0.45 kg,ko,1.49,3.31,,,1.49,3838900844205,HRANA
ČIPS CHIO ČČ REBRASTI SLANI 120 g,90965007,CHIO,0.12 kg,ko,2.19,18.25,,,2.19,3856021307737,HRANA
ČIPS CHIO ČČ REBR VATREN LJUT 120 g,90965013,CHIO,0.12 kg,ko,2.19,18.25,,,2.19,3856021307751,HRANA
ČOKOLADA KINDER T10 125 g,90950073,FERRERO,0.13 kg,ko,1.89,15.12,,,1.89,4008400204727,HRANA
RIBLJI ŠTAPIĆI PEREC LEDO 364 g,90955722,LEDO,0.36 kg,ko,5.99,16.46,,,5.99,3850116067742,HRANA
KAVA ESP CLASSIC NS 10/1 52 g JACOBS,90955739,JACOBS,0.05 kg,ko,5.99,115.19,,,5.99,8711000371176,HRANA
KEKS SPECIAL M DOMINO KOCKE 125g,90956037,SPECIAL MOMENTS,0.13 kg,ko,1,8,,,1.99,3850334428790,HRANA
ŠUNKA PUREĆA EXCLUSIVE CCA 2600G,90141575,SLIM&FIT,1.00 kg,kg,12.99,12.99,,,12.99,3850220152709,HRANA
SV SLABINA I LEĐA BK  II KAT,02400167,PIK VRBOVEC,1.00 kg,kg,,3.49,3.49,3.69,6.39,3850139523386,HRANA
POSEBNA PUREĆA 500g VINDIJA,02044187,VINDON,0.50 kg,ko,1.99,3.98,,,1.99,3850159128332,HRANA
SIR MEKI KRAVLJI 400 g DIVAN GARDEN,90765204,DIVAN GARDEN,0.40 kg,ko,4.69,11.73,,,4.69,3858894600199,HRANA
UMAK ZIK ZAK BLAGI 310 g PODRAVKA,90889984,PODRAVKA,0.32 kg,ko,2.49,7.78,,,2.49,3856020275709,HRANA
ČOKOLADNO JAJE HOT WHEELS 20g ZAINI,90809657,ZAINI,0.02 kg,ko,1.19,59.5,,,1.19,80737797,HRANA
BOMBONI GUMENI LITTLE MIX 90 g FINI,90886081,FINI,0.09 kg,ko,1.39,15.44,,,1.39,8410525202575,HRANA
BOMBONI RED FRUIT MINIRING 100g TROLLI,90731299,TROLLI,0.10 kg,ko,1.65,16.5,,,1.65,4003084319637,HRANA
UMAK BBQ SQUEEZE 250ML DEVELEY,90140639,DEVELEY,0.25 l,ko,2.99,11.96,,,2.99,4006824000246,HRANA
KAŠA ZOB RISE&SMILE JABUK CIM 65g,90713249,RISE&SMILE,0.07 kg,ko,,6.62,0.43,0.55,0.55,3850334043498,HRANA
ČOK TAMNA S LJEŠNJ 100g VRSNA,90473049,VRSNA,0.12 kg,ko,5.99,52.09,,,5.99,3858892258101,HRANA
KAŠICA HIPP BIO JAB/BAN/BRE/KEK 100g,90437961,HIPP,0.10 kg,ko,1.35,13.5,,,1.35,4062300319820,HRANA
ZOBENE PAHULJICE 500g SITNE NUMBERS ARE GOOD,90344832,POLLEO,0.50 kg,ko,1.59,3.18,,,1.59,3859893008467,HRANA
BAMBUS ŠTAPIĆI ZA JELO SAITAKU,90056076,SAITAKU,0.07 kg,ko,1.19,18.31,,,1.19,5060194790878,HRANA
KAŠICA FRUTEK BIO JAB MRK 190g,03141222,FRUTEK,0.19 kg,ko,,6.79,1.29,1.29,1.75,3838945016469,HRANA
UMAK BBQ JALAPENO 345g,90703031,PODRAVKA,0.35 kg,ko,2.99,8.67,,,2.99,3856020264383,HRANA
ZAČIN PERŠIN LIST POS. 13g VEGETA MAESTRO,90364210,VEGETA MAESTRO,0.01 kg,ko,1.79,137.69,,,1.79,3850104294938,HRANA
TABASCO ZELENI 60ML NIKAS,01490318,TABASCO,0.06 l,ko,4.59,76.5,,,4.64,0011210009530,HRANA
OCAT JABUČNI 0.5 L VRBANEK,90572591,VRBANEK,0.50 l,ko,1.69,3.38,,,1.69,3859891209224,HRANA
BOMBON GUM KIS MAČKA 125 g BEAUTY SW,90880114,BEAUTY SWEETIES,0.13 kg,ko,2.89,23.12,,,2.89,4260278363108,HRANA
SLAD GRČKI JOGURT SANDWICH 4x90 ml,90775881,KRI KRI,0.28 l,ko,4.99,17.81,,,4.99,5202234251899,HRANA
KIKIRIKI JEZGRA PRŽ NESL VEDRIN 400g,90850464,VEDRINI,0.20 kg,ko,2.39,11.95,,,2.39,3858889333712,HRANA
PAPRIČICE JALAPENO LJUTE 225g POCO LOCO,90703554,POCO LOCO,0.23 kg,ko,3.05,13.56,,,3.05,5412514937188,HRANA
ČOKOLAD TAMNA 70% MALINA 100 g VALOR,90880101,VALOR,0.10 kg,ko,2.99,29.9,,,2.99,8410109050561,HRANA
KRASTAVAC EXCLUSIVE 350/170 g DOORA,90885087,DOORA,0.17 kg,ko,2.25,13.24,,,2.25,3858894540297,HRANA
SIR KUHANI BUČ KOŠTI cca 300 g VERON,90824901,VERONIKA,1.00 kg,kg,13.29,13.29,,,13.29,,HRANA
KAVA MELANGE MLJEVENA 500 g JULIUS,90874685,JULIUS MEINL,0.50 kg,ko,12.19,24.38,,,12.19,9000403208202,HRANA
VEGETA NATUR VR 75g PODRAVKA,90331815,VEGETA,0.08 kg,ko,1.49,19.87,,,1.49,3850104257933,HRANA
BUĐOLA 80g GROTA,90669799,GROTA,0.08 kg,ko,3.99,49.88,,,3.19,3859893167256,HRANA
BURGER SENSATION GARDEN GOURMET 300 g,90799848,GARDEN GOURMET,0.30 kg,ko,,15.25,4.58,5.49,5.49,7613287514936,HRANA
RAJČICA PELAT GARDEN GOOD 800/480 g,90854740,GARDEN GOOD,0.48 kg,ko,1.79,3.73,,,2.09,3838900843185,HRANA
KAKAO NAPITAK 15g STEVIQ,90794782,STEVIQ,0.02 kg,ko,0.3,20,,,0.89,3858893680222,HRANA
CRISPY POH ČEŠNJAK 70 g KOTANYI,90890046,KOTANYI,0.07 kg,ko,1.89,27,,,1.89,9001414338025,HRANA
TUNJ OCEAN KOM NATUR 3X80 g/3X56 g,90869913,OCEAN,0.17 kg,ko,,14.23,2.39,2.99,2.99,3850334114501,HRANA
REZANCI BATAT PIR 200g KOVAČIĆ,90759800,OPG IVAN KOVAČIĆ,0.20 kg,ko,2.89,14.45,,,2.89,3858893350125,HRANA
TARTUFI BIJELI MLJEVENI 40 g ZIGANTE,90800756,ZIGANTE,0.09 kg,ko,21.99,244.33,,,21.99,3858891983127,HRANA
ČAJ BAZGA 40G,90404279,SUBAN,0.04 kg,ko,3.19,79.75,,,3.19,3858882912365,HRANA
KOPAR 30g SOTINAC,90750973,OPG SOTINAC,0.03 kg,ko,1.39,46.33,,,1.39,3859893718328,HRANA
UMAK SIR 250 ml THOMY,90890356,THOMY,0.25 l,ko,2.75,11,,,2.75,40057842,HRANA
SLAD CARTE D'OR ČOK LJEŠ VEGAN 825 ml,90765369,CARTE D OR,0.83 l,ko,6.99,8.47,,,6.99,8711327630680,HRANA
MLIJEKO ZAMJ HIPP BIO 12+ 600g,90407588,HIPP,0.60 kg,ko,12.59,20.98,,,12.59,4062300355446,HRANA
VOĆNI NAMAZ OD SMOKVE 330gr,90403916,BOKUN,0.33 kg,ko,4.69,14.21,,,4.19,3859891224111,HRANA
ČAJ KAMILICA FILTAR 15/1,90623759,SUBAN,0.03 kg,ko,2.65,106,,,2.65,3858882912525,HRANA
AGARTIN BILJ TVAR ZA ŽEL 10g KOTANYI,90412436,KOTANYI,0.01 kg,ko,0.89,89,,,0.89,9001414603017,HRANA
DESERT PINA COLADA 130g PLANTON,90602872,PLANTON,0.13 kg,ko,1.99,15.31,,,1.99,5901104005517,HRANA
PAHULJICE LION MINIS 300 g NESTLE,90869978,NESTLE ŽITAR,0.30 kg,ko,4.49,14.97,,,4.49,5900020044891,HRANA
RIŽA PARBOILED 4X125 g KRESTO    ,90114509,KRESTO,0.50 kg,ko,2.09,4.18,,,2.09,3858882290463,HRANA
FLIPS CLIPSY SIR/KEC/CHILI PAP 150 g,90887012,PEPSICO,0.15 kg,ko,1.99,13.27,,,1.99,8606033741464,HRANA
PAPAR ZELENI ZRNO 12g VREĆ KOTANY,04100269,KOTANYI,0.01 kg,ko,1.49,124.17,,,1.49,9001414010075,HRANA
BOMBONI MEK SPLASHZ FRUIT 120g BAZOOKA,90769661,BAZOOKA,0.12 kg,ko,1.99,16.58,,,1.99,5011053026591,HRANA
KAŠ HIPP POVR RIŽA PURET 250g,90406842,HIPP,0.25 kg,ko,,7.8,1.95,2.29,2.29,4062300036710,HRANA
VOĆNI NAMAZ OD ARONIJE 300gr BOKUN,90403913,BOKUN,0.30 kg,ko,4.69,15.63,,,4.19,3859891224838,HRANA
PRIPRAV ZA KUH S BILJ MAS HOPL 200ml,90303669,HOPLA,0.20 l,ko,1,5,,,1,8000005047200,HRANA
INSTANT CRONAT GOLD JACOBS 200g ST,04070073,JACOBS,0.20 kg,ko,14.99,74.95,,,12.99,8711000532904,HRANA
DESERT KINDER PINGUI 4pack 120g,90032543,FERRERO,0.12 kg,ko,2.69,22.42,,,2.39,8000500119716,HRANA
SV VRAT BK  ,02400045,PIK VRBOVEC,1.00 kg,kg,5.49,5.49,,,5.49,3850139523492,HRANA
NARANČA PLUS,90869896,,1.00 kg,kg,1.99,1.99,,,1.39,3856028689799,HRANA
KRANJSKA KOB 300g VAC PODRAVKA,90317250,PODRAVKA,0.30 kg,ko,4.09,13.63,,,3.99,3856020213602,HRANA
MINI MOZZARELLA K PLUS 125g,90070153,K PLUS,0.13 kg,ko,,9.52,1.19,1.19,1.46,3850334387974,HRANA
SMOOTHIE B'AKTIV BOROV-BAN 330g,90514033,B'AKTIV,0.33 kg,ko,1.99,6.03,,,1.85,3850354015888,HRANA
PRŠUT K PLUS 100 g NAR,90428198,K PLUS,0.10 kg,ko,,22.9,2.29,2.89,2.69,3850334235930,HRANA
ČOKOLADA DORINA ZA KUHANJE 300g KR,04212090,DORINA,0.30 kg,ko,5.59,18.63,,,5.59,3850102120697,HRANA
KEKS PETIT BEURRE 480g KRAŠ,04151117,KRAŠ,0.48 kg,ko,2.99,6.23,,,2.99,3850102311439,HRANA
SIR MEKI PUNOMASNI SALAKIS 250g DUK,02103166,PRESIDENT,0.25 kg,ko,4.99,19.96,,,4.79,3850355001637,HRANA
TOAST K PLUS AMERICAN INTEGRAL 750g,90593371,K PLUS,0.75 kg,ko,2.15,2.87,,,1.59,3850334519801,HRANA
ULJE SUNCOKRET 1.2 L ZVIJEZDA,90204462,ZVIJEZDA,1.20 l,ko,,1.54,1.85,1.85,1.85,3856015313249,HRANA
KULEN NAR 100G MA PIK,90240711,PIK VRBOVEC,0.10 kg,ko,2.79,27.9,,,2.19,3850139012132,HRANA
SVJ TIJESTO ZA PIZZU MAXX 550g,90183714,MINUTE,0.55 kg,ko,1.85,3.36,,,1.85,3850334411990,HRANA
PAŠTETA ČAJNA 100g GAVRILOVIĆ,02166179,GAVRILOVIĆ,0.10 kg,ko,,10.9,1.09,1.19,1.55,3858881221529,HRANA
KOBASICA KRANJSKA K PLUS 600g VAK,90279813,K PLUS,0.60 kg,ko,3.84,6.4,,,3.84,3850334610119,HRANA
PAH LINO PILLOWS TAMNI PODR VR 500g,90069525,LINO,0.50 kg,ko,4.99,9.98,,,4.99,3850104263538,HRANA
KEFIR K PLUS 3.5% MM 1kg PET,90518505,K PLUS,1.00 kg,ko,,1.29,1.29,1.65,1.65,3850334388162,HRANA
POLI KRATKI 500g PERUTNINA,02048273,POLI,0.50 kg,ko,,6.98,3.49,3.49,4.25,3850220153065,HRANA
PUREĆI FILE OD PRSA 475g,90745156,VINDON,0.48 kg,ko,6.59,13.87,,,6.59,3850339402665,HRANA
JOGURT B'AKTIV LGG NATUR 330g DUKAT,90514018,B'AKTIV,0.33 kg,ko,,3.91,1.29,1.29,1.29,3850354015833,HRANA
TOAST 500g    KLARA,04010237,KLARA,0.50 kg,ko,2.15,4.3,,,2.15,3858881320017,HRANA
MLIJEKO ČOKOLADNO 'ZB 200ML VINDIJA,02230108,Z BREGOV,0.20 l,ko,0.99,4.95,,,0.99,3850108023091,HRANA
TIJESTO MAXX SPIRALI 57 625g PASTA ZARA,90297943,PASTA ZARA,0.63 kg,ko,1.59,2.54,,,1.59,8004350180575,HRANA
ČIPS HRUSTY PAPRIKA RR 150g,90705053,HRUSTY,0.15 kg,ko,,6.13,0.92,0.99,1.15,3850334009807,HRANA
SV KOLJENICA SK MHF,90283091,PIK VRBOVEC,1.00 kg,kg,3.65,3.65,,,4.05,3850139523454,HRANA
KEKS MLJEVENI PLAZMA 300g,04150726,BAMBI,0.30 kg,ko,2.99,9.97,,,2.99,8600043001105,HRANA
MIX NESCAFE CL 3U1 10/1 155g VR,90804745,NESCAFE,0.16 kg,ko,2.99,19.29,,,2.99,8445291261044,HRANA
KEKS OREO 176g,90288240,OREO,0.18 kg,ko,2.19,12.44,,,2.19,7622210765338,HRANA
DVOPEK K PLUS 320g,90657911,K PLUS,0.32 kg,ko,1.46,4.56,,,1.46,3850334019097,HRANA
KEKS PLAZMA 300g,04150724,BAMBI,0.30 kg,ko,2.99,9.97,,,2.99,8600043000023,HRANA
KRUMPIR ZA KUHANJE 2.5 kg,90201914,KORA,2.50 kg,ko,,0.6,1.49,2.69,2.79,3850334151476,HRANA
ŠTAPIĆI SALTAS KIKIRIKI 4PACK 160g,90089551,SALTAS,0.16 kg,ko,1.79,11.19,,,1.79,3856014114205,HRANA
ČOKOLADA RIKI S RIŽOM  300g KANDIT,04210441,RIKI,0.30 kg,ko,5.69,18.97,,,5.69,3858881040472,HRANA
CROISSANT 7DAYS KAKAO 240g 6/1,90087526,CHIPITA,0.24 kg,ko,3.99,16.62,,,3.99,7622202049385,HRANA
SLAD KORNET MAXIMO 160ML LEDO,02351198,KING,0.16 l,ko,2.69,16.81,,,2.69,3850116815107,HRANA
BUĐOLA K PLUS 1/2,90043578,K PLUS,1.00 kg,kg,21.99,21.99,,,19.99,,HRANA
ČIPS HRUSTY LUK I VRHNJE  XCUT 150g,90705147,HRUSTY,0.15 kg,ko,,6.87,1.03,1.29,1.29,3850334044730,HRANA
DORUČAK MESNI 150g GAVRILOVIĆ,02165970,GAVRILOVIĆ,0.15 kg,ko,,11.27,1.69,1.75,2.15,3858881220010,HRANA
PAŠTETA OD TUNE 95g ARGETA,90047225,ARGETA,0.10 kg,ko,,17.79,1.69,1.69,1.99,3838975567061,HRANA
BANJALUČKI ĆEVAP E 500g PPK,90707581,PPK,0.50 kg,ko,4.99,9.98,,,4.49,3858890803860,HRANA
SLJEME SLANINA VAK,90851079,SLJEME,1.00 kg,kg,10.49,10.49,,,10.99,3850139285383,HRANA
MLIJEKO UHT K PLUS 1L 2.8%,90219803,K PLUS,1.00 l,ko,,0.69,0.69,0.69,0.79,3850334580474,HRANA
KRUŠKA CONFERANS,01410030,,1.00 kg,kg,,1.29,1.29,1.29,2.49,3858885876619,HRANA
PAŠTETA PILEĆA  95g LO PODRAVKA,90087648,PODRAVKA,0.10 kg,ko,1.29,13.58,,,1.29,3858886469179,HRANA
KEKS MOTO KAKAO 4/1 192g,90352908,MOTO,0.19 kg,ko,1.99,10.36,,,1.79,3850102522880,HRANA
KOLAČI FINI DOMAĆI 290g MLINAR,90493497,MLINAR,0.29 kg,ko,4.99,17.21,,,4.69,3858889893704,HRANA
KOŠARICE LISNATO 60 g 12/1 CONFILETA,90887098,CONFILETAS,0.06 kg,ko,3,50,,,4.99,8427778896178,HRANA
ČOKOLADA MILKA BIJELA 90 g,90890012,MILKA,0.09 kg,ko,2.49,27.67,,,2.49,7622202265662,HRANA
BURGER PECIVO RAW ŠTILJ 2x80g,90486563,RAW ŠTILJ,0.16 kg,ko,0.8,5,,,0.8,3850334411877,HRANA
ZOB KEKSI SRCA LJEŠ/ČOK 50g ROW SPIRIT,90707939,ROW SPIRIT,0.05 kg,ko,1.19,23.8,,,1.19,3859894094032,HRANA
UMAK ORIGINAL 148ml FRANK’S,90364241,FRANK'S REDHOT,0.15 l,ko,4.29,28.99,,,4.29,041500888125,HRANA
TRGANE PALAČINKE TONI KAISER 250 g,90825023,TONI KAISER,0.25 kg,ko,3.99,15.96,,,3.99,9002050201162,HRANA
LIZALICE FLOPITO BLACK HEART 500g 50/1,90485137,FLORESTAL,0.50 kg,ko,3.71,7.42,,,3.71,7896321019981,HRANA
PROT PUD ŠLAG ČOK ACTIVE ZONE 4X115g,90900123,ACTIVE ZONE,0.46 kg,ko,2.49,5.41,,,2.49,3838900836804,HRANA
SUNSET MIX 350 g NATURA PLUS,90895285,NATURA,0.35 kg,ko,4.99,14.26,,,4.99,3858893922520,HRANA
ČOKOLADA MILKA NOISETTE 190 g,90889946,MILKA,0.19 kg,ko,4.49,23.63,,,4.49,7622202305733,HRANA
VRH KIS ZA SVJ SIR 22%MM 430 g MEGGL,90886151,MEGGLE,0.43 kg,ko,2.85,6.63,,,2.99,3870085020784,HRANA
NAPOLITANKE SUNNY KAKAO 700 g,90920606,SUNNY,0.70 kg,ko,2.25,3.21,,,2.25,3850334437013,HRANA
TIJESTO MEZZE PENNE 500 g BRAGAGNOLO,90894654,BRAGAGNOLO,0.50 kg,ko,1.99,3.98,,,1.99,8004350003898,HRANA
MLIJEČNI NAPITAK ČOK 500 ml ZOTT,90879804,HUNGRY,0.50 l,ko,4.49,8.98,,,4.99,4014500521107,HRANA
GYOZA SA PILETINOM I POVRĆEM 600g,90617784,AJINOMOTO,0.60 kg,ko,11.94,19.9,,,11.94,5905279248007,HRANA
INSTANT NESCAFE CREMA SEN ST 2X190 g,90909808,NESCAFE,0.38 kg,ko,16.38,43.11,,,14.98,8445291906181,HRANA
MASLINE ZELENE 235/130 g SERPIS,90889767,SERPIS,0.13 kg,ko,1.79,13.77,,,1.79,8410344700146,HRANA
KROKETI 400 g ZP,90890445,ZLATO POLJE,0.40 kg,ko,1.89,4.73,,,1.89,3838700369304,HRANA
NAPOLITANKE SUNNY LJEŠNJAK 700 g,90920609,SUNNY,0.70 kg,ko,2.25,3.21,,,2.25,3850334436993,HRANA
KRUPICA KUKURUZNA BIJELA 500 g TENA,90914685,TENA,0.50 kg,ko,1.49,2.98,,,1.49,3858887101801,HRANA
VAFL KINDER TRONKY 90 g FERRERO,90915223,FERRERO,0.09 kg,ko,2.49,27.67,,,1.99,8000500384794,HRANA
DATULJA S KOŠTICOM 200 g NATURA,90895305,NATURA,0.20 kg,ko,1.25,6.25,,,1.25,3859892798024,HRANA
HAMBURGER 600 g K PLUS,90890236,K PLUS,0.60 kg,ko,,5.75,3.45,3.85,3.85,3850139286335,HRANA
KEKS FINESSE SPECULAS 200 g,90899863,FINESSE,0.20 kg,ko,,9.95,1.99,2.79,2.79,3850334440464,HRANA
PECIVO BIJELO 8/1 400 g DON DON,90920526,TVOJIH 5 MIN,0.40 kg,ko,1.99,4.98,,,1.99,3830085171718,HRANA
NAMAZ TUNA I MAJONEZA 100 g RIO MARE,90920046,RIO MARE,0.10 kg,ko,3.59,35.9,,,3.59,8004030560048,HRANA
GROŽĐICA GARDEN GOOD SUHA 500 g,90924687,GARDEN GOOD,0.50 kg,ko,2.79,5.58,,,2.79,3850334444004,HRANA
ŠUNKA SELJAČKA NAR 350 g,90909791,WEIN,0.35 kg,ko,5.49,15.69,,,5.49,4003419025400,HRANA
TUNA STEAK MASL ULJE 2X80/2X52 g EVA,90914897,EVA,0.10 kg,ko,5.39,51.83,,,5.39,3856020278496,HRANA
LOKARDA SVJ PAK KONZUM,02199529,,1.00 kg,kg,6.49,6.49,,,3.99,,HRANA
TIJESTO SEPIATELLE 250 g MARODI,90890026,MARODI,0.25 kg,ko,2.99,11.96,,,2.99,3859894191144,HRANA
ULJE MASLINOVO EX DJE 0.25 L MILATIĆ,90920044,OPG IVO MILATIĆ,0.25 l,ko,9.99,39.96,,,9.99,3859894053039,HRANA
KEKS ČAJNI KOLUTIĆI KOKOS 800 g KRAŠ,90914795,KRAŠ,0.80 kg,ko,,3.74,2.99,2.99,3.89,3850120700017,HRANA
ŠTAPIĆI SEZAM 230 g ZLATNO ZRNO,90920528,ZLATNO ZRNO,0.23 kg,ko,2.99,13,,,2.99,3859889360333,HRANA
FRANKFURTER HRENOVKE XXL 360 g,90924692,WUDY,0.36 kg,ko,1.39,3.86,,,1.39,8008110559830,HRANA
ČOKOLADA MILKA CIJELI LJEŠNJAK 95 g,90909797,MILKA,0.10 kg,ko,2.49,26.21,,,2.49,7622202264177,HRANA
LASAGNE RICOT ŠPINAT 400 g COME A CA,90919970,COME A CASA,0.40 kg,ko,2.69,6.73,,,2.69,5900741601151,HRANA
KOMPOT BRESKVA REZ 820/490 g EXCELS,90886696,EXCELSIOR,0.49 kg,ko,1.99,4.06,,,2.99,9001397506121,HRANA
TIJESTO MISTA 500 g BRAGAGNOLO,90894647,BRAGAGNOLO,0.50 kg,ko,1.99,3.98,,,1.99,8004350006646,HRANA
TRLJA SVJ PAKIRANA KONZUM,90405107,,1.00 kg,kg,4.19,4.19,,,4.19,,HRANA
PROTEIN NAP SLANA KARAM 250 ml ZOTT,90880086,ZOTT,1.00 ko,ko,1.39,1.39,,,1.39,4014500520766,HRANA
LINO MOJ PRVI FLIPS 45 g XXL,90924698,LINO,0.05 kg,ko,1.79,39.78,,,1.99,3856020277918,HRANA
KRAŠKI PRŠUT NAREZAK 100 g,90924697,KRAS,0.10 kg,ko,4.19,41.9,,,4.19,3838885333039,HRANA
ČOK SELECT ESPRESSO MARTINI 130 g,90915174,KRAŠ SELECTION,0.13 kg,ko,3.49,26.85,,,3.49,3850102015788,HRANA
ČOK SELECT FROZEN MARGARITA 130 g,90915182,KRAŠ SELECTION,0.13 kg,ko,3.49,26.85,,,3.49,3850102015801,HRANA
SNACK GOUDA CUBES SALAM 100 g DELI Q,90920040,DELI Q,0.10 kg,ko,2.79,27.9,,,2.79,5902431279206,HRANA
CARSKA PITA 155 g,90914888,MLINAR,0.15 kg,ko,1.99,13.27,,,1.99,3856028406792,HRANA
MIX NESCAFE STRONG 3U1 24/1 XXL 336g,90909923,NESCAFE,0.34 kg,ko,4.79,14.26,,,4.79,8445290961129,HRANA
ŠKAMPI FROZY 750 g,90920159,FROZY,0.75 kg,ko,14.99,19.99,,,14.99,3858891046488,HRANA
WUDY HRENOVKE 125 g,90924740,AIA,0.13 kg,ko,0.75,6,,,0.69,8008110043230,HRANA
BRANCIN BIO OČIŠĆENI MAP 720 g,90914988,CROMARIS,0.72 kg,ko,11.99,16.65,,,10.49,3858890596946,HRANA
SIR GAUDA K PLUS 100 g,90919702,K PLUS,0.10 kg,ko,,9.9,0.99,0.99,1.29,3850334444929,HRANA
JUNEĆE GULAŠ KOCKE 400 g MAP,90920490,DILMAR,0.40 kg,ko,6.09,15.23,,,5.99,3859894430052,HRANA
SLADOLED LOPTICA 140 ml,90920166,STANIĆ,0.14 l,ko,1.29,9.21,,,1.29,3830003460832,HRANA
MULTIPACK TUBA 555 g + VILICA THOMY,90920122,THOMY,0.56 kg,ko,5.5,9.91,,,5.99,8445292026680,HRANA
ŠUNKA KUHANA PREMIUM NARESCI 100 g,90915189,GAVRILOVIĆ,0.10 kg,ko,1.99,19.9,,,1.99,3858892727935,HRANA
INSTANT ICE COFFEE 85 g FRANCK,90915278,FRANCK,0.09 kg,ko,,51.53,4.38,5.49,5.49,3850291055619,HRANA
KAVA FORZA NS 10/1 52 g L OR,90915227,L OR,0.05 kg,ko,6.59,126.73,,,6.59,8711000357934,HRANA
TUNA STEAK MASL ULJE 160/104 g EVA,90914895,EVA,0.10 kg,ko,3.79,36.44,,,3.79,3856020278250,HRANA
KEKS FINESSE ČAJNI KOLUTIĆI 800 g,90920612,FINESSE,0.80 kg,ko,,2.49,1.99,2.59,2.59,3850334437037,HRANA
SIR POLUTV DIMEK  200 g VINDIJA,90904934,VINDIJA SIREVI,0.20 kg,ko,3.89,19.45,,,3.89,3850108057973,HRANA
NAMAZ ALPINESSE SLANI 250g MEGGLE,90083828,ALPINESSE,0.25 kg,ko,3.99,15.96,,,3.99,4034900008206,HRANA
ČAJNA KOBASICA MAXI 650g PODRAVKA,90051583,PODRAVKA,0.65 kg,ko,,13.83,8.99,8.99,8.79,3858886467069,HRANA
ŽV GUMA AIRW BLACK MINT WRIG 14g,04201260,WRIGLEY,0.01 kg,ko,0.99,70.71,,,0.99,42101925,HRANA
SLAD LEDO PLAZMA CHEESECAKE 100 ml,90764895,LEDO,0.10 l,ko,2,20,,,2,3850116064260,HRANA
ŠTRUDLICE PREKRAŠNI SMOKVA 200g,90789860,PREKRAŠNI ŠTRUDLICE,0.20 kg,ko,1.99,9.95,,,1.39,3850102012794,HRANA
RAJČICA PASIRANA GARDEN GOOD 400g ST,90731461,GARDEN GOOD,0.40 kg,ko,1.19,2.98,,,1.19,3850334071644,HRANA
PITA KRUMPIRUŠA JAMI 900G,90403341,JAMI,0.90 kg,ko,4.29,4.77,,,3.99,3871832018221,HRANA
JOGURT K PLUS ČVRSTI 900g,90731605,K PLUS,0.90 kg,ko,1.89,2.1,,,1.79,3850334071453,HRANA
FLIPS CHIO MINIONS 75g,90298389,CHIO,0.08 kg,ko,1.55,20.67,,,1.55,9000159732501,HRANA
ČOKOL DORINA RIŽA 75g NL,04211159,DORINA,0.08 kg,ko,1.89,25.2,,,1.89,3850102123681,HRANA
VRHNJE KISELO ZB 12%MM 200g VINDIJA,02330163,Z BREGOV,0.20 kg,ko,0.94,4.7,,,0.94,3850108033007,HRANA
SLAD QUATTRO MINI CHOCOMANIA 900ml,90084043,QUATTRO,0.90 l,ko,4.99,5.54,,,4.99,3850116036298,HRANA
SIR MEKI PLAVA PL BOVI BLUE 100g VIND,02103000,Z BREGOV,0.10 kg,ko,2.25,22.5,,,2.25,3850108052497,HRANA
FLIPS BOBI 2X90g KAROLINA,04140940,BOBI,0.18 kg,ko,1.89,10.5,,,1.65,3858891590325,HRANA
ČVARCI 200 g PIVAC,90819846,PIVAC,0.20 kg,ko,4.75,23.75,,,4.75,3858881615809,HRANA
VRHNJE ZA ŠLAG 36%MM 200ML VINDIJA,90055241,Z BREGOV,0.20 l,ko,2.29,11.45,,,2.19,3850108033694,HRANA
TIJESTO REZAN USK JAJ 400g MARODI,04050900,MARODI,0.40 kg,ko,2.59,6.48,,,2.59,3859888666009,HRANA
BOMBON HARIBO ZLATNI MEDO 100g,04340708,HARIBO,0.10 kg,ko,1.59,15.9,,,1.59,9002975301558,HRANA
SLAD TWICE ŠUM VAN PUNČ 1.7L LEDO,02351382,TWICE,1.70 l,ko,4.49,2.64,,,4.49,3850116867519,HRANA
KOLAČ ČUPAVCI 350 g MLINAR,90849647,MLINAR,0.35 kg,ko,5.59,15.97,,,5.29,3856028407041,HRANA
JOGURT 3.2% 180g ČAŠA DUKAT,02334069,DUKAT,0.18 kg,ko,0.44,2.44,,,0.44,3850354001133,HRANA
CORDON BLEU OD PIL/PUR MESA 245g,90279703,AIA,0.25 kg,ko,2.25,9.18,,,2.25,8008110258740,HRANA
PARIZER PUREĆI 500g VINDON,02044227,VINDON,0.50 kg,ko,1.99,3.98,,,1.99,3850159128561,HRANA
KOMPOT VIŠNJA GARDEN GOOD  680/340g,90677947,GARDEN GOOD,0.34 kg,ko,2.49,7.32,,,1.85,3850334028228,HRANA
JOGURT TEK 2.8% M.M. 1kg KRAVICA,90485369,KRAVICA KRALJICA,1.00 kg,ko,2.19,2.19,,,1.99,3856015324306,HRANA
KAVA GLORIA MLJEVENA 175g VR FRANCK,04070053,GLORIA,0.18 kg,ko,4.09,23.37,,,4.09,3858881085602,HRANA
DORUČAK K PLUS MESNI 150g LO,02169554,K PLUS,0.15 kg,ko,1.19,7.93,,,1.19,3850334530660,HRANA
INSTANT NES CREMA SENS ST 95g,90699124,NESCAFE,0.10 kg,ko,6.99,73.58,,,6.35,8445290699862,HRANA
KAŠ INST LJEŠNJAK ČOKOLINO 1kg,04170059,LINO,1.00 kg,ko,8.99,8.99,,,8.49,3850104017476,HRANA
ČOK ZA KUHANJE DESSERT CHEF BIJELA 200G,90258742,KANDIT,0.20 kg,ko,5.39,26.95,,,5.39,3858889864360,HRANA
SIR POLUTV PRESIDENT ZA PIZZU 350g,90573994,PRESIDENT,0.35 kg,ko,4.99,14.26,,,4.89,3850355001811,HRANA
BOMB ORBIT FRESH MINT MINTS 28g,04191644,WRIGLEY,0.03 kg,ko,0.99,35.36,,,0.99,42211501,HRANA
ULJE MASL EX DJ 1L BRACHIA,03210372,BRACHIA,1.00 l,ko,18.99,18.99,,,21.99,3859891526086,HRANA
JUHA KREM OD RAJČICE 60g PODRAVKA,90160140,PODRAVKA,0.06 kg,ko,1.39,23.17,,,1.39,3850104274619,HRANA
JUHA SVATOVSKA 58g PODRAVKA,04161003,PODRAVKA,0.06 kg,ko,1.39,23.97,,,1.39,3850104004964,HRANA
VAFL FRONDI KOKOS 250 g KRAŠ,90775837,FRONDI,0.25 kg,ko,,7.96,1.99,1.99,2.59,3850102010066,HRANA
ŠTAPIĆI SLANI SALTAS 220g,90076227,SALTAS,0.22 kg,ko,1.79,8.14,,,1.59,3856014112850,HRANA
KULEN 650g MA PIK,90180358,PIK VRBOVEC,0.65 kg,ko,13.49,20.75,,,13.49,3850139240061,HRANA
NAMAZ LINO LADA DUO 900g,90675528,LINO LADA,0.90 kg,ko,6.59,7.32,,,5.99,3856020262112,HRANA
KRUH FINI DOMAĆI 700g PAK KLARA,90065893,KLARA,0.70 kg,ko,2.25,3.21,,,2.25,3856016900493,HRANA
OBITELJSKA ČAROLIJA 500G FANOLA,90220670,FANOLA,0.50 kg,ko,5.29,10.58,,,5.29,3859888257177,HRANA
SLANINA BEZ KOŽE DOBRO cca 350g,90706708,DOBRO,1.00 kg,kg,22.29,22.29,,,22.29,3850133815296,HRANA
KAVA DG ESP INT 16/1 MEGA 5PACK 560g,90794678,DOLCE GUSTO,0.56 kg,ko,20.95,37.41,,,20.95,8445291433342,HRANA
SIR POLUTVRDI EMENTALER SPOMLEK,90719987,SPOMLEK,1.00 kg,kg,11.94,11.94,,,6.97,3858890211856,HRANA
DOMAĆA KOBASICA RFZ RAVLIĆ,90427970,RAVLIĆ,1.00 kg,kg,15.69,15.69,,,15.69,,HRANA
RAJČICA PASIRANA ST 400g MUTTI,01570367,MUTTI,0.40 kg,ko,2.19,5.48,,,1.99,8005110630408,HRANA
ORAH JEZGRA GARDEN GOOD 150g,90363758,GARDEN GOOD,0.15 kg,ko,1.89,12.6,,,1.79,3838900958544,HRANA
PAŠTETA JETRENA ARGETA 95g,90113280,ARGETA,0.10 kg,ko,1.49,15.69,,,1.39,3838975567030,HRANA
PAŠTETA OD TUNE 45g ARGETA,90047233,ARGETA,0.05 kg,ko,1.29,28.67,,,1.29,38381461,HRANA
TUNJ SALATA MEXIC 2X160g BOWL RIO MA,02198511,RIO MARE,0.32 kg,ko,8.99,28.09,,,8.99,8004030352612,HRANA
PROSCIUTTO COTTO SENFTER,90765365,SENFTER,1.00 kg,kg,10.99,10.99,,,10.99,,HRANA
MEDALJONI OD PIL/PUR MESA 430g,90389403,AIA,0.43 kg,ko,,6.95,2.99,3.15,2.65,8008110016395,HRANA
MATOVILAC 100 grama,01407866,KONZUM,0.10 kg,ko,1.29,12.9,,,1.39,3850334197832,HRANA
CROISSANT 7DAYS MINI VANILIJA 185g,04029806,CHIPITA,0.19 kg,ko,2.65,14.32,,,2.65,7622202215735,HRANA
ŽELUCI PILEĆI 500g SVJ VINDIJA,02435557,CEKIN,0.50 kg,ko,2.65,5.3,,,2.65,3850159110948,HRANA
MLIJEKO ZAMJ NAN 1 OPTIPRO 400g,90360935,NAN,0.40 kg,ko,11.09,27.73,,,11.09,7613036362924,HRANA
KAVA CREMA MLJEV 2U1 9 g FRANCK,90750356,FRANCK CREMA,0.01 kg,ko,0.45,50,,,0.39,3850291054117,HRANA
SIR TVRDI PRAMENKO VAC PAŠKA SIRANA,02055396,PAŠKA SIRANA,1.00 kg,kg,34.99,34.99,,,29.99,3859889426619,HRANA
MEDALJONI CVJETAČA CURRY O'PLANT 400g,90704583,O PLANT,0.40 kg,ko,3.99,9.98,,,3.99,3856020261238,HRANA
RAJČICA SJECK ČEŠNJAK 400g MUTTI,90052659,MUTTI,0.40 kg,ko,2.19,5.48,,,1.99,8005110170461,HRANA
TUBA VOĆ HIPPIS BIO SP BA/NAR/KR/MAN/RIŽA 120g,90308412,HIPP,0.12 kg,ko,1.39,11.58,,,1.39,4062300325227,HRANA
POVRĆE ZA FRANCUSKU 450g DUKAT,90350734,DUKAT,0.45 kg,ko,1.72,3.82,,,1.72,3850354013754,HRANA
PLOČICA VOĆNA JABUKA CIMET 40g ROOKIES,90320160,ROOKIES,0.04 kg,ko,1.35,33.75,,,1.33,3800232736299,HRANA
TIJESTO TAGLIATELLE 203 500g DE CECCO,90704716,DE CECCO,0.50 kg,ko,3.49,6.98,,,3.49,8001250152039,HRANA
DRESSING JOGURT 250ml ZVIJEZDA,90799801,ZVIJEZDA,0.25 l,ko,2.49,9.96,,,2.49,3856015330611,HRANA
KAŠ HIPP BIO BAN I KRUŠ S MANG 100g,90385456,HIPP,0.10 kg,ko,1.35,13.5,,,1.35,9062300133766,HRANA
JUHA BOGATA S JEČAM POVRĆ 70g PODRAVKA,90423555,PODRAVKA,0.08 kg,ko,1.49,18.63,,,1.49,3856020218881,HRANA
KAVA DOLCE GUSTO RIST ARDEN 16/1 104g,90789916,DOLCE GUSTO,0.10 kg,ko,6.49,62.4,,,6.49,8445290870537,HRANA
TUNJ SALATA JESEN 160 g RIO MARE,90839804,RIO MARE,0.16 kg,ko,,13.44,2.15,4.69,4.69,8004030835139,HRANA
SLAD GELATISSIMO MINI VAN BAD 8X55ml,90360456,GELATISSIMO,0.44 l,ko,4.29,9.75,,,4.29,3838900844816,HRANA
LIZALICA CHUPA CHUPS THE BEST OF 12G,04191612,CHUPA CHUPS,0.01 kg,ko,0.39,32.5,,,0.39,49814521,HRANA
VOĆNE KOŠARICE 300G GECCHELE,90158078,GECCHELE,0.30 kg,ko,2.85,9.5,,,2.85,8015854123586,HRANA
NAMAZ EUROCREM 500g,90036901,EUROCREM,0.50 kg,ko,5.19,10.38,,,4.79,8601900503411,HRANA
KREMA ACETO BALSAMICO SPICE CHEF 0.25L,90749787,SPICE CHEF,0.25 l,ko,1.85,7.4,,,1.85,3850334072436,HRANA
ČOKOLADA ROCHER DARK 90g,90569213,FERRERO,0.09 kg,ko,2.89,32.11,,,2.49,8000500359815,HRANA
MED BAGREM 900g ŽUPANJA,90412081,KUĆA MEDA,0.90 kg,ko,17.59,19.54,,,15.99,3859893780011,HRANA
ZAČIN GRILL CLASSIC 30g VEGETA NATUR,90185721,VEGETA NATUR,0.03 kg,ko,1.19,39.67,,,1.19,3850104277207,HRANA
BOMBON ŽELE NARESCI 100g KANDIT,04240060,KANDIT,0.10 kg,ko,1.05,10.5,,,1.05,3858881044517,HRANA
KAVA MUST PURO ARABICA NS 10/1 50g,90307011,MUST,0.05 kg,ko,3.49,69.8,,,3.15,8056370761012,HRANA
VAFL MANNER ORIGINAL 200g,90403937,MANNER,0.20 kg,ko,2.39,11.95,,,2.25,9000331627229,HRANA
MAJONEZA ČILI 165g ZVIJEZDA,90031344,ZVIJEZDA,0.17 kg,ko,2.49,15.09,,,2.39,3856015304339,HRANA
PAN CARRE INTEGRALNI KRUH 315g,90310851,BARILLA,0.32 kg,ko,2.39,7.59,,,2.39,8076809571982,HRANA
OMBOLO SUHI 80g HISTRIS,90405214,HISTRIS,0.08 kg,ko,3.99,49.88,,,3.69,3859893167102,HRANA
KAVA LEDENA LANDESSA ESPRESSO 230 ML,90789812,LANDESSA,0.23 l,ko,1.99,8.66,,,1.99,9004380014405,HRANA
MEDENO SRCE 150g PUNJENO PIONIR,04146051,PIONIR,0.15 kg,ko,1.99,13.27,,,1.99,8602300236022,HRANA
TIJESTO TAGLIATELLE LC 500g B,04360188,BARILLA,0.50 kg,ko,3.49,6.98,,,3.49,8076809523714,HRANA
KORA ZA SAVIJAČU 500g ANA,90597762,ANA,0.50 kg,ko,2.05,4.1,,,2.05,3859890841012,HRANA
GUSTIN 200g DR OETKER,04180015,DR OETKER,0.20 kg,ko,1.89,9.45,,,1.89,5997381343664,HRANA
SMOKVA SUHA PREMIUM PERFE DAY 400 g,90854847,PERFECT DAY,0.40 kg,ko,7.29,18.23,,,6.29,3872084015907,HRANA
RAJČICA PELAT 800g PODRAVKA,01570335,PODRAVKA,0.48 kg,ko,3.59,7.48,,,3.59,3850104073212,HRANA
SOL KAMENA VREĆ 1 kg SLOVA,90648406,SLOVA,1.00 kg,ko,0.49,0.49,,,0.49,3850334011305,HRANA
PAH ZOBENE RISE&SMILE SITNE VR 500g,90726109,RISE&SMILE,0.50 kg,ko,0.79,1.58,,,0.79,3850334063168,HRANA
SIR TVRDI KOLO 300g MIH,90770472,SIRANA MIH,0.30 kg,ko,8.49,28.3,,,8.49,3859891700929,HRANA
MLIJEKO ZAMJ NAN COMFOR 2 800g,90437978,NAN,0.80 kg,ko,19.59,24.49,,,19.59,7613034965769,HRANA
DŽEM EXTRA JAGODA 320g PODRAVKA,90572898,PODRAVKA,0.32 kg,ko,3.89,12.16,,,3.89,3856020253073,HRANA
PROTEIN BAR BANANA 35g,90366045,POLLEO,0.04 kg,ko,1.49,42.57,,,1.49,3858892292228,HRANA
CHIA SJEMENKE 100g NATURA,90311324,NATURA,0.10 kg,ko,1.75,17.5,,,1.72,3859892798062,HRANA
DESERT KINDER PINGUI TREŠNJA 4x30 g,90750155,FERRERO,0.12 kg,ko,2.39,19.92,,,2.39,8000500373729,HRANA
MASLINE ZELENE S PAP 680g/390g PODR,90187757,PODRAVKA,0.39 kg,ko,4.99,12.79,,,4.99,3850104279263,HRANA
SLAD MACHO BANANA CRUNCH 75 ml LEDO,90885989,LEDO,0.08 l,ko,1.99,26.53,,,1.99,3850116065977,HRANA
SALATA VOĆNA MIJEŠANA MINUTE 265g,90570207,MINUTE,0.27 kg,ko,,9.4,2.49,2.99,2.99,3850334524423,HRANA
MASLAC SA CVIJETOM SOLI 250g VERONIKA,90669605,VERONIKA,0.25 kg,ko,4.39,17.56,,,4.39,3859889622677,HRANA
KUS KUS 500g KUT PASTA ZARA,01496117,PASTA ZARA,0.50 kg,ko,1.99,3.98,,,1.72,8004350131850,HRANA
SALAMA OBLOŽENA PARMEZ 75g NAR SORGER,90648546,SORGER,0.08 kg,ko,2.39,31.87,,,2.39,9002055002269,HRANA
KOLAČ DULCETTI LIMUN 400g,90825820,DULCETTI,0.40 kg,ko,,5.48,2.19,2.59,2.49,3850334420466,HRANA
ČOKOLADA KANDI MLIJEČNA 220g FLOW PACK,90672938,KANDIT,0.22 kg,ko,4.19,19.05,,,4.19,3856024803922,HRANA
UMAK AMATRICIANA MINUTE 400g,90406506,MINUTE,0.40 kg,ko,,4.48,1.79,1.79,2.29,3850334130334,HRANA
KEKS PETIT 400g KRAŠ,90825626,KRAŠ,0.40 kg,ko,1.69,4.23,,,1.69,3850102014408,HRANA
SIR TVRDI DALMATINSKI PUĐA,90092384,PUĐA,1.00 kg,kg,21.23,21.23,,,21.23,,HRANA
ČOKOL DORINA PUNCH PUNJ 100g,04212496,DORINA,0.10 kg,ko,1.99,19.9,,,1.45,3850102110711,HRANA
GUSSNEL 200g PODRAVKA,04183415,DOLCELA,0.20 kg,ko,1.69,8.45,,,1.59,3850104219467,HRANA
PILEĆI KRILKO POD VINDIJA,02435425,CEKIN,1.00 kg,kg,8.39,8.39,,,8.39,3850159110702,HRANA
ČOKOL ZA JELO I KUHANJE 100g KRAŠ,04212221,DORINA,0.10 kg,ko,2.09,20.9,,,2.09,3850102110605,HRANA
TIJESTO FUSILLI 500g PASTA ZARA,90725840,PASTA ZARA,0.50 kg,ko,1.59,3.18,,,1.59,8004350130570,HRANA
KEKS BELVITA LJEŠNJAK MED 225g,90400381,BELVITA,0.23 kg,ko,2.69,11.96,,,2.69,7622210899255,HRANA
ROCHER T30X3 375g,04221012,FERRERO,0.38 kg,ko,12.69,33.84,,,11.39,8000500032237,HRANA
PAPRIKA FILE ŽUTA 350g ZVIJEZDA,01512229,ZVIJEZDA,0.35 kg,ko,2.99,8.54,,,3,3856015303783,HRANA
LUK CRVENI 1 kg BIO ZONE,90810468,BIO ZONE,1.00 kg,ko,1.79,1.79,,,2.99,3856028689362,HRANA
FLIPS MOJ PRVI LINO 25g,90084063,LINO,0.03 kg,ko,,51.6,1.29,1.89,1.89,3850104268618,HRANA
SAVIJAČA VANILIJA MALINA 600 g MINUTE,90810839,MINUTE,0.60 kg,ko,,2.82,1.69,1.69,2.29,3850334429865,HRANA
KORABICA,01401954,,1.00 kg,kg,1.99,1.99,,,1.99,3850334173249,HRANA
SKUŠA S POVRĆEM EVA 100g/70g,90732360,EVA,0.07 kg,ko,2.29,32.71,,,1.99,3856020263065,HRANA
MAJONEZA THOMY  611g,90065652,THOMY,0.61 kg,ko,3.49,5.71,,,3.65,8607100571137,HRANA
DŽEM MARELICA 360g PODRAVKA,90570502,PODRAVKA,0.36 kg,ko,2.49,6.92,,,2.29,3856020252441,HRANA
ĆEVAPČIĆI S TELETINOM,02401274,KONZUM,1.00 kg,kg,10.69,10.69,,,10.69,,HRANA
KOLAČ OBLATNE ČOK RUM 200g,90750336,GRANNY VIKKY,0.20 kg,ko,3.69,18.45,,,3.09,3859889660501,HRANA
MAJONEZA ČILI PVC 85g ZVIJEZDA,90578313,ZVIJEZDA,0.09 kg,ko,,10.47,0.89,0.89,0.85,3856015324689,HRANA
MIX KINDER HAPPY MOMENTS 161g,90698844,FERRERO,0.16 kg,ko,5.99,37.2,,,5.39,8000500389652,HRANA
MRVICE KRUŠNE 250g KLARA,04010250,KLARA,0.25 kg,ko,1.29,5.16,,,1.29,3858881322059,HRANA
JELO U ČAŠI JAPANSKI KLASIC 93g AJINIMO,90483135,AJINOMOTO,0.09 kg,ko,1.89,20.32,,,1.89,5901384503635,HRANA
MLIJEKO SVJ 1.5% M.M. 1L KRAVICA,90713387,KRAVICA KRALJICA,1.00 l,ko,1.35,1.35,,,1.35,3856015328908,HRANA
SMRZ MLADA PATKA BEZ IZNUTR,90340009,HUNENT,1.00 kg,kg,6.99,6.99,,,6.99,,HRANA
MIX NESCAFE 3U1 SMEĐI ŠEĆER 10X16.5g VR,90364074,NESCAFE,0.17 kg,ko,2.99,18.12,,,2.99,7613036844475,HRANA
KEKS DIGESTIVE 400g  MC VITIES,04280477,MCVITIE'S,0.40 kg,ko,3.59,8.98,,,3.59,5000396037937,HRANA
LIZALICA CHUPA CHUPS FRUIT 12g,04199030,CHUPA CHUPS,0.01 kg,ko,0.39,32.5,,,0.39,84196675,HRANA
JUHA GOVEĐ TIJES I MESO 60g PODRAVKA,04162614,PODRAVKA,0.06 kg,ko,1.39,23.17,,,1.29,3850104002410,HRANA
SARDINA BILJ ULJE S LIM AM 75.6G,90079243,ADRIA MARE,0.08 kg,ko,1.18,15.61,,,1.09,3850334019486,HRANA
ČAJ ZELENI K 70g MAXI FRANCK,04090867,FRANCK,0.07 kg,ko,3.29,47,,,3.29,3858881086661,HRANA
JUHA DOMAĆA 46g PODRAVKA,90083127,PODRAVKA,0.05 kg,ko,0.79,17.17,,,0.79,3850104266737,HRANA
RIBLJI ŠTAPIĆI ZLATNA PAN 224g LEDO,90730637,LEDO,0.22 kg,ko,2.99,13.34,,,2.99,3850116066578,HRANA
RIKULA 100 grama,01407867,KONZUM,0.10 kg,ko,1.29,12.9,,,1.19,3850334197801,HRANA
ŽV GUMA AIRW BLACKMINT BOČ 64 g,90770795,WRIGLEY,0.06 kg,ko,3.69,57.66,,,3.69,4009900550178,HRANA
DESERT MONTE XXL 400g,90724902,MONTE,0.40 kg,ko,2.29,5.73,,,2.29,4014500516288,HRANA
ŠTAPIĆI CHIO SLANI 190g,90706183,CHIO,0.19 kg,ko,1.99,10.47,,,1.99,5996253001541,HRANA
ULJE BUČINO 250ml HLADNIĆ,90048664,HLADNIĆ,0.25 l,ko,6.69,26.76,,,6.69,3859888867062,HRANA
JUHA KREM OD ŠPAROGE 55G PODRAVKA,90160146,PODRAVKA,0.06 kg,ko,1.39,25.27,,,1.39,3850104274633,HRANA
MUESLI CRUNCH NATU GRAN FRUIT 350g,04172623,NATUREL,0.35 kg,ko,,7.4,2.59,2.59,3.59,3858887245062,HRANA
PAH ZOBENE RISE&SMILE KRUPNE 500g,90410922,RISE&SMILE,0.50 kg,ko,0.79,1.58,,,0.79,3838900820698,HRANA
MEKSIČKI MIX GARDEN GOOD 300/265g,90707337,GARDEN GOOD,0.27 kg,ko,1.69,6.38,,,1.85,8605028600014,HRANA
ČOK MILKA BADEM CARAMEL 300g,90296250,MILKA,0.30 kg,ko,6.79,22.63,,,6.79,7622210744883,HRANA
FLIPS TIP TOP PIZZA 45g,04150590,TIP TOP,0.05 kg,ko,1.09,24.22,,,1.09,3856021303746,HRANA
MAHUNARKE MIX GARDEN GOOD 500g,90514155,GARDEN GOOD,0.50 kg,ko,1.79,3.58,,,1.29,3838900987933,HRANA
SODA BIKARBONA 500g ŠAFRAM,04180342,ŠAFRAM,0.50 kg,ko,1.39,2.78,,,1.19,3859888163249,HRANA
MATOVILAC RADIČ 125 grama,90468031,KONZUM,0.13 kg,ko,1.69,13.52,,,1.69,3850334240620,HRANA
TJESTENINA KARBONARA 160g PODRAVKA,04051335,TALIANETTE,0.16 kg,ko,2.49,15.56,,,2.49,3850104230943,HRANA
SLAD GELATISSIMO MINIMIX 10X55ml,90360454,GELATISSIMO,0.55 l,ko,4.29,7.81,,,4.29,3838900844809,HRANA
ČOKOLADA MILKA TRIOLADE 280g,90298223,MILKA,0.28 kg,ko,6.79,24.25,,,6.79,7622210702623,HRANA
SIR NAM ABC JUNIOR 100g BELJE,90253675,ABC,0.10 kg,ko,1.35,13.5,,,1.15,3856015324238,HRANA
PALENTA ZL POLJE 450g,04030610,ZLATO POLJE,0.45 kg,ko,1.29,2.87,,,1.29,3838700540147,HRANA
MLJEVENO MJEŠANO MESO,02403728,KONZUM,1.00 ko,ko,7.05,7.05,,,7.05,,HRANA
TIJESTO RIB KAŠ MRK JAJ 400g MARODI,04051161,MARODI,0.40 kg,ko,2.69,6.73,,,2.49,3859888666238,HRANA
PAPRIKA SLATKA MLJ VR 100g VEGETA MAESTRO,90282103,VEGETA MAESTRO,0.10 kg,ko,1.69,16.9,,,1.69,3850104294631,HRANA
SALAMA SLAVONSKA DOBRO,90570231,DOBRO,1.00 kg,kg,14.73,14.73,,,14.73,3850133812707,HRANA
ŽV GUMA WHITE CLASSIC 14G,90263717,WRIGLEY,0.01 kg,ko,0.99,70.71,,,0.99,40099484,HRANA
GRAH S DIMLJENOM SLANINOM 300g GAVRILOVIĆ,90377517,GAVRILOVIĆ,0.30 kg,ko,3.49,11.63,,,3.49,3858892720974,HRANA
TEL LEĐA SK MARTINJAK DOMAĆA,90669297,MARTINJAK,1.00 kg,kg,15.49,15.49,,,12.49,3859893702532,HRANA
CAPP NES BEZ KOFEINA 125g,04071178,NESCAFE,0.13 kg,ko,,23.92,2.99,4.19,2.99,3033710075324,HRANA
RIŽA 3 VRSTE RIŽE K PLUS 800G,90160957,K PLUS,0.80 kg,ko,3.49,4.36,,,3.49,3850334524720,HRANA
FUŽI 350g KARLA,90330597,KARLA,0.35 kg,ko,2.09,5.97,,,1.89,3858881506251,HRANA
FILET SLANIH INĆUNA 75G ARBASOL,90185404,ARBASOL,0.05 kg,ko,4.49,99.78,,,4.49,3859891895045,HRANA
VAFL KREM ŠTAPIĆI KOKOS 200g LASTA,90705198,LASTA,0.20 kg,ko,2.39,11.95,,,2.39,3870128035669,HRANA
ULJE KOKOS HLA PR DJEV 300g BIO ZONE,90364743,BIO ZONE,0.30 kg,ko,2.99,9.97,,,2.49,3838900841082,HRANA
RIŽA BASMATI 500g SCOTTI,04060052,RISO SCOTTI,0.50 kg,ko,4.99,9.98,,,4.99,8001860260315,HRANA
BUCKET CHICKEN WINGS 500 g MINUTE,90829768,MINUTE,0.50 kg,ko,,6.98,3.49,3.49,4.49,3850334428455,HRANA
PANCETA ROLANA NARESCI 90G,90280104,DOBRO,0.09 kg,ko,2.39,26.56,,,2.39,3850133800834,HRANA
ŠTAPIĆI HRUSTY  45g,90399830,HRUSTY,0.05 kg,ko,0.29,6.44,,,0.29,3850334154415,HRANA
SENDVIČ PRŠUT PAK 190g MLINAR,90325409,MLINAR,0.19 kg,ko,3.69,19.42,,,3.49,3858881124486,HRANA
SIR EDAMER K PLUS 100 g,90919704,K PLUS,0.10 kg,ko,,9.9,0.99,0.99,1.29,3850334444905,HRANA
PAHULJ NESQ ČOK ŽIT LOPT DUO 325g,04170469,NESTLE ŽITAR,0.33 kg,ko,4.49,13.82,,,4.29,7613032028251,HRANA
DESERT KIT KAT 41.5G 4F NESTLE,90222646,KIT KAT,0.04 kg,ko,1.35,32.53,,,1.35,7613035365414,HRANA
ČOKOLINO PROTEIN POWER 350g,90707751,LINO,0.35 kg,ko,5.99,17.11,,,5.59,3856020264789,HRANA
FANT UMAK OD GLJIVA 45g PODRAVKA,90332058,FANT,0.05 kg,ko,1.19,26.44,,,1.09,3850104298202,HRANA
KRUH KLARA RUSTIKA 500G PAK KLARA,90228721,KLARA,0.50 kg,ko,2.15,4.3,,,1.95,3856016902206,HRANA
ŽELATINA MLJ DOLCELA 10g 3PAK    ,90105962,DOLCELA,0.03 kg,ko,2.29,76.33,,,2.29,3850104272080,HRANA
BOMBON MENTOS FRUIT 38g,04190033,MENTOS,0.04 kg,ko,0.89,23.42,,,0.89,87108026,HRANA
KAVA DG RIST BARISTA 16/1 3PACK 312 g,90800505,DOLCE GUSTO,0.31 kg,ko,12.99,41.63,,,12.99,8445290869678,HRANA
KREKER SEZAM ACTIVE ZONE  250g,90674420,ACTIVE ZONE,0.25 kg,ko,,5.16,1.29,1.59,1.59,3850334020963,HRANA
KUKURUZ KUHANI 400 grama,90072051,,0.40 kg,ko,2.19,5.48,,,2.19,3850334357427,HRANA
KRUPICA KUKURUZNA XXL 1kg ŠAFRAM,90824885,ŠAFRAM,1.00 kg,ko,1.39,1.39,,,1.39,3858893691365,HRANA
KAVA DOLCE GUSTO CAPPUC 16/1 186.40g,90316875,DOLCE GUSTO,0.19 kg,ko,6.49,34.82,,,6.49,7613036306270,HRANA
MAJONEZA TUBA 265g THOMY NESTLE,02200347,THOMY,0.27 kg,ko,3.59,13.55,,,3.59,7613287084545,HRANA
KAVA ZLATNA DŽEZVA 500G,90275914,ZLATNA DŽEZVA,0.50 kg,ko,9.89,19.78,,,8.99,3870007014235,HRANA
CAPPUCCINO GRIOTTE 8/1 144g FRANCK,90825455,FRANCK,0.14 kg,ko,,22.85,3.29,3.89,3.89,3850291055442,HRANA
MLIJEKO KISELO 3.2% 400g VINDIJA,02330097,Z BREGOV,0.40 kg,ko,1.29,3.23,,,1.29,3850108031683,HRANA
TUNJ SALATA COUS COUS 2X160g RIO MARE,02190562,RIO MARE,0.32 kg,ko,8.99,28.09,,,8.99,8004030860025,HRANA
BOMBON GUMENI POJAS MIX 75g,90081751,CANDY,0.08 kg,ko,1.29,17.2,,,1.29,8422885074136,HRANA
SLANINA NARESCI 250g DOBRO,90361694,DOBRO,0.25 kg,ko,7.89,31.56,,,7.89,3850133808014,HRANA
PUREĆI BATAK 1kg,90674379,ZAKŁAD DROBIARSKI,1.00 kg,kg,2.99,2.99,,,2.99,,HRANA
KAŠ INST ČOKOLINO PLUS 400g,90063360,LINO,0.40 kg,ko,4.99,12.48,,,4.99,3850104263460,HRANA
INSTANT NESCAFE CLASSIC ST 200g,90623378,NESCAFE,0.20 kg,ko,12.49,62.45,,,11.29,7613032144296,HRANA
KREKER TUC LUK 100g,90075913,TUC,0.10 kg,ko,1.15,11.5,,,1.15,5998711388935,HRANA
LISTOVI  ZA PITE I SAVIJAČE 300g CLARUM,90167353,CLARUM,0.30 kg,ko,1.25,4.17,,,1.25,3858891271590,HRANA
ČOKOL SEKA MLIJEČNA 75g,04211873,MIKADO,0.08 kg,ko,1.59,21.2,,,1.25,3858881064843,HRANA
OCAT ALKOHOLNI 3L KISKO,03120233,KISKO,3.00 l,ko,3.55,1.18,,,3.55,3850164310180,HRANA
BOMBON ŽELE KOCKA 320g KANDIT,90523136,KANDIT,0.32 kg,ko,2.69,8.41,,,2.55,3856024802338,HRANA
ČAJNA KOBASICA 300g PODRAVKA,90066781,PODRAVKA,0.30 kg,ko,5.99,19.97,,,5.99,3858886466260,HRANA
RIŽA PER RISOTTI 1kg RISO GALLO,90571846,RISO GALLO,1.00 kg,ko,4.59,4.59,,,4.79,8001420001716,HRANA
DESERT CORNY BIG BANANA 50g,04221369,SCHWARTAU,0.05 kg,ko,1.19,23.8,,,1.19,4011800584511,HRANA
FLIPS SMOKI WOW KIKIRIKI 70g,90704836,SOKO ŠTARK,0.07 kg,ko,1.29,18.43,,,1.29,8600939508176,HRANA
CAPP FR NOUGAT KUT 148g,90308377,FRANCK,0.15 kg,ko,,22.23,3.29,3.89,3.89,3858881088627,HRANA
SENF BLAGI TUBA 200g THOMY,01530002,THOMY,0.20 kg,ko,2.29,11.45,,,2.29,7613287084163,HRANA
ULJE BUČINO 0.25L ČAKOVEČKI MLINOVI,90325216,ČAK MLINOVI,0.25 l,ko,5.99,23.96,,,5.49,3858884170534,HRANA
KREKER TUC SIR 100g,90063058,TUC,0.10 kg,ko,1.15,11.5,,,1.15,5998711388928,HRANA
FLIPS POM BAR ORIGINAL 100g,90600055,POM BAR,0.10 kg,ko,1.99,19.9,,,1.85,3856021305238,HRANA
PAHULJICE LUMPI COCOA BALLS 250g,90593661,LUMPI,0.25 kg,ko,,3.6,0.9,1.06,1.06,3850334009296,HRANA
BLITVA BRIKET 650g LEDO,90668416,LEDO,0.65 kg,ko,3.79,5.84,,,3.29,3850116053042,HRANA
KEČAP BLAGI 500g PODRAVKA,90095836,PODRAVKA,0.50 kg,ko,1.99,3.98,,,1.99,3850104268731,HRANA
PUREĆE MLJEVENO MESO 700g,90699043,VINDON,0.70 kg,ko,5.29,7.56,,,4.49,3850339413081,HRANA
UMAK SOJA 150ML KIKOMAN,01491485,KIKKOMAN,0.15 l,ko,3.99,26.6,,,3.99,8715035110205,HRANA
KAŠICA HIPP PIL POVR TJEST+1g 220g,03140037,HIPP,0.22 kg,ko,,8.14,1.79,2.09,2.09,9062300103448,HRANA
PASTA LUK TUBA 190g PODRAVKA,90730906,PODRAVKA,0.19 kg,ko,1.99,10.47,,,1.99,3856020263508,HRANA
UMAK TACO 230g LA FIESTA,90731689,LA FIESTA,0.23 kg,ko,2.99,13,,,2.99,5412514935139,HRANA
BROWNIES 456g DR OETKER,04182082,DR OETKER,0.46 kg,ko,3.85,8.44,,,3.85,5997381371353,HRANA
DESERT MILKA OREO 37g,90290579,MILKA,0.04 kg,ko,1.09,29.46,,,1.09,7622210721785,HRANA
KAVA DOLCE GUSTO CHOCOCI 16/1 256g,90297974,DOLCE GUSTO,0.26 kg,ko,6.49,25.35,,,6.49,7613035690660,HRANA
ČAJ K PLUS MENTA 20X1.5g,90453806,K PLUS,0.03 kg,ko,1.09,36.33,,,1.09,3850334240156,HRANA
BRAŠNO BADEMOVO 500g LETIFICO,90412460,LETIFICO,0.50 kg,ko,10.62,21.24,,,10.62,3859893457234,HRANA
KAKAO MRVICE 80g DR OETKER,04180925,DR OETKER,0.08 kg,ko,1.59,19.88,,,1.59,5907707051289,HRANA
SLAD CARTE D'OR CHEESE JAGODA 825 ML,90785086,ALGIDA CD OR,0.83 l,ko,7.99,9.68,,,7.99,8711327619678,HRANA
NAMAZ POVRTNI CRVENA PAPRIKA 95g ARG,90675220,ARGETA,0.10 kg,ko,1.89,19.89,,,1.89,8606018021857,HRANA
SLAD GELATISSIMO SWEET SOUR 4x70ml,90764944,GELATISSIMO,0.24 l,ko,,4.06,0.99,2.49,2.49,3850334105431,HRANA
CROISSANT 7DAYS MIDI KAKAO CHIPICAO 60g,04027910,CHIPITA,0.06 kg,ko,0.99,16.5,,,0.99,7622202043390,HRANA
SEZAM SJEMENKE GARDEN GOOD 180g,90518729,GARDEN GOOD,0.18 kg,ko,1.29,7.17,,,0.89,3838900802427,HRANA
DŽEM CRNO VOĆE 100% VOĆE  220g PODR,90494843,PODRAVKA,0.22 kg,ko,3.89,17.68,,,3.89,3856020248505,HRANA
NAPITAK ZOB EKO 1L BRIDGE,90713254,THE BRIDGE,1.00 l,ko,2.69,2.69,,,2.69,8019428000105,HRANA
VAFL LOACKER DUPLA ČOK 175g,90362251,LOACKER,0.18 kg,ko,2.49,14.23,,,2.19,8000380192199,HRANA
ŠEĆER SMEĐI 750g BAYANDO,04129013,BAYANDO,0.75 kg,ko,2.99,3.99,,,2.99,3859891216369,HRANA
OCAT VINSKI 1L KISKO,03120055,KISKO,1.00 l,ko,1.99,1.99,,,1.99,3850164321117,HRANA
KEKS DOMAĆICA ORIGINAL MINI VR 100 g,90875325,DOMAĆICA,0.10 kg,ko,1.29,12.9,,,1.29,3850102014620,HRANA
PILEĆA KRILA PERUTNINA RFZ 5,02430351,PERUTNINA PT,1.00 kg,kg,2.99,2.99,,,2.89,3850220114615,HRANA
KAVA STARBUCKS MADAGAS VANILIA DG 12/1 132g,90568690,STARBUCKS,0.13 kg,ko,6.49,49.17,,,6.49,7613287335234,HRANA
KEKS OREO TIRAMISU VANILIJA 157 g,90754886,OREO,0.16 kg,ko,2.19,13.95,,,2.19,7622201389215,HRANA
DESERT MILKA NUSSINI 31.5g,90290581,MILKA,0.03 kg,ko,0.89,28.25,,,0.89,7622210703606,HRANA
ŠUNKA K PLUS SCHWARZWA 100 g NAREZAK,90869954,K PLUS,0.10 kg,ko,,17.9,1.79,2.19,2.19,3850334432223,HRANA
TJESTENINA POVRĆE  CUP 93g YAKISOBA,90325264,YAKISOBA,0.09 kg,ko,2.09,22.47,,,2.09,8000050022955,HRANA
TARTUFATA BIJELA 80g ZIGANTE,90039055,ZIGANTE,0.08 kg,ko,11.28,141,,,11.28,3859892291853,HRANA
ČOKOLADA ROCHER WHITE 90g,90810202,FERRERO,0.09 kg,ko,2.89,32.11,,,2.49,8000500359884,HRANA
TUNJ KOM MASL ULJE 2X80g EVA,90442833,EVA,0.10 kg,ko,5.39,51.83,,,5.39,3850104301360,HRANA
PUDING ČOK 45G PODRAVKA,90155256,DOLCELA,0.05 kg,ko,0.7,15.56,,,0.43,3850104274817,HRANA
GRAH CRVENI 240g BONDUELLE,01550055,BONDUELLE,0.24 kg,ko,1.99,8.29,,,1.99,3083680009508,HRANA
KEKS CH MOUNTAIN 150g GREISSON,04140430,GRIESSON,0.15 kg,ko,2.35,15.67,,,2.35,4001518116999,HRANA
KEKS BREAKFAST CER/CRANBERRY 160g,90080750,BREAKFAST,0.16 kg,ko,2.09,13.06,,,1.89,3856014113604,HRANA
TIJESTO RISINI 22 500g ZARA,04050628,PASTA ZARA,0.50 kg,ko,1.59,3.18,,,1.59,8004350130228,HRANA
DŽEM EXTRA MARELICA 690g,90407626,DIDA BOŽA,0.69 kg,ko,6.19,8.97,,,5.71,3859893011832,HRANA
SIR POLUTV EDAMAC 400g ZDENKA,02055618,ZDENKA,0.40 kg,ko,5.79,14.48,,,5.79,3858888590475,HRANA
MJEŠ ZAČ ZA PILETINU Q&E 40g KOTANYI,90698141,KOTANYI,0.04 kg,ko,0.99,24.75,,,0.98,9001414237212,HRANA
LIZALICE FLOPITO COLA 400g 50/1,90298511,FLORESTAL,0.40 kg,ko,3.71,9.28,,,3.71,7896321004253,HRANA
KEKS BREAKFAST CERE NUTS/HONEY 160g,90080752,BREAKFAST,0.16 kg,ko,2.09,13.06,,,1.89,3856014113574,HRANA
DŽEM JAGODA DIDA BOŽA 690g,90400428,DIDA BOŽA,0.69 kg,ko,6.19,8.97,,,6.19,3859891515998,HRANA
KAPSULE ILLY JAČE PRŽ 120.6g 18/1,90682843,ILLY,0.12 kg,ko,11.29,93.62,,,11.29,8003753198163,HRANA
NAPITAK BADEM NEPRŽ 1L DAR,90528249,DAR,1.00 l,ko,2.99,2.99,,,2.99,3850108028003,HRANA
SNACK OD SIRA PROVANSA 100g,90405663,ILE DE FRANCE,0.10 kg,ko,3.85,38.5,,,3.85,3480341002685,HRANA
SARDINA U UM RAJČICE 100g/65g EVA,90706343,EVA,0.07 kg,ko,1,15.38,,,1,3856020262648,HRANA
TIJESTO CANNELLONI 115 250g ZARA,04050014,PASTA ZARA,0.25 kg,ko,1.59,6.36,,,1.59,8004350141156,HRANA
LIZALICA ORIGINAL GOURMET 31g,90617888,GOURMET,0.03 kg,ko,0.7,22.58,,,0.99,8681076000006,HRANA
KAVA RISTRET ESP NS 10/1 57g LAVAZZA,90725303,LAVAZZA,0.06 kg,ko,5.79,101.58,,,5.59,8000070053564,HRANA
JOGURT ACTIMEL MULTIFRUIT 4X100g,90602756,ACTIMEL,0.40 kg,ko,2.69,6.73,,,2.49,5997536110356,HRANA
DOMAĆA ISTARSKA KOBASICA PAK,90290768,KONZUM,1.00 kg,kg,7.37,7.37,,,7.37,,HRANA
DESERT RAFFAELLO CUBETTO T7 70g,90571807,FERRERO,0.07 kg,ko,1.5,21.43,,,1,8000500164242,HRANA
NJOKI  BEZ GLUTENA 500g KADICA IL PASTAIO,90364452,IL PASTAIO,0.50 kg,ko,2.99,5.98,,,2.99,8015057004224,HRANA
MUESLI GRANOLA ORAŠ PLOD MED 300g SANTE,90623193,SANTE,0.30 kg,ko,3.99,13.3,,,3.99,5900617037152,HRANA
ROŠTILJ KOBASICA RFZ KONZUM,90345113,KONZUM,1.00 kg,kg,5.74,5.74,,,5.74,,HRANA
SIR TOP TROK MEDVJEĐI LUK ZDENKA 140g,90432938,ZDENKA,0.14 kg,ko,2.25,16.07,,,2.25,3858888598549,HRANA
SMOOTHIE BETT'R MANGO MARAKUJA 250 ml,90775712,BETT R,0.25 l,ko,3.09,12.36,,,3.09,3800233782394,PIĆE
NAPITAK ISO SPORT NARANČA LIMUN GAZ. 1.5L,90673712,ISO SPORT,1.50 l,ko,2.25,1.5,,,2.25,3850108071849,PIĆE
PIVO LEFFE BROWN 0.33L NEP AMB ZG P,03130301,LEFFE,0.33 l,ko,2.29,6.94,,,2.29,5410228166672,PIĆE
PJENUŠAC DJ. ROBBY BUBBLE BRESKVA 0.75L,90669470,ROBBY BUBBLE,0.75 l,ko,3.65,4.87,,,3.65,8595004610130,PIĆE
VODA SENSATION LIME/KIWA 1.5L JAM,03180155,SENSATION,1.50 l,ko,1.69,1.13,,,1.69,3858884602349,PIĆE
COCKTA ORIGINAL 0.5L,90310495,COCKTA,0.50 l,ko,1.25,2.5,,,1.25,3838471032476,PIĆE
RAKIJA ŠLJIVOVICA 0.35L ZVEČEVO,90499407,ZVEČEVO,0.35 l,ko,6.69,19.11,,,6.69,3858894170142,PIĆE
SOK OD KUPINE  0.75L BOKUN,90403911,BOKUN,0.75 l,ko,7.79,10.39,,,7.09,3859891224418,PIĆE
VINO MERLOT 0.75L KORLAT,03023335,KORLAT,0.75 l,ko,16.05,21.4,,,16.05,3850112170538,PIĆE
PIVO ESTRELLA GALICIA ESP 0.5L LIM ,90704171,ESTRELLA,0.50 l,ko,1.65,3.3,,,1.65,8412598000775,PIĆE
PIVO THERAPY 0.5L LIM ,90607846,ZMAJSKA PIVOVARA,0.50 l,ko,2.69,5.38,,,2.69,3859893414411,PIĆE
GIN SOUTH BANK 0.7L,90296112,SOUTH BANK,0.70 l,ko,8.39,11.99,,,8.39,5021692111107,PIĆE
VINO GRAŠEVINA JERUZALEM ORMOŽ 1 L,90900093,JERUZALEM,1.00 l,ko,6.29,6.29,,,6.29,3830078702981,PIĆE
PIVO GRIMBERGEN DOUBLE AMBREE 0.33 l OW,90183863,GRIMBERGEN,0.33 l,ko,2.25,6.82,,,2.25,3858887585526,PIĆE
RAKIJA TRAVARICA 0.7L ZVEČEVO,90085686,ZVEČEVO,0.70 l,ko,9.35,13.35,,,9.35,3858894170265,PIĆE
SIRUP NAR CRNI RIBIZ FRUCTAL 1L,90484500,FRUCTAL,1.00 l,ko,2.99,2.99,,,2.99,3838945038911,PIĆE
VODKA KEGLEVICH CLASIC 38% 1L,03081039,KEGLEVICH,1.00 l,ko,13.05,13.05,,,13.05,8000440112372,PIĆE
PIVO KARLOVAČKO 0.5L  LIM 6 PAK,90573287,KARLOVAČKO,3.00 l,ko,7.99,2.66,,,7.69,3850103902360,PIĆE
NEGAZ PIĆE YIPPY ŠUM VOĆE 0.33L,90063830,YIPPY,0.33 l,ko,1.39,4.21,,,1.35,9008700173582,PIĆE
GIN HENDRICKS 0.7L,90062355,HENDRICKS,0.70 l,ko,40.05,57.19,,,40.05,5010327755014,PIĆE
VINO GRAŠEVINA 3L PET,90750449,PROPAK,3.00 l,ko,5.25,1.75,,,5.25,3859893667428,PIĆE
NAPITAK MONSTER MANGO LOCO 0.5L,90382349,MONSTER,0.50 l,ko,1.95,3.9,,,1.95,5060639121618,PIĆE
PIVO VARIONICA DEEP DIVE IPA 0.5L NB,90704186,VARIONICA,0.50 l,ko,2.75,5.5,,,2.75,3859893139512,PIĆE
PIVO HEINEKEN SILVER 0.5L LIM,90703112,HEINEKEN,0.50 l,ko,1.75,3.5,,,1.69,3850103902452,PIĆE
GAZ PIĆE PEPSI MAX LIMETA 1.5 L,90826336,PEPSI,1.50 l,ko,1.79,1.19,,,1.79,3830065021118,PIĆE
NEKTAR MOJ DAN JABUKA 2L,90513352,MOJ DAN,2.00 l,ko,,0.7,1.39,1.79,1.39,3850334411891,PIĆE
PIVO BAVARIA 0.25L NEP BOCA,03040040,BAVARIA,0.25 l,ko,1.19,4.76,,,1.19,87316650,PIĆE
SOK&ČAJ HIPP VOĆE VIT C 500ML,04170242,HIPP,0.50 l,ko,1.65,3.3,,,1.65,4062300392915,PIĆE
PIVO EFES PILSENER 0.3 L NB,90814663,EFES,0.30 l,ko,1.49,4.97,,,1.49,8690520011567,PIĆE
CEDEVITA FRESH ANANAS MANGO 0.34 L,90784751,CEDEVITA,0.34 l,ko,,3.5,1.19,1.19,1.15,3850322016565,PIĆE
LIKER MALINA 0.75 L HARMUND,90875111,HARMUND,0.75 l,ko,19.99,26.65,,,19.99,3859893459696,PIĆE
GAZ PIĆE SCHWEPPES TONIC WAT 1.5L,03162958,SCHWEPPES,1.50 l,ko,2.25,1.5,,,2.25,5449000044679,PIĆE
NEG PIĆE LIM MENTA FRUCTAL CLASSIC 1 L,90784792,FRUCTAL,1.00 l,ko,,1.39,1.39,1.79,1.79,3838945042390,PIĆE
GAZ PIĆE FANTA SHOKATA 0.5L,90042692,FANTA,0.50 l,ko,1.19,2.38,,,1.15,5449000291677,PIĆE
VINO PLAVAC MALI MILATIĆ 0.75l,90405550,OPG IVO MILATIĆ,0.75 l,ko,6.55,8.73,,,6.55,3857500048202,PIĆE
PIVO 5TH ELEMENT ABA 0.5L NB,90298341,5TH ELEMENT,0.50 l,ko,2.15,4.3,,,2.15,3859892222925,PIĆE
PJENUŠAC SREBR RADG PENINA 0.75L,03035010,RADGONSKE GORICE,0.75 l,ko,9.85,13.13,,,9.85,3830000341110,PIĆE
BOLERO CLASSIC ŠUMSKO VOĆE 9g,90325866,BOLERO,0.01 kg,ko,0.89,98.89,,,0.89,3800048200229,PIĆE
VINO BABIĆ RAPSODIJA EKO 0.75L,90404652,BABIĆ,0.75 l,ko,12.05,16.07,,,12.05,3859893402173,PIĆE
PRAŠK. NAPITAK MOJ DAN LIMUN 200g,90662974,MOJ DAN,0.20 kg,ko,1.45,7.25,,,1.45,8605028604623,PIĆE
PROSECCO CIVA VILLA FOLINI EDRY 0.75L,90705016,CIVA,0.75 l,ko,8.05,10.73,,,8.05,8058333060262,PIĆE
COCKT RTD OLD PILOT'S GIN&TON 0.25 L,90800763,OLD PILOT S,0.25 l,ko,2.49,9.96,,,2.49,3859894018342,PIĆE
PIVO KRUŠOVICE 0.5L POV AMBALAŽA,90289942,KRUŠOVICE,0.50 l,ko,1.29,2.58,,,1.25,3850103090036,PIĆE
LIKER PELINKOVAC GORKI 1L 31% BADEL,03070354,BADEL 1862,1.00 l,ko,16.05,16.05,,,16.05,3850112110039,PIĆE
SOK FRUCTAL MULTIVITAMIN 100% 1L,90499373,FRUCTAL,1.00 l,ko,2.29,2.29,,,2.29,3838945027854,PIĆE
PIVO CRNA KRALJICA 0.5L CYRKON,90150822,MEDVEDGRAD,0.50 l,ko,2.09,4.18,,,2.09,3857500003294,PIĆE
NEKTAR VINDI DISNEY JAGODA 0.2 L,90826114,VINDI,0.20 l,ko,0.75,3.75,,,0.75,3850108075540,PIĆE
SOK JABUKA BIS 1L GB ZEL JURA,90219018,ZELENI JURA,1.00 l,ko,2.69,2.69,,,2,3859892961015,PIĆE
SOK CIKLA 750ml ENCIAN,03142663,ENCIAN,0.75 kg,ko,3.35,4.47,,,3.35,3859889425728,PIĆE
PIVO PAN ZLATNI 2 L PET,90360967,PAN,2.00 l,ko,3.45,1.73,,,3.45,3858887580675,PIĆE
NEKTAR MOJ DAN JABUKA 1L,90697780,MOJ DAN,1.00 l,ko,1.29,1.29,,,1.25,3850334020949,PIĆE
VINO CAB SAUV 0.75L VINA LAGUNA,90311358,LAGUNA,0.75 l,ko,6.39,8.52,,,6.39,3858881190597,PIĆE
NEG PIĆE MIST DRAG CAPRI SONNE 0.2L,03140474,CAPRI SONNE,0.20 l,ko,0.53,2.65,,,0.53,4000177408100,PIĆE
GAZ PIĆE SCHWEPPES BITTER LEM  1L,90361237,SCHWEPPES,1.00 l,ko,1.79,1.79,,,1.79,5449000044839,PIĆE
PIVO EDELMEISTER LIMUN 0.0% 0.5L LIM,90404723,EDELMEISTER,0.50 l,ko,1.15,2.3,,,1.09,5900535013665,PIĆE
VODKA FINLANDIA 0.7L,03081740,FINLANDIA,0.70 l,ko,15.75,22.5,,,15.75,6440003100095,PIĆE
PIVO LP DARK SIDE PORTER 0.5 L LIM,90809852,LEPI DEČKI,0.50 l,ko,2.35,4.7,,,2.35,3859893292880,PIĆE
RAKIJA TRAVARICA 1L 38% VINOPLOD,03060017,VINOPLOD,1.00 l,ko,14.05,14.05,,,14.05,3859888129849,PIĆE
GAZ PIĆE FANTA NARANČA 2L,03167364,FANTA,2.00 l,ko,,1.1,2.19,2.39,2.29,5449000322203,PIĆE
PIVO LP WAITAPU BLONDE ALE 0.5 L LIM,90809850,LEPI DEČKI,0.50 l,ko,2.35,4.7,,,2.35,3859894040220,PIĆE
SIRUP VIŠNJA 0.5L BOBO,90571036,BOBO,0.50 l,ko,5.69,11.38,,,5.69,3859893313615,PIĆE
VINO MERLOT SELEC. 0.75L ,90649245,VIZBA VALANDOVO,0.75 l,ko,5.35,7.13,,,5.35,5310122001690,PIĆE
VINO GRAŠEVINA VUPIK 3 L BIB,90810716,VUPIK,3.00 l,ko,7.99,2.66,,,7.99,3858882617437,PIĆE
VODA IZVOR JANA KOKOS 0.5L,90706881,JANA,0.50 l,ko,1.25,2.5,,,1.25,3858890879889,PIĆE
NEGAZ PIĆE JUICY FRUITS NAR NEKT 0.5L JAM,03145075,JUICY FRUITS,0.50 l,ko,1.09,2.18,,,1.09,3858890975154,PIĆE
VINO MERLOT 0.75L VINA LAGUNA,90311368,LAGUNA,0.75 l,ko,6.39,8.52,,,6.39,3858881190160,PIĆE
SIRUP MALINA 0.5L BOBO,90571038,BOBO,0.50 l,ko,6.19,12.38,,,6.19,3859893313592,PIĆE
ČAJ BEBIVITA VOĆNI 6MJ+ 200g,90089613,BEBIVITA,0.20 kg,ko,3.45,17.25,,,3.45,9007253102971,PIĆE
VINO POŠIP MERGA VICTA SMOKVI  0.75L,90404647,MERGA VICTA,0.75 l,ko,17.55,23.4,,,17.55,3857500084200,PIĆE
VINO ŽILAVKA 1L KK KVAL VIN ČIT,03020266,HERCEGOVINAVINO,1.00 l,ko,4.89,4.89,,,4.19,3870083000658,PIĆE
SOK 100% ANANAS JUICY 1L,03140548,JUICY,1.00 l,ko,2.79,2.79,,,2.79,3858890970692,PIĆE
LIKER  ANTIQUE PELINKOVAC 0.05L,90380351,BADEL 1862,0.01 l,ko,1.75,350,,,1.75,3850112111289,PIĆE
VINO CAB SAUVIG 1L VINA LAGUNA,90311373,LAGUNA,1.00 l,ko,5.35,5.35,,,5.35,3858881190825,PIĆE
CEDEVITA LIMETA 455g,90571962,CEDEVITA,0.46 kg,ko,4.39,9.65,,,4.19,3850322014929,PIĆE
NEGAZ PIĆE JUICY FRUITS MULTI 1.5L,03160270,JUICY FRUITS,1.50 l,ko,1.69,1.13,,,1.69,3858890975000,PIĆE
VINO PRIMITIVO LA CACCIATORA 0.75L,90770435,LA CACCIATORA,0.75 l,ko,7.89,10.52,,,7.89,8004300250648,PIĆE
GAZ PIĆE SKY ORANGE 2L,03166974,SKY,2.00 l,ko,1.79,0.9,,,1.79,3871059000504,PIĆE
PIVO PAULANER 0.5L LIM ORIGINAL,03131117,PAULANER,0.50 l,ko,1.79,3.58,,,1.79,4066600211815,PIĆE
LEDENI ČAJ JANA BRESKVA 0.5L,03169974,JANA,0.50 l,ko,1.19,2.38,,,1.19,3858884601052,PIĆE
PIVO SAN SERVOLO CRVENO 0.33L NB,90300323,SAN SERVOLO,0.33 l,ko,2.59,7.85,,,2.59,3859893049033,PIĆE
VINO PINOT LA CACCIATORA 0.75L,90147598,LA CACCIATORA,0.75 l,ko,7.89,10.52,,,7.65,8004300362136,PIĆE
VINO PELJEŠAC 1L KV PZ I VIN DINGAČ,03023750,PZ I VIN DINGAČ,1.00 l,ko,7.25,7.25,,,7.25,3859888108059,PIĆE
PIVO STAROČEŠKO CRVENO 0.5L NB,90770042,STAROČEŠKO,0.50 l,ko,1.55,3.1,,,1.55,3859893750731,PIĆE
NAPITAK HELL BLACK CHERRY 0.5 L,90826152,HELL,0.50 l,ko,1.69,3.38,,,1.69,5999884034346,PIĆE
NEGAZ PIĆE HAPPY DAY NARANČA SUN 1 L,90889877,HAPPY DAY,1.00 l,ko,2.29,2.29,,,2.29,9008700237857,PIĆE
PIĆE GAZ THOMAS HENRY TONIC WAT 0.2L,90478148,THOMAS HENRY,0.20 l,ko,2.19,10.95,,,2.19,4251760800041,PIĆE
VINO CAB SAUV FESTIGIA 0.75L VINA LAGUNA,90311405,LAGUNA,0.75 l,ko,13.45,17.93,,,13.45,3858881191938,PIĆE
GIN GORDONS DRY 0.7L,03070780,GORDON'S,0.70 l,ko,21.99,31.41,,,21.05,5000289925440,PIĆE
SOK 100% GUSTI JUICY 1 L,90361236,JUICY,1.00 l,ko,2.29,2.29,,,2.39,3858890977356,PIĆE
VISKI JAMESON 0.7 LIT - GOLA BOCA,03082776,JAMESON,0.70 l,ko,23.99,34.27,,,23.05,5011007003005,PIĆE
VINO CAB SAUVIG KV 0.75 VINA BELJE,90311385,BELJE,0.75 l,ko,8.29,11.05,,,8.29,3850257020484,PIĆE
LIKER KRUŠKOVAC SVATOVSKI 1L 24% BAD,03070325,BADEL 1862,1.00 l,ko,10.05,10.05,,,10.05,3850112110169,PIĆE
VINO VENUS 1L,90311362,VIZBA VALANDOVO,1.00 l,ko,4.75,4.75,,,4.75,3859892866884,PIĆE
GIN SAX ORIGINAL 1L,90365092,SAX,1.00 l,ko,15.05,15.05,,,15.05,3850112142153,PIĆE
NAPITAK HIDRA UP 0.33L ,90705688,HIDRA,0.33 l,ko,0.99,3,,,0.95,3850131005910,PIĆE
PIĆE NEG.ALOE VERA MANGO 0.5 L,90745048,TROPICAL,0.50 l,ko,2.55,5.1,,,2.55,8712857007201,PIĆE
LEDENI ČAJ MAL BOR XIXO 0.25 L,90887087,XIXO,0.25 l,ko,0.69,2.76,,,0.69,5999860497547,PIĆE
PIVO K1664 BLANC 4PACK 0.5 l LIM,90884945,KRONENBOURG 1664,2.00 l,ko,6.15,3.08,,,6.15,8600331002753,PIĆE
GAZ PIĆE FANTA NARANČA 0.5L,03163494,FANTA,0.50 l,ko,1.19,2.38,,,1.15,5449000322142,PIĆE
GAZ PIĆE FANTA GRAPE 0.5 L,90886664,FANTA,0.50 l,ko,1.19,2.38,,,1.15,5449000338808,PIĆE
RAKIJA TRAVARICA 37.5% 0.1L,90320250,MARASKA,1.00 l,ko,1.69,1.69,,,1.69,3850158302054,PIĆE
SOK BEBIVITA JABUKA 500ML PLAST,04172594,BEBIVITA,0.50 l,ko,1.85,3.7,,,1.85,4018852032755,PIĆE
GAZ PIĆE SCHWEPPES BITT LEM 0.5L,03162916,SCHWEPPES,0.50 l,ko,1.35,2.7,,,1.35,54490130,PIĆE
VINO SLATKI MUŠKAT KOPER 0.75L,90759788,VINA KOPER,0.75 l,ko,10.69,14.25,,,10.69,3830000700337,PIĆE
NEKTAR MOJ DAN NARANČA 1L ,90699263,MOJ DAN,1.00 l,ko,1.29,1.29,,,1.15,3850334028112,PIĆE
PIVO BRANIK 2L ZAGR PIV,90093495,BRANIK,2.00 l,ko,2.19,1.1,,,2.15,3850131003756,PIĆE
GAZ PIĆE COCKTA BLONDIE 0.5L,90600097,COCKTA,0.50 l,ko,1.25,2.5,,,1.25,3838471047302,PIĆE
DOMAĆI B 1L ZVEČEVO,03075210,ZVEČEVO,1.00 l,ko,10.65,10.65,,,10.65,3858894171262,PIĆE
ŠAMPON SCHAUMA HAIR BOOSTER 400 ml,90825332,SCHAUMA,0.40 l,ko,,9.98,3.99,4.99,4.99,9000101738001,KOZMETIKA
SERUM DELIA HIDRAT KOLAGEN 30ml,90704675,DELIA,0.03 l,ko,6.35,211.67,,,6.35,5906750801605,KOZMETIKA
KREMA DOVE SILK 300ml,06529028,DOVE,0.30 l,ko,8.49,28.3,,,8.49,40883007,KOZMETIKA
ŠAMPON FRUCTIS GROW STRONG 400ML,90235545,GARNIER FRUCTIS,0.40 l,ko,4.49,11.23,,,4.49,3600541922822,KOZMETIKA
ČETKICA SIGNAL WHITE SYSTEM 2/1,90730107,SIGNAL,2.00 ko,ko,6.99,3.5,,,6.99,8710522712108,KOZMETIKA
SAPUN ČVRSTI NIVEA SOFT CR 100g,06510388,NIVEA,0.10 kg,ko,1.49,14.9,,,1.49,4005808135318,KOZMETIKA
GEL ČIŠĆ GARNIER PURE CHARC 250 ml,90774651,GARNIER,0.25 l,ko,6.99,27.96,,,6.99,3600542566261,KOZMETIKA
BRIJAČ WILK HYDRO 5 SKIN+1 BRIT,90478221,WILKINSON,1.00 ko,ko,10.29,10.29,,,10.29,4027800439935,KOZMETIKA
KONAC ZA ZUBE DENTORAL SENSIT MINT WAX 50m,90290493,DENTORAL,50.00 m,ko,1.99,0.04,,,1.99,3850334609175,KOZMETIKA
MARAMICE VL ASEPSOL FRESH 20/1,90484547,ASEPSOLETA,20.00 ko,ko,1.99,0.1,,,1.75,3856007908439,KOZMETIKA
ŠAMPON H&S 400ml PUNOĆA,06520522,HEAD&SHOULDE,0.40 l,ko,6.69,16.73,,,6.69,4084500610668,KOZMETIKA
DEO NIVEA PROTECT&CARE 150ml,90213288,NIVEA,0.15 l,ko,5.39,35.93,,,3.99,9005800262048,KOZMETIKA
LAK ZA KOSU TAFT ALOE 250 ml,90885535,TAFT,0.25 l,ko,,19.16,4.79,5.99,5.99,9000101744163,KOZMETIKA
LIP BALM LABELLO HYDRA CARE 5.5g,90726951,LABELLO,0.01 kg,ko,4.39,798.18,,,4.39,9005800362991,KOZMETIKA
ŠAMPON H&S CITRUS 800 ml,90771146,HEAD&SHOULDE,0.80 l,ko,12.49,15.61,,,12.49,8700216156172,KOZMETIKA
GEL TUŠ NIVEA CREME CARE 250ml,90082503,NIVEA,0.25 l,ko,2.99,11.96,,,2.99,9005800223025,KOZMETIKA
BOJA PALETTE DELUXE 345,06540596,PALETTE DELU,1.00 ko,ko,5.99,5.99,,,4.79,3838824176710,KOZMETIKA
SUHO ULJE AFR SUN CARE MAR 150ml,90607873,AFRODITA,0.15 l,ko,14.99,99.93,,,14.99,3831070652618,KOZMETIKA
KREMA NIVEA BABY SOFT 200 ml,90759670,NIVEA,0.20 l,ko,5.19,25.95,,,5.19,9005800369495,KOZMETIKA
VOD USTA OB PRO EXP PROF PROT NOR CE 500ml,90282043,ORAL B,0.50 l,ko,5.19,10.38,,,5.19,4015600572969,KOZMETIKA
SUN TEKUĆI KRALJEVSKI PEKMEZ BIOBAZA 250ml,90360814,BIOBAZA,0.25 l,ko,13.99,55.96,,,13.99,3856020903824,KOZMETIKA
ČETKICA PARODONTAX INTERD EXT SOFT,90334845,PARODONTAX,1.00 ko,ko,5.39,5.39,,,5.05,5054563049469,KOZMETIKA
DEO GARNIER INVISIBLE BWC 150ml,90056544,GARNIER,0.15 l,ko,4.99,33.26,,,4.99,3600541253704,KOZMETIKA
REGENER SCHAUMA REG/NJEGA 250ml,90587886,SCHAUMA,0.25 l,ko,4.19,16.76,,,4.19,9000101658163,KOZMETIKA
KREMA COREGA EXTRA 40ml 2060,06513704,COREGA,0.04 l,ko,6.19,154.75,,,6.19,5999518572060,KOZMETIKA
KREMA ZA RUKE ZIAJA KAŠMIR 100ML,90169242,ZIAJA,0.10 l,ko,1.99,19.9,,,1.99,5901887036395,KOZMETIKA
PJENA NIVEA SENS 200ML,06560147,NIVEA,0.20 l,ko,,17.75,3.55,5.09,5.09,4005808310715,KOZMETIKA
BOJA SYOSS OLEO 5-92 SV CRVENA,90059990,SYOSS OLEO,1.00 ko,ko,7.99,7.99,,,7.99,9000100814737,KOZMETIKA
LAK ZA KOSU INTESA STRONG HOLD 300ml,90361769,INTESA,0.30 l,ko,3.65,12.17,,,3.49,8003510002221,KOZMETIKA
BOJA SYOSS 3-89 BRONČANA KAVA,90775226,SYOSS,1.00 ko,ko,6.99,6.99,,,5.59,9000101732207,KOZMETIKA
GEL TUŠ NIVEA MEN SENSITIVE 500ml,90361815,NIVEA,0.50 l,ko,6.69,13.38,,,6.69,9005800286570,KOZMETIKA
BRIJAČ JEDNOK M BIC ACTION 3 4+2,90725085,BIC,6.00 ko,ko,3.99,0.67,,,3.99,3086123399327,KOZMETIKA
LOSION TIJ NIVEA ALOE&HID 400ml,90598414,NIVEA,0.40 l,ko,9.99,24.98,,,9.99,9005800286761,KOZMETIKA
ŠAMPON MANEN TAIL 355ml,90484284,MANE N TAIL,0.36 l,ko,8.49,23.92,,,8.49,0071409543214,KOZMETIKA
KUPKA J&J BABY BEDTIME 500ml,90361093,J&J,0.50 l,ko,,12.38,6.19,8.29,7.49,3574669908641,KOZMETIKA
PDX PASTA ZA ZUBE COMPL PROTEC EX FRESH 75ml,90311861,PARODONTAX,0.08 l,ko,7.45,99.33,,,6.99,5054563948403,KOZMETIKA
STICK DEO OLD SPICE CAPTAIN 2X50ml,90703761,OLD SPICE,0.10 l,ko,9.49,94.9,,,9.49,8700216961998,KOZMETIKA
KREMA BAD ZA UČVRŠĆ ZUBI REG 47g,90351063,BLEND-A-DENT,0.05 kg,ko,5.29,112.55,,,5.29,8001841900483,KOZMETIKA
VODICA ZA USTA PARODNTAX 500ML,90113176,PARODONTAX,0.50 l,ko,7.99,15.98,,,7.49,5054563205575,KOZMETIKA
DEO NIVEA Ž PROTECT&CARE 250ml,90597882,NIVEA,0.25 l,ko,7.19,28.76,,,7.19,5900017048642,KOZMETIKA
SRED LABPRO ZA DEZINFEKCIJU RUKU 100ml,90410982,LABPRO,0.10 l,ko,1.85,18.5,,,1.85,3850111755187,KOZMETIKA
SET DENIM DUOPACK GOLD GEL+DEO,90189734,DENIM BRAND,1.00 ko,ko,6.29,6.29,,,5,8008970040363,KOZMETIKA
ULJE U SPREJU NIVEA SUN S KAROTENOM 200ml,90319639,NIVEA,0.20 l,ko,13.49,67.45,,,13.49,4005900478566,KOZMETIKA
ŠAMPON OLEA 7 TRAVA 500ml,90735082,OLEA,0.50 l,ko,,2.1,1.05,1.39,1.39,3850334073310,KOZMETIKA
ROLL ON BIOBAZA BOTANIC GARDEN 50 ml,90775462,BIOBAZA,0.05 l,ko,3.99,79.8,,,3.79,3856020915056,KOZMETIKA
MAST GROŽĐANA  MELEM KIKI 10 ml,90885729,MELEM,0.01 l,ko,3.29,329,,,3.29,3856007912740,KOZMETIKA
ŠAMPON GEL 2U1 MELEM JAG MAL 260 ml,90874869,MELEM,0.26 l,ko,3.89,14.96,,,3.89,3856007912696,KOZMETIKA
ZP BLANX BLACK VOLCANO 75ml,90759709,BLANX,0.08 l,ko,4.19,55.87,,,4.19,8017331089675,KOZMETIKA
ŠAMPON GLISS FULL HAIR 250 ml,90885517,GLISS,0.25 l,ko,4.29,17.16,,,4.29,9000101749175,KOZMETIKA
ŠAMPON HERBA KAMILICA 1 l,90885033,HERBA,1.00 l,ko,2.69,2.69,,,2.69,5310001138684,KOZMETIKA
SAPUN LAHOR AQUA 80g,90571740,LAHOR,0.08 kg,ko,0.89,11.13,,,0.89,3850105177193,KOZMETIKA
GEL EVELINE PURE CONTROL 2U1 200ml,06593415,EVELINE,0.20 l,ko,3.59,17.95,,,3.59,5901964014162,KOZMETIKA
KREMA DJ BECUTAN HIDRATANTNA 200 ml,90764671,BECUTAN,0.20 kg,ko,5.15,25.75,,,5.15,5310001230944,KOZMETIKA
DEO NIVEA Ž PEARL&BEAUTY SPR 150ml,06552500,NIVEA,0.15 l,ko,5.39,35.93,,,5.39,4005808734528,KOZMETIKA
LAK ELEGANCE 500ML      4306,06541042,ELEGANCE,0.50 l,ko,4.39,8.78,,,4.39,8008423114306,KOZMETIKA
SET BIOBAZA BOTANIKA ROSARY,90704134,BIOBAZA,1.00 ko,ko,9.99,9.99,,,9.99,3856020912413,KOZMETIKA
VODICA ZA USTA LISTERINE TEETH&GUM 500ml,90341386,LISTERINE,0.50 l,ko,6.49,12.98,,,6.29,5010123714383,KOZMETIKA
DEO NIVEA AQUA COL M 150ml,06550008,NIVEA,0.15 l,ko,5.29,35.27,,,5.29,4005808730377,KOZMETIKA
ŠAMP I KUP SEPTONA BABY LAVAN 500ml,90765167,SEPTONA,0.50 l,ko,4.99,9.98,,,4.99,5201410220063,KOZMETIKA
ČETKICA K PL DENTORAL MEDIUM,06531299,DENTORAL,1.00 ko,ko,0.89,0.89,,,0.89,3850334610195,KOZMETIKA
ZP PLIDENTA E WHITE 125 ml + ČETKICA,90795184,PLIDENTA,1.00 ko,ko,2.79,2.79,,,2.79,3856007912061,KOZMETIKA
MIXA KREMA ZA RUKE SUHA KOŽA 100ML,90115138,MIXA,1.00 ko,ko,3.99,3.99,,,3.99,3600550932690,KOZMETIKA
BOJA COMPLETE COL RM55 MAH 7909,06549309,ANNYER,1.00 ko,ko,3.99,3.99,,,3.99,3850177007909,KOZMETIKA
DEO GARNIER MIN ACTION CONTROL 150ml,06551820,GARNIER,0.15 l,ko,4.99,33.27,,,4.99,3600540795113,KOZMETIKA
BRILJANTIN AFR LIGHT 125ML 4309,06540250,AFRODITA,0.13 l,ko,,26.24,3.28,4.49,3.28,3830001294309,KOZMETIKA
VODICA MICEL NIVEA PROF 400mL,90311625,NIVEA,0.40 l,ko,,19.45,7.78,9.29,9.29,9005800297606,KOZMETIKA
ŠAMPON BECUTAN DJ 200ML 6410,06600613,BECUTAN,0.20 l,ko,3.25,16.25,,,3.25,5310001139803,KOZMETIKA
ZP SENSOD REP&PROT WHIT 75ML,90045768,SENSODYNE,0.08 l,ko,7.45,99.33,,,6.99,5054563232717,KOZMETIKA
BALZAM MELEM COLD CREAM 4.5g,90730147,MELEM,0.01 kg,ko,3.99,886.67,,,3.99,3856007910074,KOZMETIKA
ŠAMPON I GEL MUSTELA 2U1 200ml,90403693,MUSTELA,0.20 l,ko,7.99,39.95,,,7.99,3504105036058,KOZMETIKA
KREMA NEVEN 250ml,90297778,ENCIAN,0.25 l,ko,4.25,17,,,4.25,3859891728497,KOZMETIKA
ŠAMPON SYOSS SUHI VOL 200 ml,90885512,SYOSS,0.20 l,ko,,22.45,4.49,6.49,6.49,9000100695848,KOZMETIKA
ČETKICA SENSODYNE EXPERT SOFT,90600455,SENSODYNE,1.00 ko,ko,5.39,5.39,,,5.05,5054563029720,KOZMETIKA
SAPUN ČVRSTI NIVEA MILK 90g,90424777,NIVEA,0.09 kg,ko,1.19,13.22,,,1.19,4005808176533,KOZMETIKA
ŠAMP I KUP SEPTONA BABY ALOE 500ml,90765164,SEPTONA,0.50 l,ko,4.99,9.98,,,4.99,5201410220056,KOZMETIKA
ŠAMPON H&S TEA TREE PURITY 400ml,90478608,HEAD&SHOULDE,0.40 l,ko,6.69,16.73,,,6.69,8001090496546,KOZMETIKA
DEO GARNIER EXTREM M 150ml,06550532,GARNIER,0.15 l,ko,4.99,33.27,,,4.99,3600540889584,KOZMETIKA
ŠAMPON AFR ČIČAK 950ml,90744829,AFRODITA,0.95 l,ko,5.29,5.57,,,4.79,3831070661665,KOZMETIKA
ŠAMPON PANTEN INTENZ REG 400ML,90034829,PANTENE,0.40 l,ko,5.99,14.98,,,5.99,5410076561834,KOZMETIKA
KREMA NIVEA 250ML       1053,06590226,NIVEA,0.25 l,ko,7.79,31.16,,,7.79,4005808158041,KOZMETIKA
KREMA LOREAL REVITAL LASER DN 50ML,90056496,LOREAL,0.05 l,ko,20.49,409.8,,,20.49,3600523550661,KOZMETIKA
KREMA DN OLEA REGENER 50ml,90362336,OLEA,0.05 l,ko,3.35,67,,,3.35,3850334150721,KOZMETIKA
ZP ORAL B DESNI&CAKL EX FR 75ml,90402635,ORAL B,0.08 l,ko,4.39,58.53,,,4.39,8001090794413,KOZMETIKA
PJENA ZA KUP HIPP PATK REFIL 250 ml,90839913,HIPP,0.25 l,ko,2.75,11,,,2.75,42241294,KOZMETIKA
KREMA EVELINE LIFT BOOSTER 50+ 50 ml,90774889,EVELINE,0.05 l,ko,7.15,143,,,7.15,5903416058595,KOZMETIKA
ŠAMPON H&S 2IN1 MENTHOL 330 ml,90771191,HEAD&SHOULDE,0.33 l,ko,6.69,20.27,,,6.69,8700216304825,KOZMETIKA
ULJE ZA KOSU PANTENE ARGAN 100ml     ,90478615,PANTENE,0.10 l,ko,9.29,92.9,,,9.29,8006540124833,KOZMETIKA
SET DESIRE LA BELLE SG+DEO W,90673408,DESIRE,1.00 ko,ko,4.49,4.49,,,4,5944568001053,KOZMETIKA
ZP LACALUT AKTIV 75ml,90092291,LACALUT,0.08 l,ko,4.39,58.53,,,4.39,4016369728680,KOZMETIKA
BOJA SYOSS 12-59 HLADNA PLATINASTA PLAVA,90310697,SYOSS,1.00 ko,ko,6.99,6.99,,,5.59,9000101210521,KOZMETIKA
GEL TUŠ DOVE W SILKY VELV XXL 450 ml,90775096,DOVE,0.45 l,ko,5.99,13.31,,,5.99,8720181468438,KOZMETIKA
BRIJAČ JEDNOK VENUS SENSITIVE 3/1,90598762,VENUS,3.00 ko,ko,8.89,2.96,,,8.89,7702018491544,KOZMETIKA
KONAC ZA ZUBE DENTORAL MINT WAX 100m	,90290490,DENTORAL,100.00 m,ko,1.49,0.01,,,1.49,3850334610256,KOZMETIKA
DEO AXE KEN BERG 150 ml,90885200,AXE,0.15 l,ko,5.49,36.6,,,5.49,8720181555596,KOZMETIKA
DEO DOVE M CLEAN COMFORT 200ml,90702967,DOVE,0.20 l,ko,6.49,32.45,,,6.49,8720181284946,KOZMETIKA
STICK OLDSP CITRON 50ml,90214527,OLD SPICE,0.05 l,ko,4.99,99.8,,,4.99,8700216203654,KOZMETIKA
PJENA TAFT POWER CASH 200ml,06544317,TAFT,0.20 l,ko,,19.95,3.99,4.99,4.99,9000100477789,KOZMETIKA
REGEN GLISS SPLIT MIRAC 200ml,90484068,GLISS,0.20 l,ko,4.79,23.95,,,2.99,9000101287172,KOZMETIKA
GEL TUŠ L'ANGELICA NEUTRAL 500ml,90486450,L ANGELICA,0.50 l,ko,3.25,6.5,,,3.25,8017331077450,KOZMETIKA
KREMA MELEM RUKE CIC 50ml,90730121,MELEM,0.05 l,ko,3.29,65.8,,,3.29,3856007910906,KOZMETIKA
BOJA SYOSS 1/4 PLAVO CRNA,06544310,SYOSS,1.00 ko,ko,6.99,6.99,,,5.59,9000100633000,KOZMETIKA
SREDSTVO ZA DEZINFEKCIJU RUKU 500ml LABPRO,90406501,LABPRO,0.50 l,ko,4.29,8.58,,,4.29,3850111755125,KOZMETIKA
BRIJAČ JEDNOK WILK DUPLO U VREČICI 5/1,06630462,WILKINSON,5.00 ko,ko,,0.34,1.69,1.69,2.79,40278063,KOZMETIKA
LOSION L'ANGELICA PAMUK/MOŠUS 250 ml,90775400,L ANGELICA,0.25 l,ko,,14.32,3.58,4.25,4.25,8017331082966,KOZMETIKA
DEO AXE AFRICA 150ml    5874,06550028,AXE,0.15 l,ko,4.99,33.27,,,4.55,8717644013045,KOZMETIKA
SOMAT EXCELLENCE 5IN1 20TAB,90784870,SOMAT,20.00 ko,ko,17.99,0.9,,,17.99,9000101808384,SREDSTVA ZA ČIŠĆENJE
GEL DAX PODOVI ZELENI 1L,08036019,DAX,1.00 l,ko,1.59,1.59,,,1.59,3850334397935,SREDSTVA ZA ČIŠĆENJE
MARAM SKUP BOJE DR BECKMANN 24KOM,08140722,BECKMANN,24.00 ko,ko,4.49,0.19,,,4.49,4008455500614,SREDSTVA ZA ČIŠĆENJE
FROSCH SVE POVRŠINE NARANČA 500ml,90191715,FROSCH,0.50 l,ko,,4.26,2.13,3.05,3.05,4009175953681,SREDSTVA ZA ČIŠĆENJE
DET SUĐE VIO BADEM 900ml,90683101,VIO,0.90 l,ko,2.99,3.32,,,2.99,3870128034532,SREDSTVA ZA ČIŠĆENJE
SOL ZA PERILICU DAX 1.1kg,90058892,DAX,1.10 kg,ko,0.75,0.68,,,0.75,3850334399977,SREDSTVA ZA ČIŠĆENJE
DET ARIEL OXI 1.65 kg=30PR,90886310,ARIEL,2.00 kg,ko,17.99,9,,,17.99,8700216739146,SREDSTVA ZA ČIŠĆENJE
OM ORNEL ALLURE 1.6 L,90785328,ORNEL,1.60 l,ko,4.59,2.87,,,3.99,3850105186645,SREDSTVA ZA ČIŠĆENJE
SRED SANYTOL ČIŠĆ DEZ KUHINJE 500ML,90243630,SANYTOL,0.50 l,ko,,5.78,2.89,3.65,3.45,3045206392006,SREDSTVA ZA ČIŠĆENJE
DET ARIEL COLOR 44TAB,90886245,ARIEL,44.01 ko,ko,25.49,0.58,,,25.49,8700216764544,SREDSTVA ZA ČIŠĆENJE
DET PERSIL UNIVERSAL 40TAB,90744999,PERSIL,40.00 ko,ko,23.99,0.6,,,23.99,9000101801255,SREDSTVA ZA ČIŠĆENJE
OM LENOR ORCHID 700ml,90703520,LENOR,0.70 l,ko,2,2.86,,,2,8006540901823,SREDSTVA ZA ČIŠĆENJE
OM SILAN MAGNOLIA 770ml,90713180,SILAN,0.77 l,ko,1,1.3,,,3.65,9000101581416,SREDSTVA ZA ČIŠĆENJE
ARF CREAM ORIGINAL 400ml,90603160,ARF,0.40 l,ko,,4.38,1.75,2.19,1.95,3850105181626,SREDSTVA ZA ČIŠĆENJE
DET FAKS AQUAMA SMART CL 3.51kg=54PR,90553345,FAKS,3.51 kg,ko,10,2.85,,,13.15,3850105176769,SREDSTVA ZA ČIŠĆENJE
TAB FINISH AIO MAX TAB 94,90382289,FINISH ADW,94.07 ko,ko,24.49,0.26,,,24.49,5997321736280,SREDSTVA ZA ČIŠĆENJE
SOMAT GEL EXCELLENCE 2X810 ml,90795113,SOMAT,1.62 l,ko,16.49,10.18,,,16.49,9000101819342,SREDSTVA ZA ČIŠĆENJE
SAKUPLJAČ VLAGE BISON BAZA 450g,08030785,BISON,0.45 kg,ko,9.49,21.09,,,9.49,8710439279060,SREDSTVA ZA ČIŠĆENJE
DET ARIEL MOUNTAIN SPRING 2.7 L=60PR,90886369,ARIEL,2.70 l,ko,25.49,9.44,,,25.49,8700216690973,SREDSTVA ZA ČIŠĆENJE
MARAMICE VL K PLUS DAX PODOVI 15/1,90064083,DAX,15.00 ko,ko,,0.09,1.29,1.99,1.99,3850334520081,SREDSTVA ZA ČIŠĆENJE
DET ARIEL COLOR 38TAB,90886242,ARIEL,38.01 ko,ko,15,0.39,,,21.99,8700216765268,SREDSTVA ZA ČIŠĆENJE
DET ORNEL CALMING 2.34kg=36WL,90577750,ORNEL,2.34 kg,ko,5,2.14,,,11.95,3850105180094,SREDSTVA ZA ČIŠĆENJE
OSVJ SHAKE ORMAR TIARE&ORCHID 3/1,90732173,SHAKE,3.00 ko,ko,,0.66,1.99,2.99,1.49,3859890779285,SREDSTVA ZA ČIŠĆENJE
OM LENOR FA FRESH WIND 504 ml,90886147,LENOR,0.50 l,ko,6.39,12.68,,,6.39,8700216722827,SREDSTVA ZA ČIŠĆENJE
KH-7 MRLJE 750 ml+500 ml,90810896,KH-7,1.25 l,ko,6.49,5.19,,,5,3858893728931,SREDSTVA ZA ČIŠĆENJE
STAKLO SUPER JON ANTISTAT 650ML,08036080,SUPER JON,0.65 l,ko,,2.29,1.49,2.09,1.99,3850111503375,SREDSTVA ZA ČIŠĆENJE
VANISH OXI SPRAY WHITE 500ml,90602918,VANISH,0.50 l,ko,,12.44,6.22,7.79,7.79,5999109561435,SREDSTVA ZA ČIŠĆENJE
DET DASH REGULAR 1.85kg=37PR,90705812,DASH,1.85 kg,ko,15,8.11,,,19.59,8006540920794,SREDSTVA ZA ČIŠĆENJE
VANISH POW WHITE 625g,90362912,VANISH,0.63 kg,ko,10,16,,,10,5997321747804,SREDSTVA ZA ČIŠĆENJE
DOMINOL LAMINAT 750ml,90362979,DOMINOL,0.75 l,ko,4.59,6.12,,,4.59,3850145462242,SREDSTVA ZA ČIŠĆENJE
DET PERSIL SENSITIVE 1.98kg=36PR,90745001,PERSIL,1.98 kg,ko,16.99,8.58,,,9.99,9000101805017,SREDSTVA ZA ČIŠĆENJE
DET PERSIL FBS 0.99kg=18PR,90744975,PERSIL,0.99 kg,ko,9.99,10.09,,,9.99,9000101804775,SREDSTVA ZA ČIŠĆENJE
SANITAR ORIGINAL 1.25L,90706443,SANITAR,1.25 l,ko,3.99,3.19,,,3.69,3850111505669,SREDSTVA ZA ČIŠĆENJE
OM LENOR PT GOLD ORCHID 987 ml,90886174,LENOR,0.99 l,ko,6.39,6.47,,,6.39,8700216724296,SREDSTVA ZA ČIŠĆENJE
DET JAR CITRUS 650ml,90600605,JAR HDW,0.65 l,ko,3.99,6.14,,,3.99,8006540355381,SREDSTVA ZA ČIŠĆENJE
OPAL KREM DETERV 375ML  2156,08013266,OPAL,0.38 l,ko,2.45,6.53,,,2.35,3859890222156,SREDSTVA ZA ČIŠĆENJE
DET JAR PLAT LEMON 35 TAB,90662888,JAR ADW,35.00 ko,ko,21.59,0.62,,,21.59,8006540750124,SREDSTVA ZA ČIŠĆENJE
LIKVI SUPREME AIO 22TAB,90825971,LIKVI,22.00 ko,ko,7.99,0.36,,,6.99,3850105187079,SREDSTVA ZA ČIŠĆENJE
LIKVI SUPREME AIO 53TAB,90825975,LIKVI,52.99 ko,ko,18.99,0.36,,,23.99,3850105187109,SREDSTVA ZA ČIŠĆENJE
DET PERSIL COLOR 13TAB,90744931,PERSIL,13.00 ko,ko,9.99,0.77,,,9.99,9000101800012,SREDSTVA ZA ČIŠĆENJE
DET ARIEL M SPRING 2.475kg=45PR,90705865,ARIEL,2.48 kg,ko,10,4.04,,,10,8006540940549,SREDSTVA ZA ČIŠĆENJE
DET PERWOLL COLOR 2 L=40PR,90890174,PERWOLL,2.00 l,ko,12.99,6.5,,,12.99,9000101810479,SREDSTVA ZA ČIŠĆENJE
WC NET SUMM BREZZE 750  6837,08035933,WC NET,0.75 l,ko,3.45,4.6,,,3.45,,SREDSTVA ZA ČIŠĆENJE
SRED VIKING ODČEPLJIVAČ GRANULE 2x75g,90303767,VIKING,0.15 kg,ko,,9.93,1.49,1.99,1.99,8692900632010,SREDSTVA ZA ČIŠĆENJE
DET CALGON 700g KAMENAC,90404406,CALGON,0.70 kg,ko,10.09,14.41,,,10.09,5999109510594,SREDSTVA ZA ČIŠĆENJE
SRED LABPRO DEZINFICIJENS 650ml,90406372,LABPRO,0.65 l,ko,5.29,8.14,,,5.29,3850111755132,SREDSTVA ZA ČIŠĆENJE
DET DAX LIMUN 450 ml,90825530,DAX,0.45 l,ko,,1.98,0.89,0.89,0.89,3838900834763,SREDSTVA ZA ČIŠĆENJE
OM LENOR HC DESIRABLE 987 ml,90886154,LENOR,1.00 l,ko,2,2,,,2,8700216723718,SREDSTVA ZA ČIŠĆENJE
MARAMICE VL K PLUS DAX STAKLO 20/1,90593006,DAX,20.00 ko,ko,,0.06,1.29,1.99,1.99,3850334520043,SREDSTVA ZA ČIŠĆENJE
KRPA POLLYFL 3/1 PLUS,05351945,POLLY FLEX,3.00 ko,ko,2.39,0.8,,,2.39,3859888122154,PROIZVODI ZA KUĆANSTVO
RUČNIK PAP PALOMA BIJ 3SL 6/1,90270411,PALOMA,6.00 ko,ko,2.99,0.5,,,2.99,3838952033978,PROIZVODI ZA KUĆANSTVO
GOURMET GOLD MM TELETINA 85 g,90886083,GOURMET,0.09 kg,ko,0.89,10.47,,,0.89,8445291514096,PROIZVODI ZA KUĆANSTVO
RUKAVICE VILEDA MULTI LATEX 10/1 S/M,90325475,VILEDA,1.00 ko,ko,,2.99,2.99,4.45,4.45,4023103093072,PROIZVODI ZA KUĆANSTVO
DENTALIFE MALI 115g,90361561,DENTALIFE,0.12 kg,ko,2.19,19.04,,,2.19,7613035378780,PROIZVODI ZA KUĆANSTVO
ŽIGICE ZA DOMAĆ BOX 20/1,90335579,EUROALP,20.00 ko,ko,27.8,1.39,,,20,3859889419499,PROIZVODI ZA KUĆANSTVO
DAX RUKAVICE NITRIL BEZ PUD CRN M 100/1,90745170,DAX,100.00 ko,ko,,0.04,3.99,5.99,5.99,3850334070975,PROIZVODI ZA KUĆANSTVO
SALVETE VIOLETA 38X38 2SL BEŽ 25/1,05081567,VIOLETA,25.00 ko,ko,1.59,0.06,,,1.59,3870128001183,PROIZVODI ZA KUĆANSTVO
ČAČKALICE FRESH&PACK 180/1,90623834,FRESH&PACK,180.18 ko,ko,0.4,0,,,0.4,3838900808870,PROIZVODI ZA KUĆANSTVO
FELIX PARTY MIX MIXED GRILL 60g,90733361,FELIX,0.06 kg,ko,1.59,26.5,,,1.59,3858890176957,PROIZVODI ZA KUĆANSTVO
VOLI VOLI SP MIX PIL I GOV 13kg,90745729,VOLI VOLI,13.00 kg,ko,8.99,0.69,,,10.99,3859893822711,PROIZVODI ZA KUĆANSTVO
VREĆICA TREGER LD MALA KONZUM,90538192,K PLUS,1.00 ko,ko,0.13,0.13,,,0.13,3850334524324,PROIZVODI ZA KUĆANSTVO
VREĆA SMEĆE LD 150 L 10/1 DAX,90800601,DAX,10.00 ko,ko,1.69,0.17,,,1.69,3850334102560,PROIZVODI ZA KUĆANSTVO
BRISAČ PODA MIKROFIBRA DRŠKA DAX,90276225,DAX,1.00 ko,ko,,4.25,4.25,5.35,5.31,3850334599377,PROIZVODI ZA KUĆANSTVO
TOMI MM PERAD JETRA 400 g,90886192,TOMI,0.40 kg,ko,1.75,4.38,,,1.75,4003024157060,PROIZVODI ZA KUĆANSTVO
SPUŽVASTA KRPA MAGIČNA DAX 3/1,90289999,DAX,3.00 ko,ko,2.39,0.8,,,2.39,3850334608208,PROIZVODI ZA KUĆANSTVO
RUČ PAP NATUR CL CUT 150L 3SL 2/1,90850726,NATUR,2.00 ko,ko,1.59,0.8,,,1.59,3850334429650,PROIZVODI ZA KUĆANSTVO
WHISKAS MM PD GOVEDINA 85g,90707519,WHISKAS,0.09 kg,ko,0.89,10.37,,,0.89,5900951302572,PROIZVODI ZA KUĆANSTVO
KOCKA ZA POTPALU 32/1 FLASH EKO,90340438,FLASH,32.00 ko,ko,1.25,0.04,,,1.25,4007467903185,PROIZVODI ZA KUĆANSTVO
SALV NATUR PREM CRV 33X33 3SL 30/1,90894727,NATUR,30.00 ko,ko,0.99,0.03,,,0.99,3850334432117,PROIZVODI ZA KUĆANSTVO
BRISAČ PODA MIKROFIBRA ZAMJ KRPA CS,90799933,CLEAN SMART,1.00 ko,ko,4.99,4.99,,,4.99,3859893097140,PROIZVODI ZA KUĆANSTVO
VREĆICE ZA NAMIRNICE ROLA FINO 3L 250/1,90364675,FINO,250.00 ko,ko,4.29,0.02,,,4.29,5900536269900,PROIZVODI ZA KUĆANSTVO
SALVETE VIOLETA 38X38 2SL LILA 25/1,05081009,VIOLETA,25.00 ko,ko,1.59,0.06,,,1.59,3870128003651,PROIZVODI ZA KUĆANSTVO
SALV PALOMA BUNNY&FLO 33X33 3SL 20/1,90750541,PALOMA,1.00 ko,ko,1.69,1.69,,,2.29,3838952035323,PROIZVODI ZA KUĆANSTVO
CESAR MP PILETINA PURETINA 150 g,90750821,CESAR,0.15 kg,ko,1.59,10.6,,,1.59,4008429061868,PROIZVODI ZA KUĆANSTVO
FELIX MM JUHA MESO 6X48 g,90864721,FELIX,0.29 kg,ko,2.99,10.38,,,2.99,8445291612358,PROIZVODI ZA KUĆANSTVO
FOLIJA PRIJANJAJUĆA 50MX29cm F&P,90675181,FRESH&PACK,1.00 ko,ko,,0.99,0.99,1.29,1.29,3850334431622,PROIZVODI ZA KUĆANSTVO
MG SM PIL JEČAM GRAŠAK 400 g,90775133,MIGLIOR,0.40 kg,ko,0.1,0.25,,,1.89,8007520027168,PROIZVODI ZA KUĆANSTVO
ALU PLADANJ 43X29cm 10/1,90513592,ROLLA,1.00 ko,ko,17.25,17.25,,,10,3858889148774,PROIZVODI ZA KUĆANSTVO
WHISKAS MM PD PILETINA 85g,90705464,WHISKAS,0.09 kg,ko,0.89,10.37,,,0.89,5900951302589,PROIZVODI ZA KUĆANSTVO
FRISKIES SM STERILE 300g,90051689,FRISKIES,0.30 kg,ko,2.29,7.63,,,2.29,7613033000225,PROIZVODI ZA KUĆANSTVO
PAPIR ZA PEČE LIST 50/1 33X42 ALUFIX,90875145,ALUFIX,1.00 ko,ko,4.99,4.99,,,4.99,5949509002113,PROIZVODI ZA KUĆANSTVO
BUDDY MP JANJETINA 1250G,90648751,BUDDY,1.25 kg,ko,1.89,1.51,,,1.89,3850334018113,PROIZVODI ZA KUĆANSTVO
BUDDY MP JUNIOR PIL I PUR 400g,90725771,BUDDY,0.40 kg,ko,0.99,2.48,,,0.99,3850334043627,PROIZVODI ZA KUĆANSTVO
TOMI MM 400G TELETINA,90673255,TOMI,0.40 kg,ko,1.75,4.38,,,1.75,4003024157084,PROIZVODI ZA KUĆANSTVO
BUDDY MP JUNIOR PIL GOV RIŽA 300G,90725770,BUDDY,0.30 kg,ko,0.99,3.3,,,0.99,3850334043726,PROIZVODI ZA KUĆANSTVO
RUČNIK VIOLETA LOVE 3/1 3SL,90260686,VIOLETA,3.03 ko,ko,3.32,1.1,,,3.32,3859892288952,PROIZVODI ZA KUĆANSTVO
MC SP MINI PIL GRAŠAK 800 g,90774725,MIGLIOR,0.80 kg,ko,0.1,0.13,,,3.59,8007520027106,PROIZVODI ZA KUĆANSTVO
GOURMET GOLD MM LOSOS 85 g,90830130,GOURMET,0.09 kg,ko,0.89,10.47,,,0.89,8445291133242,PROIZVODI ZA KUĆANSTVO
ŽICA ČELIČNA XXL GRILL&OUTDOOR REKORD,90518309,REKORD TIM,1.00 ko,ko,0.7,0.7,,,0.1,3859888122185,PROIZVODI ZA KUĆANSTVO
KITEKAT MM LOSOS 85g VR,90730441,KITEKAT,0.09 kg,ko,0.75,8.82,,,0.75,5900951307348,PROIZVODI ZA KUĆANSTVO
SALVETE VIOLETA 38X38 2SL ROZE 25/1,05083086,VIOLETA,25.00 ko,ko,1.59,0.06,,,1.59,3870128001176,PROIZVODI ZA KUĆANSTVO
SALV PALOMA BOŽIĆ CHILDREN 33X33 20/1,90800099,PALOMA,20.00 ko,ko,2.29,0.11,,,2.29,3838952035583,PROIZVODI ZA KUĆANSTVO
KRPA SPUŽV VILEDA 3/1   1030,05350092,VILEDA,3.00 ko,ko,,0.9,2.7,3.85,3.85,3838447000072,PROIZVODI ZA KUĆANSTVO
SPUŽVICA EXPR CLEAN ODSTR MRLJA 2/1,90673126,REKORD TIM,2.00 ko,ko,1.59,0.8,,,1.59,3859888122208,PROIZVODI ZA KUĆANSTVO
FRISKIES MP ADULT GOV PIL JANJ UMAK 4X85 g,90809762,FRISKIES,0.34 kg,ko,,5.85,1.99,2.59,2.59,8445290752017,PROIZVODI ZA KUĆANSTVO
SHEBA MM VREĆICA MINI IZBOR PERADI 6X50g,90320317,SHEBA,0.30 kg,ko,3.29,10.97,,,3.29,4770608265892,PROIZVODI ZA KUĆANSTVO
ŽIGICE 10/1 IN,90258575,EUROALP,1.00 ko,ko,0.89,0.89,,,0.89,3859889419369,PROIZVODI ZA KUĆANSTVO
KEKS PARIS SPEKULAS 225 g KOESTLIN,90955338,PARIS,0.23 kg,ko,2.09,9.29,,,2.09,3856014109157,HRANA
JAJA SVJEŽA POD M 10/1 BALTICOVO,90955469,BALTICOVO,10.00 ko,ko,2.49,0.25,,,2.99,4750456005093,HRANA
TIJEST REZANCI MRK JAJ 400 G KLARA M,90960061,KLARA M,0.40 kg,ko,3.49,8.73,,,3.49,3859893308154,HRANA
MUESLI CRUNC SM BJE ČOK/MALINA 300 g,90955222,SPECIAL MOMENTS,0.30 kg,ko,1.5,5,,,2.39,3850334444561,HRANA
KEKS OREO GINGERBREAD 154 g,90955295,OREO,0.15 kg,ko,2.19,14.22,,,2.19,7622202309076,HRANA
NAPITAK PROT PISTACIJA UHT 0.3 L VIN,90976057,Z BREGOV,0.30 l,ko,1.79,5.97,,,1.79,3850108023985,HRANA
ŠPINAT GARDEN GOOD 450 g,90935038,GARDEN GOOD,0.45 kg,ko,1.25,2.78,,,1.15,3838900844182,HRANA
TUNA STEAK BILJ ULJE 2X80/100 g EVA,90950226,EVA,0.10 kg,ko,4.29,42.9,,,4.29,3856020278465,HRANA
RIŽA DUGO ZRNO 800 g SB ZLATO POLJE,90960375,ZLATO POLJE,0.80 kg,ko,2.99,3.74,,,2.99,3838700540376,HRANA
KAVA NOTA CAPPUCCINO DG 16/1 184 g,90976167,FRANCK NOTA,0.18 kg,ko,,25.98,4.78,5.99,3.79,3850291056272,HRANA
PANETTONE MINI 100 g,90955534,DOLCE FORNERIA,0.10 kg,ko,0.5,5,,,1.99,8002734100089,HRANA
PANDORO CLASSIC 750 g,90955589,DOLCE FORNERIA,0.75 kg,ko,2,2.67,,,5.99,8002734002505,HRANA
CIMET ROLICE 407 g DOLCELA,90970096,DOLCELA,0.41 kg,ko,3.89,9.56,,,3.89,3856020282790,HRANA
SIRNI NAMAZ ABC 4X100 g WINTER EDIT,90976141,ABC,0.40 kg,ko,4.49,11.23,,,4.49,3850257061999,HRANA
ZAČIN LUK GRAN VR 22 g VEG MAESTRO,90970068,VEGETA MAESTRO,0.02 kg,ko,0.99,45,,,0.99,3856020283407,HRANA
FANT PILEĆI PAPRIKAŠ 65 g PODRAVKA,90970074,FANT,0.07 kg,ko,1.39,21.38,,,1.39,3856020281793,HRANA
MUESLI CRUNCH R&S MED LJEŠ BAD 350 g,90975487,RISE&SMILE,0.35 kg,ko,,4.54,1.59,1.99,1.99,3850334446442,HRANA
UMAK RAJČICA NAPOLETANA 300 g BT,90970274,BAKINA TAJNA,0.30 kg,ko,2.99,9.97,,,2.99,8606018022069,HRANA
TOAST GRANO DORO INTEGRALNI 500 g,90955678,GRANO DORO,0.50 kg,ko,1.39,2.78,,,1.39,3850334445360,HRANA
LOSOS EVA FILETI 250 g,90955740,EVA,0.25 kg,ko,,27.44,6.86,8.59,8.59,3856020283858,HRANA
SKUŠA S POVRĆEM RIVIERA 125 g EVA,90930011,EVA,0.13 kg,ko,2.29,18.32,,,2.29,3856020283216,HRANA
ŠUMSKO VOĆE O'PLANT 300 g,90960264,O PLANT,0.30 kg,ko,3.69,12.3,,,3.69,3856020279387,HRANA
BUDDY KOBASICA GOVEDINA 1 kg,90975609,BUDDY,1.00 kg,ko,,1.79,1.79,1.79,1.79,3838900845684,HRANA
HRENOVKE K PLUS 1000 g,90969650,K PLUS,1.00 kg,ko,,2.15,2.15,2.15,2.59,3850334446602,HRANA
NAMAZ BILJ AVOKADO 200 g,90960049,NATURALE,0.20 kg,ko,2.49,12.45,,,2.49,4820245523067,HRANA
BOMB GUM SWE BEAT SOUR MIX 400 g PVC,90935095,SWEET BEAT,0.40 kg,ko,3.99,9.98,,,3.99,3838900845592,HRANA
CHOCO CHIPS SM DARK ČOKO/NAR 100 g,90956016,SPECIAL MOMENTS,0.10 kg,ko,2,20,,,3.49,3850334428639,HRANA
DJED BOŽIĆNJAK ČOKOLAD SMARTIES 50 g,90974691,SMARTIES,0.05 kg,ko,0.5,10,,,2.99,59969778,HRANA
BOMBONIJERA TOFFIFEE SANTA 250 g,90974733,TOFFIFEE,0.25 kg,ko,4.99,19.96,,,4.99,4014400923162,HRANA
BOŽIĆNI MILKA MIX U ŠALICI 99 g,90974735,MILKA,0.10 kg,ko,2,20.2,,,9.99,7622202278310,HRANA
MILKA I OREO KUGLICE 112 g 4/1,90974737,MILKA,0.11 kg,ko,1,8.93,,,4.69,7622210749611,HRANA
MILKA KUGLICE 112 g 4/1,90974739,MILKA,0.11 kg,ko,1,8.93,,,4.69,7622210638175,HRANA
INSTANT JACOBS CRONAT GOLD 2X200 g,90929825,JACOBS,0.40 kg,ko,19.98,49.95,,,21.98,3858889578496,HRANA
SOL MOR SIT GOURMET 1 kg SOLANA PAG,90955639,SOLANA PAG,1.00 kg,ko,1.19,1.19,,,1.19,3859894242358,HRANA
CVJETAČA LEDO 400 g,90955684,LEDO,0.40 kg,ko,2.99,7.48,,,2.99,3870398907208,HRANA
TIJESTO CONCHIGLIONI SPEC MOM 500 g,90955734,SPECIAL MOMENTS,0.50 kg,ko,1,2,,,2.19,3850334442062,HRANA
BOMBON HARIBO S GHETTI FIZZ 85 g,90955103,HARIBO,0.09 kg,ko,1.59,18.71,,,1.59,4001686018811,HRANA
ČIPS SPECIAL MOMENTS MED I SEN 100 g,90956069,SPECIAL MOMENTS,0.10 kg,ko,1.19,11.9,,,1.19,3850334437259,HRANA
KULEN ANDRO 650 g ZA REZ,90969648,ANDRO,1.00 kg,kg,11.52,11.52,,,11.52,,HRANA
ČAJNA ANDRO 650 g ZA REZ,90969649,ANDRO,1.00 kg,kg,11.52,11.52,,,11.52,,HRANA
PRALINE LINDT LINDOR MILK 75 g,90970367,LINDT,0.08 kg,ko,2,26.67,,,4.99,8003340801124,HRANA
PROTEIN FOOD TO GO ČOK KAR 500 ml,90976243,ARLA,0.50 l,ko,3.99,7.98,,,3.99,5711953183980,HRANA
PROTEIN FOOD TO GO VAN LJEŠ 500 ml,90976245,ARLA,0.50 l,ko,3.99,7.98,,,3.99,5711953183959,HRANA
BOMBONIJERA TOFFIFEE 400 g,90974742,TOFFIFEE,0.40 kg,ko,5,12.5,,,8.59,4014400900576,HRANA
DESERT PROTEIN MOUSSE VAN 200 g ZOTT,90976181,ZOTT,0.20 kg,ko,1.59,7.95,,,1.59,4014500520872,HRANA
JUN POTRBUŠINA CCA 500 g MAP PIVAC,90934857,PIVAC,1.00 kg,kg,14.99,14.99,,,13.99,3858890186550,HRANA
GRAH GARDEN GOOD BIJELI 480 g,90945277,GARDEN GOOD,0.48 kg,ko,1.49,3.1,,,1.49,3850334028730,HRANA
MUESLI RISE&SMILE VOĆE 750 g,90975484,RISE&SMILE,0.75 kg,ko,,3.03,2.27,2.85,2.85,3850334446527,HRANA
ORAH INDIJSKI GARDEN GOOD 400 g,90934860,GARDEN GOOD,0.40 kg,ko,,9.98,3.99,5.49,5.49,3850334444424,HRANA
PISTACIO GARDEN GOOD SLANI 300 g,90934862,GARDEN GOOD,0.30 kg,ko,6.49,21.63,,,6.49,3850334444400,HRANA
ŠLJIVA GARDEN GOOD SUHA B/K 500 g,90934657,GARDEN GOOD,0.50 kg,ko,3.19,6.38,,,3.19,3850334445445,HRANA
PILEĆA DELUXE DELIKATES ŠUNKA,90955141,CEKIN,1.00 kg,kg,12.99,12.99,,,12.99,3850159123160,HRANA
JUHA RAJČICA LEĆA 420 g O'PLANT,90970059,O PLANT,0.42 kg,ko,1.99,4.74,,,1.99,3856020283551,HRANA
BUDDY KEKSI KOSTI MIX 500 g,90975793,BUDDY,0.50 kg,ko,,3.98,1.99,1.99,1.99,3838900845691,HRANA
KAŠA ZOB BOOM BOX KOKOS/ČOKO 60g,90570799,BOOM BOX,0.06 kg,ko,,11.5,0.69,0.99,0.99,3858890478112,HRANA
TUNJ OCEAN KOM MAS ULJE 145 g/104 g,90869918,OCEAN,0.11 kg,ko,2.59,23.12,,,2.59,3850334114389,HRANA
DESERT KIT KAT DARK 41.50 G NESTLE,90887414,KIT KAT,0.04 kg,ko,1.35,32.53,,,1.35,8445290542311,HRANA
ZAČIN MAŽURAN USITNJ VR 6g VEGETA MAESTRO,90282023,VEGETA MAESTRO,0.01 kg,ko,0.89,148.33,,,0.89,3850104294402,HRANA
DESERT KINDER SRCE SEZONA 37g,90342494,FERRERO,0.04 kg,ko,0.5,13.51,,,0.5,8000500293508,HRANA
CROUTONS KLASIČNI 100g BONAPETIT LEIMER,90484305,LEIMER,0.10 kg,ko,2.15,21.5,,,2.15,4000186040407,HRANA
BOMBON NIMM2 GUMENI HAPPIES 180g,90365238,NIMM2,0.18 kg,ko,1.69,9.39,,,1.69,4014400925784,HRANA
SOL MORSKA SITNA SOLJENKA 250g SOLANA NIN,90311276,SOLANA NIN,0.25 kg,ko,1.29,5.16,,,1.06,3859888595644,HRANA
WASABI KONCENTRAT 43g SAITAKU,90056025,SAITAKU,0.04 kg,ko,3.49,81.16,,,3.32,5060194790113,HRANA
TUNJ MASL ULJE FILOD 4X52 g RIO MARE,90886608,RIO MARE,0.21 kg,ko,7.69,36.97,,,7.69,8004030104006,HRANA
BOMBONI GUM SOUR MULT PENCIL 90g FIN,90886090,FINI,0.09 kg,ko,1.39,15.44,,,1.39,8410525206191,HRANA
UMAK BBQ MED 345g,90703036,PODRAVKA,0.35 kg,ko,2.99,8.67,,,2.99,3856020264413,HRANA
SIR PROTEIN SLICE 120 g PRESIDENT,90885856,PRESIDENT,0.12 kg,ko,2.99,24.92,,,2.99,3850355008148,HRANA
NAPITAK BADEM BŠ BIO ACTIVE ZONE 1 l,90895343,ACTIVE ZONE,1.00 l,ko,,1.09,1.09,1.39,1.39,3850334433015,HRANA
MIX CREMA PAŠTETA OD BAKALARA,90325070,BACCALA DELLA MAMMA,1.20 kg,ko,39.48,32.9,,,39.48,03859890853633,HRANA
RIŽA BLOND CLASSICO 1 kg RISO GALLO,90890552,RISO GALLO,1.00 kg,ko,3.99,3.99,,,3.99,8001420009521,HRANA
DAILY MIX 300 g NATURA PLUS,90895299,NATURA,0.30 kg,ko,4.99,16.63,,,4.99,3858893922605,HRANA
SLAD BARATOLLINO WAFER LOAKER 800 ml,90886248,SAMMONTANA,0.80 l,ko,5.99,7.49,,,5.99,8005840021576,HRANA
MLIJEČNI NAPITAK JAG 500 ml ZOTT,90879809,HUNGRY,0.50 l,ko,4.49,8.98,,,4.49,4014500521121,HRANA
SLAD OREO SANDWICH 110 ml,90886410,OREO,0.11 l,ko,2.49,22.64,,,2.49,8051369005351,HRANA
BAR MIX 300 g NATURA PLUS,90895292,NATURA,0.30 kg,ko,5.49,18.3,,,5.49,3858893922568,HRANA
VALJUŠCI OD KRUMPIRA 1 kg ZP,90890453,ZLATO POLJE,1.00 kg,ko,4.99,4.99,,,4.99,3838700369328,HRANA
ULJE MASLIN EX DJ TRAD 0.25L ORGULA,90395643,ORGULA,0.25 l,ko,3.99,15.96,,,4.49,3859890446026,HRANA
PIZZA MARGHERITA 310 g GG,90874905,GUSTAVO GUSTO,0.31 kg,ko,4.49,14.48,,,4.49,4260414154430,HRANA
KRUŠKA LUCAS,90139510,,1.00 kg,kg,1.99,1.99,,,1.99,3856028688181,HRANA
ZOBENI KREKERI SIR 55g  ROW SPIRIT,90707949,ROW SPIRIT,0.06 kg,ko,,17.82,0.98,1.29,1.29,3859894094094,HRANA
ČAJ ŠIPAK  I HIBISKUS 100G,90404287,SUBAN,0.10 kg,ko,2.65,26.5,,,2.65,3858882912419,HRANA
DRESSING FRENCH 250ml KUHNE,90402847,KUHNE,0.25 l,ko,2.89,11.56,,,2.89,40122502,HRANA
TUBA FRULLÀ BIO JAB/BUND/MRKVA 100 g,90839838,FRULLA,0.10 kg,ko,0.89,8.9,,,0.89,8024985013871,HRANA
TORTA PANGELATO NOUGAT 1150 g,90775190,CALIPPO,0.85 kg,ko,19.99,23.59,,,19.99,8033706190227,HRANA
DESERT KNOPPERS 25g,04220173,KNOPPERS,0.03 kg,ko,0.49,19.6,,,0.49,40144399,HRANA
TABASCO HABANERO 60ML MC ILH,90141465,TABASCO,0.06 l,ko,5.79,96.5,,,5.71,011210006508,HRANA
SLAD OREO ŠTAPIĆ 90ml,90703684,OREO,0.09 l,ko,1.99,22.11,,,2,8436575298733,HRANA
FIT BURGER 140g VEGETARIANA,90062768,VEGETARIANA,0.14 kg,ko,2.39,17.07,,,1,3859892560171,HRANA
LIZALICE FLOPITO VOĆNE 80g 10/1,90074951,FLORESTAL,0.08 kg,ko,1.29,16.13,,,1.29,7896321004369,HRANA
ZAČIN MAJČI DUŠICA USI VR 15g VEGETA MAESTRO,90282021,VEGETA MAESTRO,0.02 kg,ko,0.89,59.33,,,0.89,3850104294396,HRANA
ČEŠNJAK U GRANULAMA 860g  KOTANYI,90405968,KOTANYI,0.86 kg,ko,23.51,27.34,,,23.51,9001414024348,HRANA
MAŽURAN MLJEVENI 6g VREĆ KOTANY,04100136,KOTANYI,0.01 kg,ko,0.99,165,,,0.99,9001414015377,HRANA
FLIPS HRUSTY  SIR 30g,90692818,HRUSTY,0.03 kg,ko,,10.33,0.31,0.39,0.35,3850334009395,HRANA
KOMPOT BRESKVA ST 380/570g VALFRUTTA,90494114,VALFRUTTA,0.38 kg,ko,3.89,10.24,,,3.89,8001440009426,HRANA
ČAJ PODRAVSKI 60g PIRAMID PAMPA-TEA,90408756,PAMPA TEA,0.06 kg,ko,10.39,173.17,,,10.39,3859891239368,HRANA
ULJE MASLINOVO EX DJEV 0.25 l BLATO,90890399,BLATO 1902,0.25 l,ko,7.99,31.96,,,7.99,3859888154261,HRANA
KUPUS KIS BUČ ULJE ČEŠNJAK 250g,90348704,KORA,0.25 kg,ko,1.99,7.96,,,1.59,3859891493630,HRANA
CROUTONS SA ZAČINIMA 100g LEIMER,90064437,LEIMER,0.10 kg,ko,2.19,21.9,,,2.19,4000186040421,HRANA
ZAČIN ORIG POSIP 10g VEG MEASTRO,90381055,VEGETA MAESTRO,0.01 kg,ko,1.79,179,,,1.79,3856020231170,HRANA
MAHUNA ZELENA 500 grama,01400198,,0.50 kg,ko,2.49,4.98,,,2.29,3850334071149,HRANA
TUNJ MASL ULJE 4X52g RIO MARE,02190177,RIO MARE,0.21 kg,ko,7.69,36.97,,,7.69,8004030005051,HRANA
ČOKOL MILKA JAGODA 300g,90082471,MILKA,0.30 kg,ko,5.99,19.97,,,5.99,7622200007769,HRANA
KRUH DOMAĆI MEDITERANEO 400 g DON DON,90789919,DON DON,0.40 kg,ko,2.35,5.88,,,1.85,3830085170483,HRANA
TOAST K PLUS CLASSIC 500g,90290974,K PLUS,0.50 kg,ko,0.99,1.98,,,0.99,3850334610812,HRANA
KEKS MOTO KAKAO 288g,04155562,MOTO,0.29 kg,ko,2.99,10.38,,,2.19,3850102522859,HRANA
KAVA JUBILARNA MLJEV 175g VR FRANCK,04070058,JUBILARNA,0.18 kg,ko,4.39,25.09,,,4.39,3858881085589,HRANA
VRHNJE ZA KUHANJE 20% 200g DUKAT,02331186,BRZO&FINO,0.20 kg,ko,1.49,7.45,,,1.49,3850354001232,HRANA
BISKVIT MILKA NARANČA 147g,04151217,MILKA,0.15 kg,ko,,7.41,1.09,1.79,1.79,7622300479138,HRANA
MASLAC LURPAK 200 g,90880065,LURPAK,0.20 kg,ko,2.99,14.95,,,2.99,5740900400016,HRANA
DRESSING ČEŠNJAK 250ml ZVIJEZDA,90799844,ZVIJEZDA,0.25 kg,ko,2.49,9.96,,,2.49,3856015330673,HRANA
ČAJ SIR WINSTON GREEN TEA 35g,04093591,SIR WINSTON,0.04 kg,ko,2.39,68.29,,,2.39,5901086052226,HRANA
VRUĆA ČOKOLADA BIJELA 16g STEVIQ,90794786,STEVIQ,0.02 kg,ko,0.3,18.75,,,1.29,3858893680390,HRANA
ČAJ ĐUMBIR KURKUMA 35g TEEKANNE,90386076,TEEKANNE,0.04 kg,ko,2.59,74,,,2.59,5901086058556,HRANA
BOMBON PEZ I FIGURICA LICENCA  17g,90378087,PEZ,0.02 kg,ko,2.45,144.12,,,2.45,9044400825482,HRANA
MLIJEKO UHT BEZ LAKT 1.5% 1 L VINDIJ,90890471,Z BREGOV,1.00 l,ko,1.99,1.99,,,1.99,3850108023596,HRANA
JUHA OD RAJČICE 80g ALEVA ,90424684,ALEVA,0.08 kg,ko,1.35,16.88,,,1.35,8600947030362,HRANA
SUPER KEFIR VIŠNJA 330 g VINDIJA,90890480,Z BREGOV,0.33 kg,ko,1.49,4.52,,,1.59,3850108036992,HRANA
UMAK CURRY 250ML KUHNE,01490824,KUHNE,0.25 l,ko,2.59,10.36,,,2.59,40804941,HRANA
RIŽA CARNAROLI 1 kg GALLO,90129258,RISO GALLO,1.00 kg,ko,6.49,6.49,,,6.49,8001420010831,HRANA
JAJE S BOMBONIMA PEPA PIG 10g,90405286,RELKON,0.01 kg,ko,1.49,149,,,1.33,5200701000063,HRANA
PIRE VOĆNI JAB BAN MAL KUP 200 g BB,90875503,BOOM BOX,0.20 kg,ko,,8.45,1.69,2.19,1.99,3856027802021,HRANA
BOMBON GUMENI  BANANA 90 g FINI,90886075,FINI,0.09 kg,ko,1.39,15.44,,,1.39,8410525116759,HRANA
MJEŠ ZAČ ZA ĆEVAP Q&E 25g KOTANYI,90698129,KOTANYI,0.03 kg,ko,0.99,39.6,,,0.99,9001414237182,HRANA
KAŠICA HIPP MLADO POVRĆE 4MJ 190g,03140003,HIPP,0.19 kg,ko,1.75,9.21,,,1.75,4062300020313,HRANA
MLJEVENA TELETINA,90065979,KONZUM,1.00 ko,ko,10.58,10.58,,,10.58,,HRANA
SLADOLED B&J BROOKIES & CREAM 465 ml,90886514,UNILEVER,0.47 l,ko,8.79,18.9,,,8.79,8711327666481,HRANA
TJEST TAGLIAT CRN SIPE 400g PEREC,90731596,OPG PEREC,0.40 kg,ko,2.89,7.23,,,2.89,3859894123046,HRANA
ZAČIN ZA BATAT 30 g VEGETA NATUR,90890332,VEGETA NATUR,0.03 kg,ko,1.19,39.67,,,1.19,3856020277406,HRANA
MLINCI DOM S NAR BATATOM 200g KOVAČIĆ,90412068,OPG IVAN KOVAČIĆ,0.20 kg,ko,2.12,10.6,,,2.12,3858893350026,HRANA
CIMET MLJEV ECONOMY 100g KOTANYI,90423162,KOTANYI,0.10 kg,ko,4.19,41.9,,,4.19,9001414008126,HRANA
ČAJ ZEL S JASMINOM  KUT 100g AHMAD,90047793,AHMAD,0.10 kg,ko,3.99,39.9,,,3.99,054881009546,HRANA
DESERT RAFFAELLO SRCE T14 140g,90032416,FERRERO,0.14 kg,ko,8.49,60.64,,,7.99,4008400181424,HRANA
MED LIPA HR DOBRA VIBRA 450g,90494884,DOBRA VIBRA,0.45 kg,ko,5.99,13.31,,,5.99,3859893439056,HRANA
HREN LUDBREŠKI  EXTRA LJUTI 200G,90153566,LUDBREŠKI HREN,0.20 kg,ko,2.59,12.95,,,2.59,3859893697890,HRANA
KAPARI U OCTU NONA 160g,90038371,NONA,0.09 kg,ko,4,44.44,,,4.59,3859892174644,HRANA
JOGURT ČVRSTI 3.2% MM 180G VERONIKA,90267798,VERONIKA,0.18 kg,ko,0.44,2.44,,,0.44,3859889622042,HRANA
ČAJNA KOBASICA DOBRO,90593570,DOBRO,1.00 kg,kg,12.49,12.49,,,10,3850133812646,HRANA
GRISSINI DULCETTI PIZZA 170 g,90890122,DULCETTI,0.17 kg,ko,,6.06,1.03,1.29,1.29,3838900843505,HRANA
DESERT DOBRA KAŠA 2GO ČOKO 45g,90826112,DOBRA,0.05 kg,ko,0.89,19.78,,,0.89,8595054908829,HRANA
SLADOLED TTL MALINA LIMUN 473 ml,90899968,TASTE THE LAYERS,0.47 l,ko,4.99,10.55,,,4.99,8021995014270,HRANA
MASLINE ZEL S PAPR 235/125 g SERPIS,90889765,SERPIS,0.13 kg,ko,1.99,15.92,,,1.99,8410344700160,HRANA
TIJESTO CASERECCE 500 g BRAGAGNOLO,90894649,BRAGAGNOLO,0.50 kg,ko,1.99,3.98,,,1.99,8004350003850,HRANA
ČOKOLADA DUBAI  62 g NELINO,90899984,NELINO,0.06 kg,ko,1.99,32.1,,,1.99,8606018945290,HRANA
KAVA LEDENA CAPPUCCINO 250 m LAVAZZA,90890166,LAVAZZA,0.25 l,ko,2.79,11.16,,,2.79,8000070073074,HRANA
MASLINE ZEL OTKOŠ 235/105 g SERPIS,90889762,SERPIS,0.11 kg,ko,1.89,18,,,1.89,8410344700153,HRANA
MARGARIN LAGANI K PLUS 500g,90360622,K PLUS,0.50 kg,ko,,1.98,0.99,1.19,1.19,3850334268556,HRANA
SIR TOPLJ LISTIĆI GOUDA 150g DUKAT,90573707,PRESIDENT,0.15 kg,ko,1.99,13.27,,,1.79,3228022210048,HRANA
SIR TVRDI LIVANJSKI 1/4 VAC MLJ LIVN,02053853,MLJEKARA LIV,1.00 kg,kg,23.69,23.69,,,23.69,3870348000201,HRANA
SLANINA BARANJSKA CCA 400g BELJE,90731255,BELJE,1.00 kg,kg,21.99,21.99,,,21.99,3850257051556,HRANA
DESERT LEO MILKA 48 g,90770600,MILKA,0.05 kg,ko,1.29,26.87,,,1.29,7622202041495,HRANA
JUN REBRA ,02411985,PIK VRBOVEC,1.00 kg,kg,9.29,9.29,,,8.49,3850139523157,HRANA
PAŠTETA JETRENA 100g  GAVRILOVIĆ,02165862,GAVRILOVIĆ,0.10 kg,ko,,10.9,1.09,1.19,1.55,3858881221543,HRANA
RAJČICA PASIRANA GARDEN GOOD 500g,90734972,GARDEN GOOD,0.50 kg,ko,0.99,1.98,,,0.99,3850334070913,HRANA
NAPOLITANKA VOĆ KOCKA 740g,90089103,KOESTLIN,0.74 kg,ko,4.79,6.47,,,4.79,3856014114946,HRANA
JABUKA GRANNY SMITH,01411119,,1.00 kg,kg,1.69,1.69,,,1.89,3850334173621,HRANA
ĆEVAPČIĆI 1kg  B BRAND PIK,90410227,PIK VRBOVEC,1.00 kg,ko,,5.69,5.69,5.99,5.49,3850139520590,HRANA
PRASETINA PAK PIK,90407469,PIK VRBOVEC,1.00 kg,kg,6.25,6.25,,,6.49,3850139541830,HRANA
SV MARINIRANA REBRA PIKANT RAWSTILJ,90317230,RAW ŠTILJ,1.00 kg,kg,7.45,7.45,,,8.05,3850139442182,HRANA
DESERT EUFORIJA MIX 150g VINDIJA,02324207,Z BREGOV,0.15 kg,ko,0.95,6.33,,,0.95,3850108037630,HRANA
ČOKOLADA MILKA JAGODA CHEESECAKE 300g,90370102,MILKA,0.30 kg,ko,6.79,22.63,,,6.79,7622210683724,HRANA
CAPP GLORIA ČOKOLADA 200g,90205336,GLORIA,0.20 kg,ko,2.79,13.95,,,2.29,3850291055558,HRANA
MLIJEKO TRAJNO KOZJE 2.8% 1L S ČEPOM,02340206,Z BREGOV,1.00 l,ko,2.39,2.39,,,2.39,3850108026108,HRANA
SNACK GOUDA CUBES MIX DELICAC 100 g,90920041,DELI Q,0.10 kg,ko,2.29,22.9,,,2.29,5902431279183,HRANA
PILEĆI FILE PERUTNINA RFZ 5,90914990,PERUTNINA PT,1.00 kg,kg,,5.49,5.49,5.99,5.65,3850220114608,HRANA
PARIZER PIKO S POVR 400g PIK VRBOVEC,02044263,PIKO,0.40 kg,ko,3.99,9.98,,,3.99,3850139191141,HRANA
DŽEM SMOKVA EKO 240G DIDA BOŽA,01460260,DIDA BOŽA,0.24 kg,ko,4.39,18.29,,,3.69,3859891515011,HRANA
SARDINA SLANA OTOP ADRIA MARE 100g/70g,90754841,ADRIA MARE,0.07 kg,ko,1.39,19.86,,,1.09,3850334063410,HRANA
PAŠTETA JUNIOR KOKOKREM 95g ARGETA,90335454,ARGETA,0.10 kg,ko,1.49,15.68,,,1.39,3838471034685,HRANA
WINTERA K PLUS NAREZAK 250g,90673086,K PLUS,0.25 kg,ko,3.59,14.36,,,3.59,3850334019882,HRANA
TIJESTO PENNE 400g GRANO DORO,90296094,GRANO DORO,0.40 kg,ko,0.8,2,,,0.8,3850334349866,HRANA
SENF ESTRAGON K PLUS 350g,90734974,K PLUS,0.35 kg,ko,1.59,4.54,,,1.59,3850334070685,HRANA
BRAŠNO BIJELO  TIP 00 1kg FARINA,90377970,FARINA,1.00 kg,ko,1.29,1.29,,,1.29,3858887101009,HRANA
KEKS PIKNIK 920g VR KOESTLIN,04151565,KOESTLIN,0.92 kg,ko,4.29,4.66,,,3.99,3858881091955,HRANA
KAŠ HIPP BIO JAB I BAN S KEKS 100g,90385454,HIPP,0.10 kg,ko,1.35,13.5,,,1.35,9062300133728,HRANA
BOMBON PEZ FRUIT 8.5g,04190369,PEZ,0.01 kg,ko,0.25,29.41,,,0.25,90444470,HRANA
BOMBON VOĆNE KARAMELE 350g LIKING,04194473,LIKING,0.35 kg,ko,3.09,8.83,,,3.09,8002415500146,HRANA
SV REP SA ŠLUSOM  ,02400374,PIK VRBOVEC,1.00 kg,kg,2.75,2.75,,,3.75,3850139280142,HRANA
DESERT MONTE LJEŠNJAK 4x55g ZOTT,02321022,MONTE,0.22 kg,ko,1.89,8.59,,,1.72,4014500510361,HRANA
BEČKI ODREZAK 400G LEDO,90157443,LEDO,0.40 kg,ko,8.69,21.73,,,7.69,3850116102900,HRANA
BOMBON HAPPY MIX TVRDI 1000g LIKING,04194472,LIKING,1.00 kg,ko,6.95,6.95,,,6.95,8002415801007,HRANA
FLIPS HRUSTY PEANUT RINGS 72 g,90770806,HRUSTY,0.07 kg,ko,,6.53,0.47,0.59,0.59,3850334113672,HRANA
VJENČIĆI MARELICA 300G FANOLA,90220703,FANOLA,0.30 kg,ko,3.49,11.63,,,3.49,3859888257955,HRANA
SIR NAM ABC 100g KULEN,90146696,ABC,0.10 kg,ko,1.35,13.5,,,1.15,3856015324214,HRANA
MLINCI TRADICIONALNI DOM 500g MLIN,04028018,MLIN JERTOVE,0.50 kg,ko,2.25,4.5,,,2.25,3859892386016,HRANA
KAŠA JEČMENA 500g ČAKOV MLINOVI,04060087,ČAK MLINOVI,0.50 kg,ko,1.09,2.18,,,1.09,3858884170671,HRANA
KREMA CHEESECAKE 500g VINDIJA,90404750,Z BREGOV,0.50 kg,ko,3.89,7.78,,,3.89,3850108058864,HRANA
HRSKAVICA DIMLJENA VP PIVAC,90377982,PIVAC,1.00 kg,kg,5.49,5.49,,,5.49,3858884995878,HRANA
ČOKOLADA RAFFAELLO 90g,90569216,FERRERO,0.09 kg,ko,2.89,32.11,,,2.49,8000500359556,HRANA
FILE PANGASIUSA PAKIRANI KONZUM,02197676,,1.00 kg,kg,8.49,8.49,,,8.19,,HRANA
INSTANT NESCAFE BLACK ROAST 200g,90433158,NESCAFE,0.20 kg,ko,12.49,62.45,,,11.29,7613038902364,HRANA
KEČAP BLAGI 1kg  PODRAVKA,01490806,PODRAVKA,1.00 kg,ko,2.99,2.99,,,2.99,3850104240836,HRANA
PAŠTETA ČAJNA K PLUS 50g AL,90153725,K PLUS,0.05 kg,ko,0.49,9.8,,,0.5,3850334529886,HRANA
PRALINE I LOVE MILKA JAGODA 110g,90377733,MILKA,0.11 kg,ko,4.99,45.36,,,4.99,7622210598691,HRANA
TIJESTO K PLUS SPIRALI PREM INT 500g,90072957,K PLUS,0.50 kg,ko,,1.98,0.99,1.39,1.39,3850334363435,HRANA
KUPUS KINESKI KOM,90061312,,0.55 kg,ko,1.99,3.62,,,2.49,3850334386168,HRANA
ORADA SVJ OČIP MAP CCA 900-1100 g,90851090,CROMARIS,1.00 kg,kg,11.49,11.49,,,11.49,,HRANA
OSLIĆ A LA BAKALAR AQ 73.5G,02198485,ADRIATIC QUEEN,0.07 kg,ko,3.29,44.76,,,3.29,3850160109061,HRANA
BISKVIT SUNNY PREL MILK PUNJENJE  240g 8/1,90702787,SUNNY,0.24 kg,ko,1.59,6.63,,,1.59,3850334044020,HRANA
PRŠUT CRUDO 100g NAR PAOLO,90713103,ROVAGNATI,0.10 kg,ko,3.79,37.9,,,3.79,8007141501603,HRANA
UMAK HRUSTY NACHO CHEESE DIP 300g,90784721,HRUSTY,0.30 kg,ko,,5.3,1.59,1.99,1.99,3850334113764,HRANA
SLADILO NATREN TABL 500KOM,04280257,NATREN,0.03 kg,ko,4.99,155.94,,,4.49,8711000476208,HRANA
CROISSANT MINI SEZAM SUNNY 1kg,90467874,SUNNY,1.00 kg,ko,,1.59,1.59,1.99,1.99,3850334386779,HRANA
NAPITAK ZOB EKO 1L BOOM BOX,90649548,BOOM BOX,1.00 l,ko,3.29,3.29,,,3.09,3858890477504,HRANA
KUKURUZ ŠEĆ GOLD 285g BONDUELLE,01551126,BONDUELLE,0.29 kg,ko,1.69,5.93,,,1.69,3083680053303,HRANA
RAGU BOLOGNESE 200g PODRAVKA,02160359,PODRAVKA,0.20 kg,ko,2.49,12.45,,,2.49,3850104022401,HRANA
SALATA TUNA MINUTE 170g,90623221,MINUTE,0.17 kg,ko,,14.64,2.49,2.99,2.99,3850334019035,HRANA
KRUMPIR PIRE INST 200g PODRAVKA,01491658,PODRAVKA,0.20 kg,ko,2.69,13.45,,,2.69,3850104219382,HRANA
TOFU DIMLJENI EKO 200g,90670408,BIO ZONE,0.20 kg,ko,1.99,9.95,,,1.99,3850334021397,HRANA
PALENTA INSTANT K PLUS 500g,90725553,K PLUS,0.50 kg,ko,0.89,1.78,,,0.89,3850334063120,HRANA
JUHA GOVEĐA SA ZVJEZD 52g PODR,90045359,PODRAVKA,0.05 kg,ko,0.89,17.12,,,0.89,3850104251924,HRANA
SLAD LEDO MACHO ČOKO NARANČA 75ml,90704276,LEDO,0.08 l,ko,,19.73,1.48,1.8,1.8,3850116056715,HRANA
SIR MEKI MLADI KOZJI 250 g GABRIEL,90775870,GABRIEL,0.25 kg,ko,5.49,21.96,,,5.49,3859892805012,HRANA
ULJE MASLINOVO BIO 0.75L BIO ZONE,90389254,BIO ZONE,0.75 l,ko,8.99,11.99,,,8.99,3850334441928,HRANA
VEGETA NATUR VR 150g PODRAVKA,04160309,VEGETA,0.15 kg,ko,2.19,14.6,,,2.19,3850104248832,HRANA
ČOKOLADA 84% KAKAO S NARANČ. BŠ 80g KANDIT,90360998,NO GUILT,0.08 kg,ko,3.49,43.63,,,3.49,3858889868962,HRANA
MASLINE ZELENE 200g ZVIJEZDA,01580212,ZVIJEZDA,0.20 kg,ko,2.69,13.45,,,2.69,3858882213745,HRANA
ULJE MASL EX DJEV 0.5L K PLUS,90599799,K PLUS,0.50 l,ko,5.99,11.98,,,5.99,3850334441904,HRANA
PAŠTETA JETRENA 30GR GAVRILOVIĆ,02164313,GAVRILOVIĆ,0.03 kg,ko,0.95,31.67,,,0.95,3858881220126,HRANA
PAN RIBLJI ŠTAPIĆ FILET 300g LEDO,90703199,LEDO,0.30 kg,ko,3.99,13.29,,,3.99,3850116066516,HRANA
TIJESTO CHIFFERI RIGATI 55 500g ZARA,04050184,PASTA ZARA,0.50 kg,ko,1.59,3.18,,,1.59,8004350130556,HRANA
KRUMPIR 2.5/1 LIČKI GIRO,01401517,,2.50 kg,ko,3.49,1.4,,,3.49,3850334224910,HRANA
PRŠUT DALM NAR 100g BARIĆ,90400848,BARIĆ,0.10 kg,ko,3.99,39.9,,,3.69,3859892323097,HRANA
MJEŠAVINA ČETIRI GODIŠNJA DOBA 400g,90730626,LEDO,0.40 kg,ko,2.99,7.48,,,2.99,3850116059754,HRANA
ŽV GUMA ORBIT BLUEBERRY 14g,04202178,WRIGLEY,0.01 kg,ko,0.99,70.71,,,0.99,42123880,HRANA
SARAJEVSKI ĆEVAPČIĆI 480G,90160737,AVE,0.48 kg,ko,7.19,14.98,,,4.61,3831020345232,HRANA
MARGARIN STOLNI  500g ZVIJ,02210226,ZVIJEZDA,0.50 kg,ko,1.99,3.98,,,1.75,3858882210553,HRANA
CARSKO POVRĆE GARDEN GOOD 1kg,90703982,GARDEN GOOD,1.00 kg,ko,2.49,2.49,,,2.49,3838900835333,HRANA
SIR TOPLJENI TROKUTIĆI K PLUS 140g,90311395,K PLUS,0.14 kg,ko,,7.07,0.99,1.39,1.39,3850334377845,HRANA
DESERT MONTE SNACK 8X29g ZOTT,90407175,MONTE,0.23 kg,ko,2.19,9.44,,,2.15,4014500515502,HRANA
FRISEE RADIČ 200 grama,01407872,KONZUM,0.20 kg,ko,1.49,7.45,,,1.49,3850334197863,HRANA
KRUPICA PŠENIČNA GRIS K PLUS 1kg,90064212,K PLUS,1.00 kg,ko,0.99,0.99,,,0.99,3850334340559,HRANA
TEL BUT BK MARTINJAK DOMAĆI,90669300,MARTINJAK,1.00 kg,kg,19.69,19.69,,,16.99,3859893702549,HRANA
NJOKI SVJEŽI 1000G IL PASTAIO,90166285,PATARO,1.00 kg,ko,2.49,2.49,,,2.49,8015057000325,HRANA
KOBASICA ČAJNA NAR K PLUS 250g,90648015,K PLUS,0.25 kg,ko,4.29,17.16,,,4.29,3850334019059,HRANA
KAVA JUBIL INTEN VAK MLJ 250g FRANCK,90317326,JUBILARNA,0.25 kg,ko,5.39,21.56,,,5.39,3858881088641,HRANA
INSTANT JACOBS CREMA  200g,90089799,JACOBS,0.20 kg,ko,14.99,74.95,,,12.99,8711000521106,HRANA
BOMBON BRONHI 200g KARAMELA KRAŠ,04191753,BRONHI,0.20 kg,ko,2.39,11.95,,,2.19,3850102516803,HRANA
KRUH KUK MIJ CIJELI PAK 500g MLINAR,90056495,MLINAR,0.50 kg,ko,2.49,4.98,,,2.39,3858881122086,HRANA
KRUH SENDVIČ BIJELI 650g KLARA,90598059,KLARA,0.65 kg,ko,1.55,2.38,,,1.55,3856016902800,HRANA
PUREĆI NAREZAK 150g PODRAVKA,02166664,PODRAVKA,0.15 kg,ko,1.89,12.6,,,1.89,3850104031748,HRANA
KAVA DG CORTADO 16/1 MEGA 5PACK 504g,90794676,DOLCE GUSTO,0.50 kg,ko,20.95,41.57,,,20.95,8445291433526,HRANA
SAVIJAČA S VANIL I ŠUM VOĆEM 500g LE,02373890,LEDO,0.50 kg,ko,3.99,7.98,,,3.99,3850116888972,HRANA
FORTIA JAG/GROŽ/CR RIB 0.5% 1kg TTOP VINDIJA,90401247,FORTIA,1.00 kg,ko,2.69,2.69,,,2.69,3850108036626,HRANA
TIJESTO PENNE 1kg GRANO DORO,90296104,GRANO DORO,1.00 kg,ko,1.69,1.69,,,1.69,3850334348357,HRANA
TUNJ S POVRĆEM EVA 100g/51g,90733047,EVA,0.05 kg,ko,2.49,48.82,,,2.49,3856020263157,HRANA
ŠUNKA U OVITKU SLJEME 350g,90668733,PIK,0.35 kg,ko,3.07,8.77,,,3.07,3850139522754,HRANA
KRUMPIR MEĐIMURSKI KALAMPER 2.5 kg,90732625,MEĐIMURSKI KALAMPER,2.50 kg,ko,2.49,1,,,2.49,3856028687894,HRANA
KOMPOT VIŠNJA BEZ KOŠT 340G,01470453,SLOVA,0.34 kg,ko,2.39,7.03,,,1.75,3850334234988,HRANA
PIKNIK KOBASICA K PLUS 450g MA,90278118,K PLUS,0.45 kg,ko,5.69,12.64,,,5.69,3850334610331,HRANA
PUDING ČOK SA ŠLAGOM 4X125g VINDIJA,90043533,FINO MI JE,0.50 kg,ko,1.99,3.98,,,1.99,3850108040180,HRANA
SARDINA S POVRĆ U UMAKU 100g/50g ,90705604,EVA,0.05 kg,ko,1.99,39.8,,,1.69,3856020262587,HRANA
ŠUMEĆE TABL MAGNEZIJ 96g NATUREL,04280421,NATUREL,0.10 kg,ko,,16.56,1.59,2.25,2.25,3858887241743,HRANA
GRAH CRV KUK MEKS UMAK 200g BONDU,01550386,BONDUELLE,0.20 kg,ko,2.09,10.45,,,2.09,3083680495882,HRANA
KAVA DOLCE GUSTO ESPRESS INT 16/1 112g,90362604,DOLCE GUSTO,0.11 kg,ko,6.49,57.95,,,6.49,7613036867436,HRANA
ČOKOLADA MILKA OREO 100g,90055995,MILKA,0.10 kg,ko,2.49,24.9,,,2.49,7622210194046,HRANA
ŠTRUDLA ČOKOLADA 250g LASTA,90662947,LASTA,0.25 kg,ko,2.39,9.56,,,2.39,3870128029965,HRANA
SLAD BANANKO ŠTAPIĆ 85ml LEDO,90704292,LEDO,0.09 l,ko,1.49,17.52,,,1.49,3850116057101,HRANA
SIR SVJEZI POSNI PRESIDENT 10% 500g,02390048,PRESIDENT,0.50 kg,ko,2.49,4.98,,,2.49,3850355001026,HRANA
LJEŠNJAK JEZGRA GARDEN GOOD 180g,90493321,GARDEN GOOD,0.18 kg,ko,3.69,20.5,,,2.99,3838900958452,HRANA
ČOKOLADA ČOKSA BANANA BISCUIT 68g,90657778,ČOKSA,0.07 kg,ko,1.39,20.44,,,1.39,3850102001606,HRANA
MLIJEKO TR CAFE 3.8% 0.5L BOCA DUKAT,90032541,DUKAT,0.50 l,ko,1.09,2.18,,,1.09,3850354006831,HRANA
KIKIRIKI HRUSTY U TIJESTU PAPRIKA 150g,90674535,HRUSTY,0.15 kg,ko,,7.27,1.09,1.09,1.29,3850334035400,HRANA
BRAŠNO POLUBIJELO T-850 1kg MLINETA,04030179,MLINETA,1.00 kg,ko,0.99,0.99,,,1.09,3859888419315,HRANA
TORTILJA ČIPS HRUSTY CHEESE 150 g,90759926,HRUSTY,0.15 kg,ko,,4.73,0.71,0.89,0.89,8605028611416,HRANA
ČIPS HRUSTY CHILLI 150g,90295360,HRUSTY,0.15 kg,ko,,6.87,1.03,1.29,1.29,3850334020826,HRANA
PRINCES UŠTIPCI 250g DOLCELA,04180222,DOLCELA,0.25 kg,ko,,11.96,2.99,3.89,3.79,3850104075841,HRANA
GORSKI SIR 340g CASEUS,90404022,OPG CASEUS,0.34 kg,ko,6.49,19.09,,,5.79,3857500021267,HRANA
ŠUNKA PUREĆA STANCIJA 100g GAVRILOVIĆ,90382197,GAVRILOVIĆ,0.10 kg,ko,2.29,22.9,,,2.29,3858890203295,HRANA
KAŠICA INST KEKSOLINO 200g,04174518,LINO,0.20 kg,ko,2.59,12.95,,,2.59,3850104230066,HRANA
TUNJ SALATA GRAH 160g BOWL RIO MARE,02198506,RIO MARE,0.16 kg,ko,,13.44,2.15,4.69,4.69,8004030023017,HRANA
BEEF RIBS VAK PIK,90800521,PIK VRBOVEC,1.00 kg,kg,29.99,29.99,,,27.49,3850139284980,HRANA
GROŽĐICA FP EC TAMNA JUMBO 300G,90705639,EUROCOMPANY,0.30 kg,ko,2.39,7.97,,,2.39,3872084014481,HRANA
KOBASICA OD JELENA 200g HISTRIS,90463043,HISTRIS,0.20 kg,ko,7.49,37.45,,,7.49,3859893167485,HRANA
KAVA ESPRES ZRNO STRETTO 500g FRANCK,90707106,FRANCK,0.50 kg,ko,14.69,29.38,,,14.69,3850291054018,HRANA
KREKER SIR RAJČ BOSILJ 130 g DANVITA,90675282,DANVITA,1.00 ko,ko,2.29,2.29,,,2.29,4771218201935,HRANA
CORNFLAKES 1kg ENCIAN,04032146,ENCIAN,1.00 kg,ko,5.99,5.99,,,5.99,5907731602303,HRANA
PANIRANI PILEĆI ODRESCI CEKIN 600g,90599100,CEKIN,0.60 kg,ko,7.89,13.15,,,7.89,3850159141867,HRANA
PANCETA ISTARSKA cca 250g BURETIĆ,90403980,BURETIĆ,1.00 kg,kg,29.99,29.99,,,29.99,,HRANA
KVASAC SUHI 125G DIGO,90204700,DIGO,0.13 kg,ko,2.09,16.72,,,2.09,3859889940849,HRANA
PROTEIN BAR CHOCOLATE 35g,90340922,POLLEO,0.04 kg,ko,1.49,42.57,,,1.49,3859893008443,HRANA
RIŽA 1 kg RIOPAK,90099060,RIO PAK,1.00 kg,ko,1.89,1.89,,,1.99,3859888279445,HRANA
SIR TVRDI MIJEŠANI DUMAN 400 g,90800493,MLJEKARA LIV,0.40 kg,ko,9.49,23.73,,,5,3877000339167,HRANA
KEKS DOMAĆICA EXTRA CHOCO LJEŠ VR 220g,90805064,DOMAĆICA,0.22 kg,ko,,11.32,2.49,3.49,3.19,3850102009633,HRANA
LEĆA GARDEN GOOD 240g,90682707,GARDEN GOOD,0.24 kg,ko,0.89,3.71,,,0.89,3850334028327,HRANA
KOLAČ MAĐARICA NOUGAT 400 g MLINAR,90889715,MLINAR,0.40 kg,ko,7.99,19.98,,,7.49,3856028407911,HRANA
PUDING ČOKOLADA 123g 3X41g SWEET CHEF,90389460,SWEET CHEF,0.12 kg,ko,0.59,4.8,,,0.57,3850334197603,HRANA
SENF ESTRAGON SQUEEZE 310g PODRAVKA,90770343,PODRAVKA,0.31 kg,ko,2.39,7.71,,,2.09,3856020268909,HRANA
RAJČICA PELAT 800g MUTTI,01570908,MUTTI,0.52 kg,ko,2.99,5.75,,,2.52,8005110050008,HRANA
MUESLI GRA BOOM BOX Š VOĆ/KOK/BAD 300g,90493480,BOOM BOX,0.30 kg,ko,,9.3,2.79,3.99,3.99,3858890477313,HRANA
TARTUFATA  130g ZIGANTE,01600108,ZIGANTE,0.13 kg,ko,13.49,103.77,,,13.49,3859889179218,HRANA
SIR POLUTVRDI DIMSI REZ 150g DUKAT,90141667,PRESIDENT,0.15 kg,ko,3.19,21.27,,,3.19,3850355007127,HRANA
TIJES BARILLA FUSILLI INTEGR 500g,04052279,BARILLA,0.50 kg,ko,3.15,6.3,,,3.15,8076809529457,HRANA
OCAT JABUČNI BARRIQUE 0.5L MAUTNER,03120050,MAUTNER MARK,0.50 l,ko,4.49,8.98,,,4.49,9011900138343,HRANA
VRHNJE KISELO 20% M.M. 180g KRAVICA,90713397,KRAVICA KRALJICA,0.18 kg,ko,1.19,6.61,,,1.19,3856015328946,HRANA
RIŽA PARBOILED DZ ZLATO POLJE  800g,90302219,ZLATO POLJE,0.80 kg,ko,,2.61,2.09,3.49,3.49,3838700540383,HRANA
KEKS FINESSE BROWNIE COOKIES 200g,90473058,FINESSE,0.20 kg,ko,2.19,10.95,,,2.19,3850334197849,HRANA
ČIPS LAY'S OVEN BAKED JOGURT 110g,90720105,PEPSICO,0.11 kg,ko,2.69,24.45,,,2.59,5900259128843,HRANA
PIRE VOĆ JAB BAN BIO100g FRULLA,90705139,FRULLA,0.10 kg,ko,1.19,11.9,,,1.19,8024985000802,HRANA
LEĆA LIM.400g PODRAVKA,90091539,PODRAVKA,0.40 kg,ko,1.89,4.73,,,1.89,3850104272356,HRANA
MJEŠ ZAČ ŠPAGETI BOLOGN 50g MAGGI,90348981,MAGGI,0.05 kg,ko,1.49,29.8,,,1.49,7613287110251,HRANA
PAŠTETA TUNJ AQ 95g,90088350,ADRIATIC QUEEN,0.10 kg,ko,2.29,24.11,,,2.19,3850160208016,HRANA
UMAK SALSA HOT CHIO DIO 200ML,01310397,CHIO,0.20 l,ko,2.99,14.95,,,2.99,4001242108215,HRANA
ČOKOLADA RIKI RIŽA ORIGINAL 75g,90405269,RIKI,0.08 kg,ko,1.69,22.53,,,1.69,3856024800679,HRANA
KAŠICA HIPP MK BANANA/GRIZ/KAKAO 190G,03148048,HIPP,0.19 kg,ko,1.69,8.9,,,1.69,9062300133117,HRANA
MLIJEKO ZAMJ HIPP PRE COMB 600g,90406104,HIPP,0.60 kg,ko,13.55,22.58,,,13.55,4062300398894,HRANA
KIWI 500 g BIO ZONE,90810472,BIO ZONE,0.50 kg,ko,2.29,4.58,,,2.99,3856028689331,HRANA
PAPRIKA MLJEV SLATKA 100 g SPICE CHEF,90770536,SPICE CHEF,0.10 kg,ko,0.89,8.9,,,0.89,3850334101037,HRANA
ČAJNA 300 g XXL NAR PODRAVKA,90810347,PODRAVKA,0.30 kg,ko,5.99,19.97,,,5.99,3856020261870,HRANA
ŠEĆER U PRAHU 200g SWEET CHEF,90381486,SWEET CHEF,0.20 kg,ko,0.65,3.25,,,0.65,3850334197412,HRANA
KOMPOT BRESKVA POL 235g DEL MONTE,90623149,DEL MONTE,0.24 kg,ko,1.99,8.47,,,1.99,024000181521,HRANA
TJEST SPAGHETTI BEZ GL 400g BARILLA,90270303,BARILLA,0.40 kg,ko,4.69,11.73,,,4.69,8076809545440,HRANA
KAVA RISTRETTO NS 10/1 52 g L OR,90915233,L OR,0.05 kg,ko,6.59,126.73,,,6.59,8711000891643,HRANA
KAVA SUPREMO NS 10/1 52 g L OR,90915235,L OR,0.05 kg,ko,6.59,126.73,,,6.59,8711000360521,HRANA
KAVA BRAZIL NS 10/1 52 g L OR,90915237,L OR,0.05 kg,ko,6.59,126.73,,,6.59,8711000573501,HRANA
KRUH FINI DOMAĆI 700g KLARA,90060574,KLARA,0.70 kg,ko,,2.5,1.75,2.15,2.15,3858881323049,HRANA
PEKMEZ ŠLJIVA 350g PODRAVKA,90570523,PODRAVKA,0.35 kg,ko,3.39,9.69,,,3.39,3856020252793,HRANA
INSTANT NESCAFE CLASSIC VR REFILL 150G,90733636,NESCAFE,0.15 kg,ko,8.19,54.6,,,7.19,8445290829818,HRANA
ŠLAG PJENA MLIJEKO 36g 3+1GRAT DOLC,04183301,DOLCELA,0.11 kg,ko,3.3,30.56,,,2.55,3850104218613,HRANA
RAJČICA DATERINO 250 grama,01401844,,0.25 kg,ko,1.49,5.96,,,1.69,8437016787113,HRANA
REBRA DIMLJENA VP PIVAC,90672754,PIVAC,1.00 kg,kg,8.99,8.99,,,8.99,3858881612631,HRANA
DESERT CORNY BIG ČOKOLADA 50g,04210475,SCHWARTAU,0.05 kg,ko,1.19,23.8,,,1.19,4011800586515,HRANA
SIR SVJEŽI KREM ABC FIT 100g,90472808,ABC,0.10 kg,ko,1.35,13.5,,,1.15,3856015324276,HRANA
DESERT KINDER BUENO T5 107.5g,90599939,FERRERO,0.11 kg,ko,2.69,25.02,,,2.49,8000500383056,HRANA
ŽV GUMA ORBIT SWEET MINT 14g,04207050,WRIGLEY,0.01 kg,ko,0.99,70.71,,,0.99,50173808,HRANA
BUNDEVA JEZGRA FP EC SIROVA 300g,90705641,EUROCOMPANY,0.30 kg,ko,2.79,9.3,,,2.79,3872084015082,HRANA
MUESLI GRANOLA RISE&SMILE BERRY 300g,90775615,RISE&SMILE,0.30 kg,ko,,5.3,1.59,1.89,1.89,3850334110268,HRANA
NAMAZ NUTELLA & GO 54g,04231027,NUTELLA,0.05 kg,ko,1.89,35,,,1.89,80050100,HRANA
SIR KRAVLJI S TARTUFIMA 240g ZIGANTE,90725930,ZIGANTE,0.24 kg,ko,13.99,58.29,,,13.99,3858891982113,HRANA
MUESLI RISE&SMILE ČOKOLADA 750g,90726295,RISE&SMILE,0.75 kg,ko,,3.03,2.27,2.85,2.85,3850334045461,HRANA
PRELJEV CRVENI DOLCELA 3X13G,90168396,DOLCELA,0.04 kg,ko,2.25,57.69,,,2.25,3850104275692,HRANA
DŽEM SMOKVA NARANČA DIDA BOŽA 700g,90042593,DIDA BOŽA,0.70 kg,ko,6.19,8.84,,,5.71,3859891515769,HRANA
BOMBON ŠUMI FRU FRU 400g,04190386,ŠUMI,0.40 kg,ko,4.99,12.48,,,4.99,3838700040944,HRANA
BOMBON HELF ORIGINAL VREĆ 80g,90673090,HELF,0.08 kg,ko,0.73,9.13,,,0.73,8605073300068,HRANA
DESERT M&M'S KIKIRIKI 45g,04220013,MARS,0.05 kg,ko,1.09,24.22,,,1.09,5900951140310,HRANA
TIJESTO REZA ŠIRO JAJA ŠPIN 400g MARODI,90403017,MARODI,0.40 kg,ko,2.69,6.73,,,2.49,3859888666726,HRANA
ČAJ MENTA 20/1 26 g FRANCK,90869872,FRANCK,0.03 kg,ko,1.79,68.85,,,1.79,3850291055411,HRANA
UMAK OD ŠAMPINJONA 200g DUKAT,02331189,BRZO&FINO,0.20 l,ko,2.29,11.45,,,2.09,3850354017431,HRANA
KAVA LAVAZZA GRAN AROMA BAR 1kg,04070282,LAVAZZA,1.00 kg,ko,45.49,45.49,,,41.99,8000070024816,HRANA
KIS VRH BEZ LAKT 18% 180g FREE ZONE,90770070,FREE ZONE,0.18 kg,ko,0.69,3.83,,,0.69,3850334101464,HRANA
KAVA DG LUNGO INT 16/1 144g,90267894,DOLCE GUSTO,0.14 kg,ko,6.49,45.07,,,6.49,7613033590146,HRANA
JOGURT SOJIN NATURAL 400g ALPRO,90725242,ALPRO,0.40 kg,ko,2.99,7.48,,,2.99,5411188137979,HRANA
ULJE BUČINO ZLOTNO DJEV 0.5L POLJO POSAVEC,90704551,POLJO POSAVEC,0.50 l,ko,11.29,22.58,,,11.29,3859889562553,HRANA
PECIVO HOT DOG 4/1 250g EMMECI,90365875,EMMECI PANE,0.25 kg,ko,1.33,5.32,,,1.33,8033928830147,HRANA
NJOKI SIR I TARTUFI 400 g SPEC MOMENTS,90825564,SPECIAL MOMENTS,0.40 kg,ko,,4.98,1.99,2.59,2.49,3850334420343,HRANA
NAMAZ LINO LADA DUO 2.5 kg,90895365,LINO LADA,2.50 kg,ko,13.99,5.6,,,14.99,3850104019791,HRANA
PARTY TRIK MIX 500 g,90769669,TRIK,0.50 kg,ko,2.59,5.18,,,2.29,8600462023573,HRANA
DESERT TWIX 3 PACK 3X50g,90731274,MARS,0.15 kg,ko,2.85,19,,,2.85,5000159559362,HRANA
JOGURT TEKUĆI 1000G VERONIKA,90202857,VERONIKA,1.00 kg,ko,2.75,2.75,,,2.39,3859889622370,HRANA
PEC ČAJNO KIFLICE ORANŽ 225g FANOLA,90453200,FANOLA,0.23 kg,ko,2.99,13.29,,,2.99,3859888257696,HRANA
PAŠTETA PILEĆA CREAM 50g LINO,90623023,LINO,0.05 kg,ko,0.89,17.8,,,0.89,3856020259426,HRANA
DESERT KINDER DELICE COCO 37g,90468043,FERRERO,0.04 kg,ko,0.89,24.05,,,0.79,8000500355138,HRANA
PAŠTETA PILEĆA JETRENA 95g PODRAVKA,90385415,PODRAVKA,0.10 kg,ko,1.29,13.58,,,1.29,3856020224592,HRANA
UMAK TERIYAKI 183ml MAGGI,90769812,MAGGI,0.18 kg,ko,3.99,21.8,,,3.99,8445291156647,HRANA
TUNA ODREZAK 250g WOFCO,90730929,WOFCO,0.25 kg,ko,5.99,23.96,,,5.99,8436565912380,HRANA
TORTELLONI RICOT ŠPIN 250g CA PRICCI,90702765,CA PRICCI,0.25 kg,ko,1.69,6.76,,,1.69,8003427012160,HRANA
SIR MEKI KOZJI 400g DIVAN GARDEN,90486887,DIVAN GARDEN,0.40 kg,ko,7.3,18.25,,,7.3,3859893493546,HRANA
SIR POLU CHEDDAR MILD 200g,90354121,PRESIDENT,0.20 kg,ko,,17.9,3.58,4.29,4.29,5017838821610,HRANA
TIJESTO IST KRPICE S JAJ SPEC MOM 500g,90825340,SPECIAL MOMENTS,0.50 kg,ko,1.5,3,,,2.99,3850334431080,HRANA
FLIPS POM BAR KETCHUP 50g,90404069,POM BAR,0.05 kg,ko,,19.8,0.99,1.19,1.19,3856021302756,HRANA
BOMBON WERTHERS CREAMMY 80g,90084436,WERTHERS,0.08 kg,ko,1.25,15.63,,,1.25,4014400918106,HRANA
DEBRECINKA 400 g PIVAC,90789805,PPK,0.40 kg,ko,3.49,8.73,,,3.49,3858884998961,HRANA
TOST PROTEINSKI 260g MASTER,90188188,MASTERMACHER,0.26 kg,ko,3.99,15.35,,,3.99,4000446016791,HRANA
ZAČIN ZA SALATU 30g VEGETA NATUR,90185728,VEGETA NATUR,0.03 kg,ko,1.19,39.67,,,1.19,3850104278600,HRANA
 PAŠTETA PILEĆA S AJVAROM 95g PODRAVKA,90385422,PODRAVKA,0.10 kg,ko,1.29,13.58,,,1.29,3856020224653,HRANA
BOMBON HARIBO COLA ROLICA 25g,90342877,HARIBO,0.03 kg,ko,0.49,19.6,,,0.49,4001686383025,HRANA
UMAK PAPRIKA LJUTI 85ml SANTA MARIA,90731769,SANTA MARIA,0.09 l,ko,2.49,29.29,,,2.52,7311310388027,HRANA
DVOPEK CLASSIC 330g NATUREL,90453647,NATUREL,0.33 kg,ko,2.45,7.42,,,2.45,3858889365256,HRANA
TORTA DAIM ALMONDY 400g,90473100,ALMONDY,0.40 kg,ko,7.19,17.98,,,6.49,7312930005585,HRANA
NJOKI SPECK&BRIE 500g PATAGNOCCO,90733477,PATAGNOCCO,0.50 kg,ko,2.79,5.58,,,2.79,8015057004767,HRANA
KEKS DULCETTI ACTIV MIX 160g,90647922,DULCETTI,0.16 kg,ko,1.19,7.44,,,1.19,3850334017772,HRANA
ZAČIN ZLAT PILETINA 30g VEGETA NATUR,90185738,VEGETA NATUR,0.03 kg,ko,1.19,39.67,,,1.19,3850104278563,HRANA
ŠLJIVA GARDEN GOOD SUHA KOŠTICA 200g,90363937,GARDEN GOOD,0.20 kg,ko,1.09,5.45,,,1.09,3838900807866,HRANA
CAPP NESCAFE VANILLA MEGA 14/1 196 g,90869947,NESCAFE,0.20 kg,ko,6.49,33.11,,,6.49,8445291643796,HRANA
KAVA MACCHIATO DG VANILLA 10/1 140 g BARCAFFE,90750409,BARCAFFE,0.14 kg,ko,4.49,32.07,,,3.98,3838471053709,HRANA
ČOKOLADA KANDI MLIJEČNA 80g,90047116,KANDIT,0.08 kg,ko,1.03,12.88,,,1.03,3858881046689,HRANA
DESERT M&M KIKIRIKI 200g,90059749,MARS,0.20 kg,ko,4.49,22.45,,,4.49,5900951317910,HRANA
SUNCOKRET PRŽ SL OLJUŠT 100g MOGYI,01310671,MOGYI,0.10 kg,ko,1.39,13.9,,,1.39,5997347544395,HRANA
LINDT LINDOR BALLS CORNET 60% 200g,04250441,LINDT,0.20 kg,ko,8.99,44.95,,,9.99,8003340091273,HRANA
KOCKA KOKOŠJA RETRO 120g PODRAVKA,90412425,PODRAVKA,0.12 kg,ko,2.09,17.42,,,2.09,3856020245887,HRANA
KEFIR I LOVE NATUR 1KG DUKAT,90514054,DUKAT,1.00 kg,ko,2.49,2.49,,,2.45,3850354015956,HRANA
SIR TVRDI PARMIGIANO 200g ZANETTI,90308125,ZANETTI,0.20 kg,ko,7.19,35.95,,,6.59,8002710402008,HRANA
TIJESTO KRPICE S JAJIMA 400g KOLEDA,04051252,KOLEDA,0.40 kg,ko,,2.98,1.19,2.25,2.25,3859888433502,HRANA
OCAT JABUČNI 1L KISKO,03120181,KISKO,1.00 l,ko,2.05,2.05,,,2.05,3850164340118,HRANA
GRAŠAK I KVAL 160g LIM PODRAVKA,01551626,PODRAVKA,0.16 kg,ko,1.29,8.06,,,1.29,3850104050046,HRANA
JOGURT DUKATOS SELECTION KOKOS 150g,90602720,DUKATOS,0.15 kg,ko,1.09,7.27,,,1.09,3850354016946,HRANA
PIL PRSA KOKA RFZ VINDIJA,02433963,CEKIN,1.00 kg,kg,5.99,5.99,,,5.99,3850159110139,HRANA
KOKICE CHIO SLANE 75g,90705270,CHIO,0.08 kg,ko,1.39,18.53,,,1.39,8595606209398,HRANA
SIR TOP TROK SPECIJAL 140g ZDENKA,02103201,ZDENKA,0.14 kg,ko,2.25,16.07,,,2.25,3858888590147,HRANA
CORNFLAKES SANTE 500g VR,90405577,SANTE,0.50 kg,ko,2.79,5.58,,,2.35,5900617031457,HRANA
TEL VRAT SK MARTINJAK DOMAĆI,90669285,MARTINJAK,1.00 kg,kg,12.59,12.59,,,10.49,3859893702488,HRANA
TIJESTO REZANCI JAJ MRKV 400g KOLEDA,04051249,KOLEDA,0.40 kg,ko,,2.98,1.19,2.25,2.25,3859888433076,HRANA
PILEĆI BATAK I FILE ZABATKA CEKIN,90707059,CEKIN,1.00 kg,kg,7.35,7.35,,,7.35,3850159110924,HRANA
MAJONEZA TUBA 255g ZVIJEZDA,90405156,ZVIJEZDA,0.26 kg,ko,3.49,13.69,,,3.19,3856015321244,HRANA
GRAH GARDEN GOOD BIJELI 500g,90363725,GARDEN GOOD,0.50 kg,ko,1.49,2.98,,,1.09,3838900957004,HRANA
BOMBON GUM KIKI SOUR WORMS 90g KRAŠ,90704690,KIKI,0.09 kg,ko,,11,0.99,1.19,1.19,3850102006663,HRANA
BOMBON PUNJENI TOFIX 1000g,90648051,ELVAN,1.00 kg,ko,6.29,6.29,,,6.29,8693029030077,HRANA
SIR TVRDI S TARTUFIMA 230g,90354681,ŠPIN,0.23 kg,ko,10.99,47.78,,,9.42,3858881196650,HRANA
ČOK JAJE KINDER IZNENAĐ T3x128 60g,90045347,FERRERO,0.06 kg,ko,4.19,69.83,,,3.89,5905408021013,HRANA
GROŽĐICA VEDRINI SUHA 500g,90303755,VEDRINI,0.50 kg,ko,3.29,6.58,,,3.29,3859890630265,HRANA
PAŠTETA TUNA ADRIA MARE 95g,90096725,ADRIA MARE,0.10 kg,ko,1.49,15.68,,,1.39,3850334395924,HRANA
SIR TVRDI MLADI KRAVLJI 230g ŠPIN,90405233,ŠPIN,0.23 kg,ko,5.79,25.17,,,5.49,3858881196629,HRANA
MRVICE KRUŠNE 500g  MLINAR,04040202,MLINAR,0.50 kg,ko,1.25,2.5,,,1.15,3858881121713,HRANA
PILEĆA KRILA POD  VINDIJA,02434195,CEKIN,1.00 kg,kg,6.29,6.29,,,6.29,3850159110269,HRANA
ŽV GUMA ORBIT WHITE RASPB POMEG 14g,90599952,WRIGLEY,0.01 kg,ko,0.99,70.71,,,0.99,50173747,HRANA
SKYR PROTEIN VIŠNJA 330g Z BREGOV,90732918,Z BREGOV,0.33 kg,ko,1.69,5.12,,,1.69,3850108037524,HRANA
NESTLE FITNESS 625g,90169872,NESTLE ŽITAR,0.63 kg,ko,6.29,10.06,,,4.99,7613035265769,HRANA
KEKS DOMAĆICA EXTRA CHOCO VR 220g,90800550,DOMAĆICA,0.22 kg,ko,,11.32,2.49,3.49,3.19,3850102009640,HRANA
PAHULJICE FITNESS NESTLE 375g,04031064,NESTLE ŽITAR,0.38 kg,ko,4.99,13.31,,,4.69,7613032853815,HRANA
KAVA LAVAZZA QUALITY ROSSA 250g,90306722,LAVAZZA,0.25 kg,ko,9.69,38.76,,,7.99,8000070035805,HRANA
DŽEM OD MARELICE BAKINA TAJNA 375g,01501121,BAKINA TAJNA,0.38 kg,ko,3.99,10.64,,,3.99,8606102785016,HRANA
ČAJ ŠUMSKO VOĆE AO 50g PODRAVKA,04090268,PODRAVKA,0.05 kg,ko,2.29,45.8,,,2.06,3850104425110,HRANA
TIJESTO K PLUS SPAGHETTI 3 500g,04057602,K PLUS,0.50 kg,ko,0.99,1.98,,,0.99,,HRANA
MIX NESCAFE STRONG 3U1 14g,90714058,NESCAFE,0.01 kg,ko,0.35,25,,,0.35,7613038158884,HRANA
RAMA CLASSIC 225g,90649518,RAMA,0.23 kg,ko,1.35,6,,,1.25,8719200239883,HRANA
SIRUTKA 1L DUKAT,90354063,DUKAT,1.00 l,ko,1.49,1.49,,,1.29,3850354014478,HRANA
TIJESTO REZ USKI JAJ SLOVA 400g,90714435,SLOVA,0.40 kg,ko,1.29,3.23,,,1.29,3850334045775,HRANA
DESERT TWIX BIJELA ČOK 46g,90364585,MARS,0.05 kg,ko,1.09,23.7,,,1.09,5000159556804,HRANA
ZELENA MAHUNA GARDEN GOOD 1kg,90703996,GARDEN GOOD,1.00 kg,ko,2.39,2.39,,,2.39,3838900835289,HRANA
FLIPS LUMPI KIKIRIKI 80g,90341589,LUMPI,0.08 kg,ko,,5.38,0.43,0.55,0.49,3850334377647,HRANA
BISKVIT MRAMORNI 400g GECCHELE,90249968,GECCHELE,0.40 kg,ko,3.59,8.98,,,3.59,8015854140866,HRANA
ČIPS TORTILLA CHIO CHILLI 110g,90669564,CHIO,0.11 kg,ko,1.99,18.09,,,1.99,4001242106358,HRANA
JOGURT BEZ LAKTOZE TTOP 2.8% M.M. 200g,90570038,VINDIJA,0.20 kg,ko,0.49,2.45,,,0.49,3850108035988,HRANA
SIR POLUTV TRAPIST VAC PAŠKA SIRANA,02055399,PAŠKA SIRANA,1.00 kg,kg,22.99,22.99,,,19.99,3859889426114,HRANA
MARINATO GRILL RAŽNJIĆI POD VINDIJA,02431457,CEKIN,1.00 kg,kg,12.99,12.99,,,12.99,3850159150104,HRANA
MED CVJETNI 450g MEDO FLOR,04130071,MEDO FLOR,0.45 kg,ko,3.69,8.2,,,3.79,3859888378025,HRANA
GRAŠAK 260g LIM PODRAVKA,01550016,PODRAVKA,0.26 kg,ko,1.49,5.73,,,1.49,3850104050862,HRANA
SIR MEKI BURATA 125 g SPECIAL MOMENTS,90825193,SPECIAL MOMENTS,0.13 kg,ko,2.29,18.32,,,2.29,3850334430182,HRANA
PROTEIN PUDING 200g KARAMELA ZOTT,90724918,ZOTT,0.20 kg,ko,1.19,5.95,,,0.89,4014500520179,HRANA
KOLAČ MAĐARICA XXL 750 g,90746002,MLINAR,0.75 kg,ko,6.99,9.32,,,6.99,3856028404132,HRANA
SIR TOPLJ TROK CLASS PICOK 140g DUKA,02103182,PRESIDENT,0.14 kg,ko,2.29,16.36,,,1.99,3850355007660,HRANA
MUFFIN ČOKO 300g SWEET CHEF,90734712,SWEET CHEF,0.30 kg,ko,,7.3,2.19,2.19,2.49,3850334055330,HRANA
PIL OTKOŠ BATAK.ZABATAK S KOŽOM VIN,90854666,CEKIN,1.00 kg,kg,6.49,6.49,,,6.49,3850159114557,HRANA
TIJESTO MINI PENE RIGATE 500g BARILA,04055529,BARILLA,0.50 kg,ko,2.45,4.9,,,2.45,8076809521581,HRANA
LAZANJE 400g PARADISO,90033875,PARADISO,0.40 kg,ko,2.39,5.98,,,2.39,3859889154727,HRANA
BRUSCHETTE SALAMI PEPPERONI 70g MARETTI,90152721,MARETTI,0.07 kg,ko,0.95,13.57,,,0.95,3800205873358,HRANA
TIJESTO TUBETTI RIGATI 37 500g ZARA,04051595,PASTA ZARA,0.50 kg,ko,1.59,3.18,,,1.59,8004350130372,HRANA
DŽEMFIX EXTRA 25g DR OETKER,04183459,DR OETKER,0.03 kg,ko,1.39,55.6,,,1.39,5997381370875,HRANA
SV POLOVICA EWG ,02400047,PIK VRBOVEC,1.00 kg,kg,4.75,4.75,,,5.05,3850139430981,HRANA
KONZERVANS 10g ŠAFRAM,04180324,ŠAFRAM,0.01 kg,ko,0.39,39,,,0.39,3859888163560,HRANA
SMOOTHIE B'AKTIV  SPIRULINA 330g DUKAT,90518412,B'AKTIV,0.33 kg,ko,1.99,6.03,,,1,3850354016472,HRANA
SIR NAM PHILADELPHIA PROTEIN 175g,90600671,PHILADELPHIA,0.18 kg,ko,3.49,19.94,,,3.49,7622201637071,HRANA
PLOČICA PROTEIN HAZELNUT 40g ROOBAR,90739977,ROOBAR,0.04 kg,ko,2.29,57.25,,,2.29,3800233782448,HRANA
PAHULJICE ZOB 500g BIO ZONE,90245906,BIO ZONE,0.50 kg,ko,,2.38,1.19,1.39,1.39,3838900804179,HRANA
PAGAR OČIŠČEN 400-600 PAK KONZUM,90800892,,1.00 kg,kg,13.99,13.99,,,13.99,,HRANA
OCAT KVASINA 1L KISKO,03120084,KISKO,1.00 l,ko,2.09,2.09,,,2.09,3850164331116,HRANA
ŽELATINA INSTANT FIX 20g DR OETKER,04185020,DR OETKER,0.02 kg,ko,1.15,57.5,,,1.15,5997381336437,HRANA
NAPITAK RIŽA BADEM 1L BIO ZONE,90402149,BIO ZONE,1.00 l,ko,1,1,,,2.39,3850334129413,HRANA
SLAD GELATISSIMO FUNKY MONKEY 4x65 ml,90765367,GELATISSIMO,0.14 l,ko,,7.07,0.99,1.99,1.99,3850334106322,HRANA
VAFL NAPOLITANKA NOUGAT 187g KRAŠ,90672788,KRAŠ,0.19 kg,ko,1.65,8.82,,,1.65,3850102002153,HRANA
BUČINO ULJE HLADNO PREŠANO 0.25L. OPG CESAREC,90404578,OPG CESAREC,0.25 l,ko,13.79,55.16,,,13.79,3859893456329,HRANA
BOMBON CEDEVITA LIMUN 18g,90706166,CEDEVITA,0.02 kg,ko,0.79,43.89,,,0.69,38506239,HRANA
CAPP NESCAFE CLASSIC MEGA 14/1 189 g,90869943,NESCAFE,0.19 kg,ko,6.49,34.34,,,6.49,8445291643772,HRANA
KEKS PIKNIK BEZ ŠEĆ 240g KOESTLIN,04141134,KOESTLIN,0.24 kg,ko,2.09,8.71,,,2.09,3858881090187,HRANA
KEKS TART MARELICA 210g BANINI,90403885,BANINI,0.21 kg,ko,1.49,7.1,,,1.49,8600462040938,HRANA
SMOKVA SEEBERGER SUHA 200g,90705715,SEEBERGER,0.20 kg,ko,4.29,21.45,,,4.29,4008258235003,HRANA
OCAT BALZAMSKI 0.5L MONARI,03120063,MONARI FEDERZONI,0.50 kg,ko,2.99,5.98,,,2.99,8003185000010,HRANA
MIX JACOBS MILKA 3U1 12.40 g,90914654,JACOBS,0.01 kg,ko,0.5,40.32,,,0.5,8711000577875,HRANA
KAVA DOLCE GUSTO RIST BAR 30/1 195 g,90909841,DOLCE GUSTO,0.20 kg,ko,8,41.03,,,8.99,8445290868169,HRANA
SENDVIČ PANE AMORE SALAMA SIR 130g,90494893,PANE AMORE,0.13 kg,ko,2.79,21.46,,,2.79,8020693230067,HRANA
PANIRANI FISH NUGGETS 245g LEDO,90703215,LEDO,0.25 kg,ko,3.99,16.28,,,3.49,3850116066455,HRANA
SENF ESTRAGON TUBA 200g K PLUS,90473010,K PLUS,0.20 kg,ko,0.99,4.95,,,0.99,3850334385574,HRANA
INSTANT CRONAT GOLD JACOBS 100g ST,04070188,JACOBS,0.10 kg,ko,8.69,86.9,,,7.49,8711000532874,HRANA
KAVA ARABESCA MINAS MLJEVENA 250g,04079507,ARABESCA,0.25 kg,ko,5.49,21.96,,,5.49,3859889500043,HRANA
SIR TVRDI OVČJI PAŠKI VAC PAŠKA SIRANA,02055395,PAŠKA SIRANA,1.00 kg,kg,57.99,57.99,,,49.99,3859889426145,HRANA
ULJE MEDITERAN 1L ZVIJEZDA,90150112,ZVIJEZDA,1.00 l,ko,3.19,3.19,,,3.19,3856015309273,HRANA
KEKS BABY LINO 140g,90084045,LINO,0.14 kg,ko,,11.36,1.59,1.89,1.89,3850104269219,HRANA
SIR TVRDI KOZJI CAPROD 1/4 KRIŠ VIND,90410422,Z BREGOV,1.00 kg,kg,35.49,35.49,,,31.49,3850108052886,HRANA
TOAST CLASSIC 750g TVOJIH 5 MINUTA,90299548,TVOJIH 5 MIN,0.75 kg,ko,2.65,3.53,,,2.65,8606018730476,HRANA
KEKS DOLCI CEREALI CLASSIC DULCETTI 250g,90400693,DULCETTI,0.25 kg,ko,,5.16,1.29,1.75,1.75,3850334011046,HRANA
MASLINE ZELENE S PAP 200g ZVIJEZDA,01580216,ZVIJEZDA,0.20 kg,ko,3.39,16.95,,,3.39,3858882213790,HRANA
GRAŠAK FRESCO 400g LEDO,02361589,FRESCO,0.40 kg,ko,1.19,2.98,,,1.79,3850116876320,HRANA
KAVA FRANCK COFFEE&GO ORIG 9g,90363398,FRANCK,0.01 kg,ko,0.45,50,,,0.39,3850291049281,HRANA
PASTRVA SVJ PAK KONZUM,02199511,,1.00 kg,kg,5.59,5.59,,,5.59,,HRANA
INSTANT NESCAFE GOLD BK ST 200G,90402284,NESCAFE,0.20 kg,ko,16.49,82.45,,,14.99,7613033006951,HRANA
PANCETA ISTARSKA CCA 300g HISTRIS,90405218,HISTRIS,1.00 kg,kg,29.69,29.69,,,26.99,,HRANA
PRSA PILEĆA DIMCEK 500 g CEKIN,90825433,CEKIN,0.50 kg,ko,5.99,11.98,,,5.99,3850159123467,HRANA
PROTEIN 1ST WHEY 454g SWISS CHOCOLATE SUPREME,90345169,POLLEO,0.45 kg,ko,21.99,48.44,,,21.99,3858892293300,HRANA
SODA BIKARBONA 40g KUT FRANCK,04181242,FRANCK,0.04 kg,ko,0.89,22.25,,,0.89,3858881081048,HRANA
PITA ZELJANICA JAMI 900g,90593678,JAMI,0.90 kg,ko,4.29,4.77,,,3.99,3871832018214,HRANA
JOGURT B'AKTIV VOĆE-POVRĆE 330g,90514065,B'AKTIV,0.33 kg,ko,,3.91,1.29,1.29,1.29,3850354015857,HRANA
RIŽA K PLUS PARBOILED 1kg KUT,90056516,K PLUS,1.00 kg,ko,2.59,2.59,,,2.65,3850334339249,HRANA
NAPITAK BADEM 1L O'PLANT,90495011,O PLANT,1.00 l,ko,3.39,3.39,,,3.39,3856020249908,HRANA
VALJUŠCI MINUTE 500g,90675081,MINUTE,0.50 kg,ko,1.55,3.1,,,1.55,3850334018410,HRANA
SIR POLUTV K PLUS MAASDAM 100G,90219869,K PLUS,0.10 kg,ko,,11.9,1.19,1.69,1.65,3850334577368,HRANA
SIR POLUTV K PLUS CHEDDAR 100G,90219838,K PLUS,0.10 kg,ko,,11.9,1.19,1.79,1.69,3850334577399,HRANA
GULAŠ GOVEĐI MINUTE 400g,90735128,MINUTE,0.40 kg,ko,,7.48,2.99,3.49,3.49,3850334070241,HRANA
NAPITAK RED BULL YELLOW EDIT 0.25L,90171428,RED BULL,0.25 l,ko,1.69,6.76,,,1.19,90415944,PIĆE
PIVO OŽUJSKO 4X0.5L SUPER PONUDA,90382578,OŽUJSKO,2.00 l,ko,5.49,2.75,,,5.35,3850131986011,PIĆE
SOK 100% SUPERBOBICE JUICY 1L,90264403,JUICY,1.00 l,ko,2.79,2.79,,,2.79,3858890976243,PIĆE
SET LIKER BAJADERA 0.7 L + BAJADERA 87 g,90835065,BADEL 1862,0.70 l,ko,23.99,34.27,,,24.99,3850112112538,PIĆE
VODA VITAMIN WELL ANTIOXIDANT 0.5L,90325170,VITAMIN WELL,0.50 l,ko,2.09,4.18,,,2.09,7350042716067,PIĆE
VISKI BALLANTINES 0.7L 		,90058947,BALLANTINES,0.70 l,ko,16.19,23.13,,,15.55,5010106113127,PIĆE
LIKER JULISCHKA 1L,03070194,NIMCO,1.00 l,ko,15.35,15.35,,,15.35,4000152000107,PIĆE
MIN VODA RADENSKA 0.5L PET GAZ,03180102,RADENSKA,0.50 l,ko,0.85,1.7,,,0.85,3830000620871,PIĆE
VODA IZVOR JANA JAG GUAVA 1.5L JAM,03185041,JANA,1.50 l,ko,1.59,1.06,,,1.59,3858884600871,PIĆE
NEKTAR VINDI DISNEY JAB+CA+VIT 0.2L,90731582,VINDI,0.20 l,ko,0.65,3.25,,,0.65,3850108075526,PIĆE
PIVO BAVARIA BEZALK 0.5L LIM,03130780,BAVARIA,0.50 l,ko,1.59,3.18,,,1.55,8714800011426,PIĆE
VINO ORAHOVICA SAUVIGNON KV 0.75L,90380615,PP ORAHOVICA,0.75 l,ko,6.29,8.39,,,5.55,3859888114104,PIĆE
PIVO LP KAJ-EL APA 0.5 L LIM,90809792,LEPI DEČKI,0.50 l,ko,2.35,4.7,,,2.35,3859893292897,PIĆE
GAZ PIĆE MIRINDA ZERO 2 L,90826544,MIRINDA,2.00 l,ko,1.99,1,,,2.05,3830065023846,PIĆE
VISKI SOUTHERN COMFORT 0.7L,03082372,SOUTHERN COM,0.70 l,ko,20.19,28.84,,,20.19,1210000100511,PIĆE
VINO CABERNET  VRH PLANTAŽE 0.75l,90364640,PLANTAŽE,0.75 l,ko,6.65,8.87,,,6.65,3899003001032,PIĆE
VINO GRAŠEVINA 1L ILOČKI PODRUMI,03010028,ILOČKI PODRUMI,1.00 l,ko,6.55,6.55,,,6.55,3859889556460,PIĆE
NEG PIĆE FRUCTAL CLASSIC JABUKA 2L,90698021,FRUCTAL,2.00 l,ko,2.19,1.1,,,2.19,3838945041027,PIĆE
VODA NEGAZIRANA PROLOM 0.5L,90735137,PROLOM VODA,0.50 l,ko,1.35,2.7,,,1.35,8600169600046,PIĆE
PROSERIES ENERGY GEL 40g LEMON-LIME,90344469,POLLEO,0.04 kg,ko,1.99,49.75,,,1.99,3859893008795,PIĆE
SOK MACE ĐUMBIR LIMUNADA 250ml,90642782,MACE,0.25 l,ko,1.89,7.56,,,1.89,8032523372960,PIĆE
COCKTAIL JAMESO & GIN.LIME RTD 0.25l,90485635,JAMESON,0.25 l,ko,2.65,10.6,,,2.49,5011007018931,PIĆE
NEGAZ PIĆE JUICY FRUITS NAR NEK 1.5L,03145074,JUICY FRUITS,1.50 l,ko,1.69,1.13,,,1.69,3858890975123,PIĆE
VINO CABERNET SYRAH CHENET 0.75L,03020243,JP CHENET,0.75 l,ko,6.09,8.12,,,5.85,3263286301323,PIĆE
VODA IZVORSKA STUDENA 0.5L,03180007,STUDENA,0.50 l,ko,0.79,1.58,,,0.79,3856022300188,PIĆE
COCKTAIL T-QUILA SUNRISE 0.33L NB,90599792,A LE COQ,0.33 l,ko,1.65,5,,,1.55,4740098002970,PIĆE
SOK MACE ĐUMBIR JABUKA 250ml,90642792,MACE,0.25 l,ko,1.89,7.56,,,1.89,8032523373042,PIĆE
NEKTAR BRES MAR JAB JUICY 1L,03140143,JUICY,1.00 l,ko,1.99,1.99,,,1.99,3858890970159,PIĆE
GAZ PIĆE COCA COLA 6PACK 0.15 L,90784919,COCA COLA,0.90 l,ko,3.89,4.32,,,3.89,5449000241085,PIĆE
NAPITAK L-CARNITINE 2000 NARAN 0.75L ,90731260,POLLEO,0.75 l,ko,2.05,2.73,,,2.05,3856026806785,PIĆE
GAZ PIĆE FANTA GRAPE 2 L,90886695,FANTA,2.00 l,ko,,1.1,2.19,2.39,2.29,5449000338815,PIĆE
TRAVKA SA 18 VRSTA LJ. BILJA 0.5l NATURA ANTUNOVIC,90404169,NATURA ANTUNOVIC,0.50 l,ko,15.39,30.78,,,15.39,3858890745139,PIĆE
VODA SENSATION EUROPA 1.5L,90286678,SENSATION,1.50 l,ko,1.69,1.13,,,1.69,3858890873443,PIĆE
NEG PIĆE TOCO NARANČA MRKVA 1.5L,90600284,TOCO,1.50 l,ko,1.69,1.13,,,1.69,3858890878790,PIĆE
GIN EMPIRE 37.5% 1L MARASKA,03071259,MARASKA,1.00 l,ko,13.55,13.55,,,13.55,3850158200879,PIĆE
HUGO GRACIOSO 0.75L,90320039,HUGO,0.75 l,ko,3.25,4.33,,,3.25,4002391301106,PIĆE
VINO MALVASIA RUBICONE 1L,90765370,MALVASIA RUBICONE,1.00 l,ko,5.05,5.05,,,5.05,3859893101366,PIĆE
SOK OD BAZGE 250ml,90404028,AGROPOSTA,0.25 l,ko,1.85,7.4,,,1.85,3859892734459,PIĆE
NAPITAK POWERADE GOLDEN MANGO 0.5L,90784928,POWERADE,0.50 l,ko,1.65,3.3,,,1.65,5449000320988,PIĆE
SOK JAB CRVENO VOĆE 100% MINUTE 1L,90775624,MINUTE,1.00 l,ko,,2.49,2.49,2.99,2.99,3838900836132,PIĆE
NAPITAK RED BULL SUGARFREE 0.25L,03161437,RED BULL,0.25 l,ko,1.69,6.76,,,1.19,90162800,PIĆE
LEDENI ČAJ JANA ŠUM VOĆ BRU 1.5L,03164065,JANA,1.50 l,ko,1.69,1.13,,,1.69,3858884601717,PIĆE
PJENUŠAC HUGO BLACK GRACIOSO 0.75l,90486313,HUGO,0.75 l,ko,3.25,4.33,,,3.25,4002391382402,PIĆE
PIVO HEINEKEN 0.33L LIM,03040407,HEINEKEN,0.33 l,ko,1.35,4.09,,,1.35,3850103902391,PIĆE
SURPRISE SOK JAGODE 0.30 L + IZNENAĐENJE,03140772,SURPRISE,0.30 l,ko,1.49,4.97,,,1.39,8594023923214,PIĆE
LIKER PELINKOVAC ANTIQUE 0.7L+2 čaše,90405543,BADEL 1862,0.70 l,ko,20.05,28.64,,,20.05,3850112111258,PIĆE
CIDER STARI LISAC 0.5 L LIM,90403541,STARI LISAC,0.50 l,ko,1.59,3.18,,,1.55,3850103902117,PIĆE
LIKER JAGERMEISTER 0.70L + PLJOSKA,90382547,JAGERMEISTER,0.70 l,ko,14.99,21.41,,,10,3859890211525,PIĆE
GAZ PIĆE PEPSI BEZ ŠEĆERA 0.33 l LIM,90290779,PEPSI,0.33 l,ko,0.99,3,,,0.99,3830065020388,PIĆE
VINO OD JAGODE 0.5L BOBO,90403985,BOBO,0.50 l,ko,6.99,13.98,,,6.99,3859893313318,PIĆE
GAZ PIĆE LIMUNADA JAMNICA 0.5 l PET,90884970,JAMNICA,0.50 l,ko,1.35,2.7,,,1.35,3856028502135,PIĆE
PIVO GRIF NEW ENGLAND PALE ALE 0.5L,90393508,GRIF,0.50 l,ko,2.45,4.9,,,2.45,3859893353147,PIĆE
VODKA KALINSKA  0.70L,90306661,KALINSKA,0.70 l,ko,8.39,11.99,,,8.39,5021692800704,PIĆE
MEDICA 0.75L HARMUND,90404172,HARMUND,0.75 l,ko,20.99,27.99,,,20.99,3859893459054,PIĆE
VINO CHARDONNAY 0.75L VINA BELJE,90311388,BELJE,0.75 l,ko,6.99,9.32,,,6.99,3850257019198,PIĆE
SOK FRUTEK JABUKA 0.125L,03140467,FRUTEK,0.13 l,ko,,6.32,0.79,0.79,0.99,3838945502733,PIĆE
NEKTAR NARANČA 1L,90300927,VINDI,1.00 l,ko,1.59,1.59,,,1.59,3850108071351,PIĆE
PIVO PAULANER WEISSBIER 4PACK 0.5 L,90809784,PAULANER,2.00 l,ko,4,2,,,3,4066600392811,PIĆE
RAKIJA TRAVARICA 0.1L BADEL,03061178,BADEL 1862,0.10 l,ko,1.65,16.5,,,1.65,3850112122230,PIĆE
LIKER PALLINI LIMONCELLO 0.5 L,90920120,PALLINI,0.50 l,ko,13.99,27.98,,,13.99,8005713352646,PIĆE
PIVO HEINEKEN LIMENKA 4PACK 0.5L,90599933,HEINEKEN,2.00 l,ko,6.49,3.25,,,6.15,3830001714715,PIĆE
SOK NARANČA 100% MINUTE 1L,90405741,MINUTE,1.00 l,ko,,2.79,2.79,3.39,3.39,3838900949092,PIĆE
GAZ PIĆE PEPSI COLA 2X1.5 L,90919692,PEPSI,3.00 l,ko,2.69,0.9,,,2.99,8606003341861,PIĆE
NEG PIĆE MAS+ ORANGE 0.5 L,90920463,MAS+,0.50 l,ko,0.7,1.4,,,3.99,5391537514241,PIĆE
NEG PIĆE MAS+ BERRY COPA CRUSH 0.5 L,90920465,MAS+,0.50 l,ko,0.7,1.4,,,3.99,5391537514234,PIĆE
NEG PIĆE MAS+ LIMON LIME 0.5 L,90920467,MAS+,0.50 l,ko,0.7,1.4,,,3.99,5391537514210,PIĆE
SOK FRUVITA JABUKA KRUŠKA 0.8 L,90909935,FRUVITA,0.80 l,ko,2.39,2.99,,,2.39,8606030051863,PIĆE
SOK FRUVITA JABUKA MARELICA 0.8 L,90909937,FRUVITA,0.80 l,ko,2.39,2.99,,,2.39,8606030051856,PIĆE
SOK FRUVITA JABUKA VIŠNJA 0.8 L,90909939,FRUVITA,0.80 l,ko,2.39,2.99,,,2.39,8606030051870,PIĆE
SOK FRUVITA JABUKA ĐUMBIR 0.8 L,90909941,FRUVITA,0.80 l,ko,2.59,3.24,,,2.59,8606030051894,PIĆE
VODA RADENSKA 4PACK 1.5 L pet,90909922,RADENSKA,6.00 l,ko,2.99,0.5,,,2.99,3830065021231,PIĆE
DEO LACTOVIT Ž LACTOUREA 200 ml DUO,90991524,LACTOVIT,0.40 l,ko,4.79,11.98,,,4.79,3857500118073,KOZMETIKA
GEL TUŠ PALM  PURE ARC M 750 ml PUMP,90991298,PALMOLIVE,0.75 l,ko,3.99,5.32,,,3.99,8693495030243,KOZMETIKA
BOJA CREME SUPREME KAR TAM PL 6-68,90976543,CREME SUPREME,1.00 ko,ko,10.99,10.99,,,10.99,9000101746525,KOZMETIKA
GEL TUŠ PALM SPORT M 750 ml PUMP,90991304,PALMOLIVE,0.75 l,ko,3.99,5.32,,,3.99,8693495048712,KOZMETIKA
ZP SIGNAL WHITE NOW 3IN1 75 ml,90979997,SIGNAL,0.08 l,ko,4.99,66.53,,,4.99,8720181698088,KOZMETIKA
SET AXE AFRICA DEO+SG,90970215,UNILEVER,1.00 ko,ko,9.99,9.99,,,9.99,8721201971105,KOZMETIKA
SET REXONA BRIGHT BOUQET DEO+SG,90970239,UNILEVER,1.00 ko,ko,8.99,8.99,,,8.99,8721201971594,KOZMETIKA
SET OS SPORTFAN WW STICK+SG,90954933,OLD SPICE,1.00 ko,ko,7.9,7.9,,,7.9,8006530006989,KOZMETIKA
SET GILL TORBA M3 4UP+200 ml,90954846,GILLETTE,1.00 ko,ko,25.99,25.99,,,25.99,8006530032575,KOZMETIKA
SET GILL UCL FUS 4UP+GEL200 ml,90954847,GILLETTE,1.00 ko,ko,29.99,29.99,,,29.99,8700216998017,KOZMETIKA
SET DJEČJI SUPERMAN EDT+BM+SB,90965057,CORINE DE FARME,1.00 ko,ko,18.49,18.49,,,18.49,3468080966031,KOZMETIKA
SET NIVEA GLOW ESSENTIALS TORBICA,90969807,NIVEA,1.00 ko,ko,19.49,19.49,,,19.49,9005800393919,KOZMETIKA
SET ZIAJA MEN ,90965315,ZIAJA,1.00 ko,ko,8.99,8.99,,,8.99,5901887031437,KOZMETIKA
SET MELEM WINTER ROZI,90970298,MELEM,1.00 ko,ko,10.49,10.49,,,10.49,3856007912320,KOZMETIKA
BOJA CREME SUPREME TAM PLAVA 6-16,90969717,CREME SUPREME,1.00 ko,ko,10.99,10.99,,,10.99,9000101745801,KOZMETIKA
SET NIVEA MEN DEEP CARE SG+KREMA,90969809,NIVEA,1.00 ko,ko,8.49,8.49,,,8.49,9005800394312,KOZMETIKA
SET NIVEA MEN SENSITIVE TORBA 2025,90969813,NIVEA,1.00 ko,ko,21.19,21.19,,,21.19,9005800393957,KOZMETIKA
SET PLAVI BUDI MELEM,90970293,MELEM,1.00 ko,ko,9.29,9.29,,,9.29,3856007913310,KOZMETIKA
SET MELEM MIRACLE ALMOND BIJELI,90970295,MELEM,1.00 ko,ko,10.49,10.49,,,10.49,3856007913266,KOZMETIKA
GEL TUŠ ZIAJA NAR BRUS 500ML+500 ml,90930024,ZIAJA,1.00 l,ko,4.79,4.79,,,4.79,5901887045915,KOZMETIKA
ŠAM KUP+VL M SOFT 51/1 2U1 VIOLETA,90970547,VIOLETA,1.00 ko,ko,4.49,4.49,,,4.49,3870128042285,KOZMETIKA
SET AXE BLACK DEO+SG,90970193,UNILEVER,1.00 ko,ko,9.99,9.99,,,9.99,8721201971082,KOZMETIKA
SET OS CAPTAIN TORBA DEO+STICK+SG,90954922,OLD SPICE,1.00 ko,ko,19.99,19.99,,,19.99,8006530005968,KOZMETIKA
SET OS GAMER WOLFTHORN STICK+SG,90954926,OLD SPICE,1.00 ko,ko,7.9,7.9,,,7.9,8006530006941,KOZMETIKA
GEL TUŠ ZIAJA KOZ BRUS 500 ml+500 ml,90930029,ZIAJA,1.00 ko,ko,4.79,4.79,,,4.79,5901887045908,KOZMETIKA
KREMA RUKE BIOBAZA BEES&OATS 50 ml,90975333,BIOBAZA,0.05 l,ko,2.99,59.8,,,2.99,3856020917395,KOZMETIKA
BRIJAČ WILKIN HYDRO 3 + 1 BRITVICA,90975353,WILKINSON,1.00 ko,ko,7.49,7.49,,,7.49,4027800373307,KOZMETIKA
SET NIVEA M FEEL SOOTHED SG+KREMA,90965084,NIVEA,1.00 ko,ko,8.49,8.49,,,8.49,9005800393186,KOZMETIKA
KREMA RUKE BIOBAZA BEES&DONKEY 50 ml,90975324,BIOBAZA,0.05 l,ko,2.99,59.8,,,2.99,3856020917432,KOZMETIKA
GEL TUŠ LACT LACTOUR XXL 720 ml,90894839,LACTOVIT,0.72 l,ko,3.99,5.54,,,3.99,8411135010062,KOZMETIKA
ŠAMP PANTENE 400ml+MASK INT R 300ml,90904798,PANTENE,0.30 l,ko,7.95,26.5,,,7.95,8700216883412,KOZMETIKA
GEL TUŠ NIVEA MEN TOTAL RELAX 500 ml,90975522,NIVEA,0.50 l,ko,6.5,13,,,6.5,9005800376783,KOZMETIKA
GEL TUŠ NIVEA CREME SOFT REF 500 ml,90975529,NIVEA,0.50 l,ko,5.7,11.4,,,5.7,4006000184067,KOZMETIKA
SET NIVEA MEN FRESH START SG+DEO,90965089,NIVEA,1.00 ko,ko,9.99,9.99,,,9.99,9005800393339,KOZMETIKA
ZP VADEMECUM 2IN1 MINT FRESH 75 ml,90975632,VADEMECUM,0.08 l,ko,2.99,39.87,,,2.99,4068883000421,KOZMETIKA
SET AXE BLACK DEO+SG+STICK+TORB,90970198,UNILEVER,1.00 ko,ko,20.49,20.49,,,20.49,8721201969409,KOZMETIKA
ČETKICA CURAPROX KIDS,90669839,CURAPROX,1.00 ko,ko,5.99,5.99,,,5.99,7612412427967,KOZMETIKA
KREMA ZA RUKE ATRIX ALOE V 100ML,06590267,ATRIX,0.10 l,ko,3.59,35.9,,,3.59,9005800374840,KOZMETIKA
SAPUN DALAN FRUIT GARDEN 100g,90425461,DALAN,0.10 kg,ko,0.49,4.9,,,0.49,8690529507658,KOZMETIKA
GEL TUŠ J&J ADULT BRESKVA JOG 750 ml,90765128,J&J,0.75 l,ko,7.49,9.96,,,6.99,3574661387239,KOZMETIKA
GEL TUŠ FELCE AZZURRA ARGAN 400ml,90341598,FELCE AZZURA,0.40 l,ko,2.85,7.13,,,2.85,8001280403033,KOZMETIKA
BOJA PALETTE DELUXE 760,90060058,PALETTE DELU,1.00 ko,ko,,4.79,4.79,4.79,4.79,3838824256603,KOZMETIKA
ŠAMPON SYOSS SUHO PRANJE MASNA 200ML,06524356,SYOSS,0.20 l,ko,,22.45,4.49,6.49,4.49,9000100695800,KOZMETIKA
BRIJAČ M BIC FLEX 3 3+1,90725082,BIC,4.00 ko,ko,5.09,1.27,,,5.09,3086123399389,KOZMETIKA
MAST ZORINA 50g,90533158,ZORINA MAST,0.05 l,ko,8.19,163.8,,,8.19,3857500100313,KOZMETIKA
DEO AXE BLACK XXL 250ml,90477885,AXE,0.25 l,ko,6.99,27.96,,,6.49,8720181047725,KOZMETIKA
KREMA SOLEA 150ML       0741,06593401,SOLEA,0.15 l,ko,3.89,25.93,,,3.89,7613107420034,KOZMETIKA
STICK OLDSP WOLF 50ml,90057481,OLD SPICE,0.05 l,ko,4.99,99.8,,,4.99,8700216162173,KOZMETIKA
BRIJAČ JEDNOK GILL BL3 12/1,90739679,GILLETTE,12.00 ko,ko,13.99,1.17,,,13.99,8700216148092,KOZMETIKA
ZP COLGATE  MAX FRESH BLUE 100ml,90380329,COLGATE,0.10 l,ko,3.39,33.9,,,3.39,8718951313576,KOZMETIKA
ŠAMPON SCHAUMA Q10 400ml,06520940,SCHAUMA,0.40 l,ko,,7.48,2.99,4.19,4.19,3838824193106,KOZMETIKA
BRIJAČ M JEDN WILK XTR SENS 4/1,90140971,WILKINSON,4.00 ko,ko,,0.86,3.45,3.45,5.49,4027800710409,KOZMETIKA
ČETKICA AQUA CL&FL 2/1 SR TVRDA,06530305,AQUAFRESH,1.00 ko,ko,3.49,3.49,,,2.59,5054563931870,KOZMETIKA
DEO AXE ICE CHILL 150ml,90354913,AXE,0.15 l,ko,4.99,33.27,,,4.55,8710447497357,KOZMETIKA
BOJA COLOR NAT 5 CHAT CL 5623,06542045,GARNIER COL NATURALS,1.00 ko,ko,,3.49,3.49,4.99,4.99,3600540335623,KOZMETIKA
GEL TUŠ AXE BLACK 250 ml,90154711,AXE,0.25 l,ko,2.99,11.96,,,2.99,8710447276600,KOZMETIKA
ŠAMPON H&S 2IN1 MENTHOL 250 ml,90771167,HEAD&SHOULDE,0.25 l,ko,4.75,19,,,5.29,8700216304658,KOZMETIKA
BRIJAČ GILL MACH3+5PATRONA,90478652,GILLETTE,1.00 ko,ko,,16.29,16.29,21.75,17.39,7702018610181,KOZMETIKA
ZP SIGNAL CAVITY PROTECTION 125ml,90157235,SIGNAL,0.13 l,ko,2.99,23.92,,,2.99,5900300132515,KOZMETIKA
ŠAMPON GLISS SPLIT MIRACL 400ml,90484081,GLISS,0.40 l,ko,,11.23,4.49,7.09,7.09,9000101287431,KOZMETIKA
GEL TUŠ NIVEA CARE 250ml,06520808,NIVEA,0.25 l,ko,2.99,11.96,,,2.99,9005800222936,KOZMETIKA
BOJA OLIA 6.66 CARMIN ECLATANT,90850112,GARNIER OLIA,1.00 ko,ko,7.59,7.59,,,7.59,3600542601917,KOZMETIKA
BRIJAČ Ž FW GILL VENUS BREEZE,06560936,VENUS,1.00 ko,ko,,9.09,9.09,12.09,9.59,7702018886166,KOZMETIKA
BRIJAČ JEDNOK Ž GILL SIM VEN3 3/1,06562118,VENUS,3.00 ko,ko,4.89,1.63,,,4.89,7702018018116,KOZMETIKA
KREMA VASELINE ORIG 50ml,90423262,VASELINE,0.05 l,ko,2.65,53,,,2.65,42182627,KOZMETIKA
DEO OLD SPICE WHITEWATER 150ml,90360003,OLD SPICE,0.15 l,ko,4.99,33.27,,,4.99,4084500479821,KOZMETIKA
BOJA COLOR NAT 6 BLOND FONCE 5791,06540658,GARNIER COL NATURALS,1.00 ko,ko,,3.49,3.49,4.99,4.99,3600540335630,KOZMETIKA
BOJA PALETTE ICC G3 TARTUFI,06540643,PALETTE ICC,1.00 ko,ko,5.49,5.49,,,3.49,3838824184180,KOZMETIKA
REGEN HERBAL ESSENCES ARGAN 250 ml,90771270,HERBAL ESSENCES,0.25 l,ko,6.19,24.76,,,6.19,8700216211161,KOZMETIKA
ZP ORAL B G&E GENT WHI 2X75ml,90424349,ORAL B,0.15 l,ko,7.39,49.27,,,7.39,8700216541084,KOZMETIKA
SAPUN TEK PALM OLIVE REF 500ml,90070698,PALMOLIVE,0.50 l,ko,3.39,6.78,,,3.19,8003520039545,KOZMETIKA
STICK OLD SPICE CAPTAIN 50ml,90362366,OLD SPICE,0.05 l,ko,4.99,99.8,,,4.99,8700216203982,KOZMETIKA
ČETKICA COLGATE TWISTER 4/1,90669242,COLGATE,4.00 ko,ko,5.59,1.4,,,5.59,8718951500488,KOZMETIKA
ZP AQUA DJ KIDS LITTLE TEETH  50ML 2049,06530300,AQUAFRESH,0.05 l,ko,2.89,57.8,,,2.69,5054563204363,KOZMETIKA
KREMA ZA RUKE OLIVAL LAVANDA 75ML,90082940,OLIVAL,0.08 l,ko,2.75,36.67,,,2.39,3859892751197,KOZMETIKA
BOJA PALETTE ICC RI5    0501,06540397,PALETTE ICC,1.00 ko,ko,5.49,5.49,,,3.49,3838824159898,KOZMETIKA
SAPUN TEK GENERA NEUTRO 1L PUMP,06511272,GENERA,1.00 l,ko,2.95,2.95,,,2.79,8003693400463,KOZMETIKA
ŠAMPON PR OP KOSE 400ml SUBRINA,90114708,SUBRINA,0.40 l,ko,5.49,13.73,,,5.19,3838980522130,KOZMETIKA
KREMA NIVEA 150ML       1046,06590239,NIVEA,0.15 l,ko,,21.67,3.25,4.99,4.99,4005808157983,KOZMETIKA
BOJA SYOSS 10-55 ULTRA PLATINASTA PLAVA,90310695,SYOSS,1.00 ko,ko,6.99,6.99,,,5.59,9000101210453,KOZMETIKA
BOJA SYOSS OLEO 6-76 TOPLA BAKRENA,90059994,SYOSS OLEO,1.00 ko,ko,7.99,7.99,,,7.99,9000100814553,KOZMETIKA
ROLL ON DOVE 50ml 6444,06550242,DOVE,0.05 l,ko,5.35,107,,,5.35,59095859,KOZMETIKA
STICK DOVE Ž PEAR ALOE 50 ml,90885183,DOVE,0.05 l,ko,5.35,107,,,5.35,59099628,KOZMETIKA
ZP PARODONT EXTRA FRESH 75ML,90070638,PARODONTAX,0.08 l,ko,5.95,79.33,,,5.55,5054563215208,KOZMETIKA
KREMA RUKE OLEA MEDIT LAVANDA 75ml,90735108,OLEA,0.08 l,ko,1.35,18,,,1.35,3850334100061,KOZMETIKA
ŠAMPON OLIVAL PISKAVICA 250ml,90730460,OLIVAL,0.25 l,ko,6.89,27.56,,,6.39,3858892694565,KOZMETIKA
SAPUN TEK K PLUS OLEA ALOE/JOG 500ml,06514017,OLEA,0.50 l,ko,,1.98,0.99,1.45,1.45,3850334567543,KOZMETIKA
ZP BIOREPAIR PERIBIOMA 75ml,90572439,BIOREPAIR,0.08 l,ko,,39.87,2.99,4.65,4.65,8017331097182,KOZMETIKA
KREMA EVEL PUŽEVA SLINA 50ml,90380337,EVELINE,0.05 l,ko,3.95,79,,,3.95,5901761981636,KOZMETIKA
ŠAMPON SCHAUMA ROSE OIL 2U1 400ml,90598553,SCHAUMA,0.40 l,ko,,7.48,2.99,4.19,4.19,9000101656695,KOZMETIKA
GEL ELINA MED KONJSKI 500ml,90703990,ELINA MED,0.50 l,ko,5.99,11.98,,,5.99,4326470160614,KOZMETIKA
ZP ELMEX SENS PROF 75ml,90363716,ELMEX,0.08 l,ko,6.29,83.87,,,5.99,8718951025998,KOZMETIKA
ODSTRANJIVAČ ŠMINKE NIVEA 125ml,90082572,NIVEA,0.13 l,ko,,35.12,4.39,6.79,6.79,4005900099174,KOZMETIKA
BLANC ZA IZBJELJ KOSE AFRODITA,06546833,AFRODITA,0.25 l,ko,5.99,23.96,,,5.69,3830001293579,KOZMETIKA
KREMA ZA RUKE EVELINE KOZJE MLIJEKO 100ML,90045024,EVELINE,0.10 l,ko,1.69,16.9,,,1.69,5907609338464,KOZMETIKA
ŠAMPON GLISS ULTIM REPAIR 250ML,06526236,GLISS,0.25 l,ko,4.79,19.16,,,2.99,9000100801416,KOZMETIKA
BRIJAČ GILLETTE MACH3 CHARC+6 PATR,90805007,GILLETTE,1.00 ko,ko,,19.49,19.49,25.99,25.99,8700216399807,KOZMETIKA
GEL TUŠ L'ANGELICA ŽITARICE 500ml,90478101,L ANGELICA,0.50 l,ko,3.25,6.5,,,3.25,8017331077108,KOZMETIKA
KREMA ZA RUKE NIVEA INTENSIVE 100ML,90280249,NIVEA,0.10 l,ko,,29.9,2.99,4.39,4.39,9005800398860,KOZMETIKA
KREMA LICE EVEL C SENS 50+ 50ml,90598785,EVELINE,0.05 l,ko,5.95,119,,,5.95,5903416026006,KOZMETIKA
ZP SIGNAL KIDS 0-6 GOD 75 ml,90850095,SIGNAL,0.08 l,ko,3.49,46.53,,,3.49,8720181501838,KOZMETIKA
LOSION AXE AS 100ML AFR 5938,06560098,AXE,0.10 l,ko,8.99,89.9,,,8.99,8720181343445,KOZMETIKA
ŠAMPON GLISS OIL NUTRITIVE 400ml,90401751,GLISS,0.40 l,ko,,11.23,4.49,7.09,7.09,9000100549837,KOZMETIKA
ŠAMPON ELSEVE TOT REPAI 400ml,06521074,LOREAL ELSEVE,0.40 l,ko,5.99,14.98,,,5.99,3600521929421,KOZMETIKA
REGEN HERBAL ESSENCES ROSE 250 ml,90771268,HERBAL ESSENCES,0.25 l,ko,6.19,24.76,,,6.19,8700216211024,KOZMETIKA
ROLL ON NIVEA BLA&WHI CLEAR 50ml,06551144,NIVEA,0.05 l,ko,5.59,111.8,,,4.19,42241898,KOZMETIKA
SAPUN TEK L'ANGELICA LAVANDA 1 L,90775206,L ANGELICA,1.00 l,ko,,2.49,2.49,3.55,3.55,8017331098936,KOZMETIKA
LAK TAFT ULTRA STRONG 250ml,06540610,TAFT,0.25 l,ko,,15.96,3.99,4.99,4.99,4012800706002,KOZMETIKA
KREMA LICE GARNIER VIT C 50ml,90598199,GARNIER,1.00 ko,ko,8.49,8.49,,,8.49,3600542471039,KOZMETIKA
MLIJEKO OLIVAL KIDS SPF50 200 ml,90785077,OLIVAL,0.20 l,ko,15.99,79.95,,,15.99,3858892695081,KOZMETIKA
BOJA COLOR NAT 6.34 BL FO DO 5906,06542064,GARNIER COL NATURALS,1.00 ko,ko,,3.49,3.49,4.99,4.99,3600540335906,KOZMETIKA
ŠAMP GLISS LIQUID SILK 400 ml,90885508,GLISS,0.40 l,ko,,11.23,4.49,6.49,6.49,9000100549592,KOZMETIKA
PATRONE GILLETTE MACH3 12/1,90699350,GILLETTE,12.00 ko,ko,34.99,2.92,,,34.99,8006530028875,KOZMETIKA
BOJA PALETTE PNC 400 50+2X25ml,06543334,PALETTE PNC,0.10 l,ko,4.49,44.9,,,4.49,3838824171289,KOZMETIKA
TEKUĆI SAPUN GREEN VITAL 1l,90362605,AFRODITA,1.00 l,ko,5.99,5.99,,,5.69,3830001292145,KOZMETIKA
KREMA BAD ZA UČVRŠ EXTR 6927,06530915,BLEND-A-DENT,1.00 ko,ko,5.35,5.35,,,5.35,8001841900612,KOZMETIKA
ŠAMPON PANTENE AQUALIGHT 400ML,90044320,PANTENE,0.40 l,ko,5.99,14.98,,,5.99,5410076561223,KOZMETIKA
GEL OLIVAL MAGNEZIJ 250ml,90484191,OLIVAL,0.25 l,ko,4.89,19.56,,,4.89,3858892692295,KOZMETIKA
ŠAMPON BOTANIC THERAPY HONEY 400ml,90310863,BOTANIC THERAPY,0.40 l,ko,4.59,11.48,,,4.59,3600542114240,KOZMETIKA
LOSION NIV SUN F20 200ML,06592244,NIVEA,0.20 l,ko,15.59,77.95,,,15.59,4005808407507,KOZMETIKA
LAK TAFT ULTIMATE 250ml,90155230,TAFT,0.25 l,ko,,15.96,3.99,4.99,4.99,9000100923071,KOZMETIKA
GEL GELCAP GENERA LIGHT 300ML,06543512,GENERA,0.30 l,ko,2.35,7.83,,,2.19,8003693402450,KOZMETIKA
SPIDERMAN GEL 400 ML ,90674629,AIR VAL,0.40 l,ko,4.95,12.38,,,4.95,8411114090382,KOZMETIKA
DEO NIVEA M B&W ULTIM IMP 150ml,90407674,NIVEA,0.15 l,ko,5.29,35.27,,,5.29,9005800329604,KOZMETIKA
LOSION TIJ NIVEA FIRM Q10 400ML,06555178,NIVEA,0.40 l,ko,12.39,30.98,,,12.39,9005800388465,KOZMETIKA
ŠAMPON PANTENE MIRAC HYDRAT 250 ml,90771254,PANTENE,0.25 l,ko,5.99,23.96,,,5.99,8700216323512,KOZMETIKA
ROLL ON BOROTALCO M AMBER 50ml,90703896,BOROTALCO,0.05 l,ko,,59.8,2.99,4.69,3.99,80886754,KOZMETIKA
LOSION NIV SUN HIDRAT POS SUN 200ml,06592247,NIVEA,0.20 l,ko,10.89,54.45,,,10.89,4005808478941,KOZMETIKA
ČETKICA ELMEX EXPERT PR CARIES MED,90850515,ELMEX,1.00 ko,ko,5.45,5.45,,,5.19,8718951667037,KOZMETIKA
SUHI ŠAMPON SCHAUMA  CLEAN 150ml,90341530,SCHAUMA,0.15 l,ko,,19.93,2.99,4.19,2.99,9000101213980,KOZMETIKA
STICK DOVE Ž ORIG 50 ml,90885163,DOVE,0.05 l,ko,5.35,107,,,5.35,59099611,KOZMETIKA
GEL TUŠ L'ANGELICA KOKOS 500ml,90341640,L ANGELICA,0.50 l,ko,3.25,6.5,,,3.25,8017331081778,KOZMETIKA
MLIJEKO L'ANGELICA SPF50+ 200 ml SPREJ,90784777,L ANGELICA,0.20 l,ko,17.99,89.95,,,17.99,8017331098073,KOZMETIKA
BALZAM NIVEA COOL SENS 100ML,90156865,NIVEA,0.10 l,ko,,79.9,7.99,11.89,11.89,5900017102603,KOZMETIKA
ŠAMPON SCHAUMA MULTI SHINE 400ml,06525353,SCHAUMA,0.40 l,ko,,7.48,2.99,4.19,4.19,3838824086736,KOZMETIKA
KREMA ZA LICE CERA DI CUPRA ROSA 100ml,90341627,CERA DI CUPR,0.10 l,ko,5.29,52.9,,,5.29,8002140151408,KOZMETIKA
KREMA MELEM GLOSSY CANDY GLAZ 10 ml,90850551,MELEM,0.01 l,ko,5.89,589,,,5.89,3856007911910,KOZMETIKA
ZP BIOREPAIR TOT PROTECTIVE 75ML,90652718,BIOREPAIR,0.08 l,ko,,39.86,2.99,4.35,4.35,8017331073735,KOZMETIKA
DEO AXE BLACK 150ML,90154697,AXE,0.15 l,ko,4.99,33.27,,,4.55,8712561614122,KOZMETIKA
GLAVA ZAMJ ORAL B ZA EL ČETK CROSS BL 4 KOM,90453725,ORAL B,4.00 ko,ko,21.25,5.31,,,21.25,8006540847671,KOZMETIKA
ZUBNA PASTA KALODONT HERB 125ML,90111992,KALODONT,0.13 l,ko,2.49,19.92,,,2.49,3850105145611,KOZMETIKA
SRED SANYTOL VIŠENAMJ ČIŠĆ I DEZ 500ml,90243627,SANYTOL,0.50 l,ko,,4.78,2.39,3.65,3.45,3045200700005,SREDSTVA ZA ČIŠĆENJE
DET PERWOLL BLACK 1L=20PR,90745011,PERWOLL,1.00 l,ko,4,4,,,9.99,9000101810141,SREDSTVA ZA ČIŠĆENJE
DET ARIEL COLOR 22TAB,90886405,ARIEL,22.00 ko,ko,,0.48,10.49,16.49,16.49,8700216765336,SREDSTVA ZA ČIŠĆENJE
DET NILA MY HAPPY COLORS 2.7L,90404629,NILA,2.70 l,ko,9.29,3.44,,,9.29,3850105169662,SREDSTVA ZA ČIŠĆENJE
DET PERWOLL COLOR 3L=60PR,90745019,PERWOLL,3.00 l,ko,16.49,5.5,,,11.49,9000101808568,SREDSTVA ZA ČIŠĆENJE
DET ARIEL COLOR 2.15L=43PR,90705894,ARIEL,2.15 l,ko,10,4.65,,,10,8006540869642,SREDSTVA ZA ČIŠĆENJE
DET PERWOLL COLOR 1L=20PR,90745016,PERWOLL,1.00 l,ko,4,4,,,9.99,9000101810080,SREDSTVA ZA ČIŠĆENJE
SWIFFER DUSTER KOMPL ČIST+4 NAST,90569112,SWIFFER,1.00 ko,ko,6.19,6.19,,,6.19,8006540307960,SREDSTVA ZA ČIŠĆENJE
GEL K PLUS DAX PODOVI LIMUN 1L,08030883,DAX,1.00 l,ko,1.59,1.59,,,1.59,3850334414588,SREDSTVA ZA ČIŠĆENJE
CILLIT L&R ODSTR KAM HRĐA 700ml,90706024,CILLIT,0.70 l,ko,5,7.14,,,6.49,5999109510945,SREDSTVA ZA ČIŠĆENJE
SHOUT SPREJ ZA MRLJE 500ml,90699404,BIO SHOUT,0.50 l,ko,5.19,10.38,,,5.19,5000204350814,SREDSTVA ZA ČIŠĆENJE
DET MERI MERINO COLOUR 900ml,90568142,MERI MERINO,0.90 l,ko,4.09,4.54,,,3.39,3850111105760,SREDSTVA ZA ČIŠĆENJE
FINISH AIO ULTIMATE PLUS REG 54 TAB,90705981,FINISH ADW,54.00 ko,ko,24.49,0.45,,,24.49,5999109582454,SREDSTVA ZA ČIŠĆENJE
OM SILAN MAGNOLIA 1.1L,90744918,SILAN,1.10 l,ko,,2.72,2.99,5.65,2.79,9000101584608,SREDSTVA ZA ČIŠĆENJE
SOL SOMAT 1.5kg         7293,08010060,SOMAT,1.50 kg,ko,3.29,2.19,,,2.29,9000100147293,SREDSTVA ZA ČIŠĆENJE
CIF LEMON 500ML UN SRED 0753,08034496,CIF,0.50 l,ko,2.49,4.98,,,2.49,8712561552776,SREDSTVA ZA ČIŠĆENJE
DET PUR LEMON 750ml,90401865,PUR,0.75 l,ko,3.49,4.65,,,1.79,9000101386356,SREDSTVA ZA ČIŠĆENJE
DET ARIEL COLOR 70TAB,90919674,ARIEL,70.03 ko,ko,19.99,0.29,,,22.99,8700216764186,SREDSTVA ZA ČIŠĆENJE
OSVJ ARW AF REF JASMIN 228ml,90705988,AIRWICK,0.23 l,ko,10.29,45.13,,,10.29,5999109543301,SREDSTVA ZA ČIŠĆENJE
VIOLETA NEUTRALIZ MIRISA PRE POO 50ml,90568265,VIOLETA,0.05 l,ko,1.99,39.8,,,1.99,3870128026612,SREDSTVA ZA ČIŠĆENJE
ARW MIRISNI ŠTAPIĆI SUMMER 30 ml,90785281,AIRWICK,0.03 l,ko,6.49,216.33,,,6.49,5011417554630,SREDSTVA ZA ČIŠĆENJE
GLADE ULJNI DIFUZOR ZEN 80ml,90603197,GLADE,1.00 ko,ko,10.79,10.79,,,10.49,5000204227499,SREDSTVA ZA ČIŠĆENJE
WC BREF POWER AKTIV LEMON 50g,08091137,BREF,0.05 kg,ko,2.99,59.8,,,2.99,9000100625104,SREDSTVA ZA ČIŠĆENJE
OSVJ ARW EL REF JASMIN&FRESSIA 19ml,90785240,AIRWICK,0.02 l,ko,4,210.53,,,5.49,5999109544100,SREDSTVA ZA ČIŠĆENJE
WC OSVJ DOMESTOS MAGNOLIA 3X50 g,90826087,DOMESTOS,0.15 kg,ko,6.45,43,,,6.45,8720182903877,SREDSTVA ZA ČIŠĆENJE
OSVJ GLADE EL REF NARANČA 20ml,90603187,GLADE,1.00 ko,ko,7.29,7.29,,,6.99,5000204334487,SREDSTVA ZA ČIŠĆENJE
WC BREF DE LUXE MAGNOLIA 3X50g,90375251,BREF,0.15 kg,ko,7.99,53.27,,,7.99,9000101375145,SREDSTVA ZA ČIŠĆENJE
WC BREF PA LAVANDER 2X50g,90785378,BREF,0.10 kg,ko,5.49,54.9,,,2.79,9000100956123,SREDSTVA ZA ČIŠĆENJE
OSVJ AMBI PUR LENOR LAV KUPAONICA,90404915,AMBI PUR,1.00 ko,ko,5.69,5.69,,,5.69,8700216014755,SREDSTVA ZA ČIŠĆENJE
WC BREF POWER AKTIV FLOWER 4X50g,90332246,BREF,0.20 kg,ko,4.49,22.45,,,3.99,9000101309041,SREDSTVA ZA ČIŠĆENJE
WC OSVJ DOMESTOS LEMON 2X50 g,90826126,DOMESTOS,0.10 kg,ko,5.45,54.5,,,5.45,8720182903174,SREDSTVA ZA ČIŠĆENJE
OSVJ GLADE 180g GEL OCEAN ADVENTURE,90569513,GLADE,0.18 kg,ko,4.39,24.39,,,4.19,5000204184839,SREDSTVA ZA ČIŠĆENJE
OSVJ AMBI PUR EL APARAT 3V SP APPLE+REF20ml,90732897,AMBI PUR,1.00 ko,ko,1,1,,,6,,SREDSTVA ZA ČIŠĆENJE
OSVJ AMBI PUR EL 3VOL SUPLU 2X20 ml,90830318,AMBI PUR,0.04 l,ko,1,25,,,6,8700216563888,SREDSTVA ZA ČIŠĆENJE
WC BREF WELLNESS HARMONY 2X50g,90785379,BREF,0.10 kg,ko,6.49,64.9,,,3.24,9000101587722,SREDSTVA ZA ČIŠĆENJE
WC SANITAR HYG RINGS OCEAN 3X40g,90602941,SANITAR,0.12 kg,ko,5.19,43.25,,,5.19,3850111901171,SREDSTVA ZA ČIŠĆENJE
GLADE EL REFILL RELAX AND ZEN 20ml,90404909,GLADE,1.00 ko,ko,5.99,5.99,,,5.79,5000204332537,SREDSTVA ZA ČIŠĆENJE
OSVJ GLADE AUTO MAXI REF RELAX 269ml,90603178,GLADE,0.27 l,ko,7.99,29.7,,,7.69,5000204301694,SREDSTVA ZA ČIŠĆENJE
DUCK FRESH DISCS LIME ZEST 36ml,08091296,DUCK,1.00 ko,ko,4.59,4.59,,,4.59,5000204341508,SREDSTVA ZA ČIŠĆENJE
WC OSVJ DOMESTOS MAGNOLIA 2X50 g,90826136,DOMESTOS,0.10 kg,ko,5.45,54.5,,,5.45,8720182903266,SREDSTVA ZA ČIŠĆENJE
GLADE AUTO MAXI REF AIR 269 ml,90889722,GLADE,0.27 l,ko,7.99,29.7,,,6.39,5000204381764,SREDSTVA ZA ČIŠĆENJE
WC OSVJ DOMESTOS P5 LEMON 50 g,90826074,DOMESTOS,0.05 kg,ko,3.45,69,,,3.45,8720182905024,SREDSTVA ZA ČIŠĆENJE
WC OSVJ DOMESTOS OCEAN 2X50 g,90826132,DOMESTOS,0.10 kg,ko,5.45,54.5,,,5.45,8720182903181,SREDSTVA ZA ČIŠĆENJE
WC SANITAR HYG RINGS FLOWER 40g,90602952,SANITAR,0.04 kg,ko,2.25,56.25,,,2.25,3850111901133,SREDSTVA ZA ČIŠĆENJE
OSVJ GLADE BAG MIKRO REF 0161,08081216,GLADE,1.00 ko,ko,5.59,5.59,,,5.29,5000204650921,SREDSTVA ZA ČIŠĆENJE
OSVJ ARW NIGHT AIR AQUAMARIN 300ml,90487079,AIRWICK,0.30 l,ko,3.69,12.3,,,3.69,5999109541734,SREDSTVA ZA ČIŠĆENJE
OSVJ FRESH DAY VANILLA 260ml,90785476,FRESH DAY,0.26 l,ko,2.99,11.5,,,2.99,3858893727613,SREDSTVA ZA ČIŠĆENJE
OSVJ AMBI PUR FLOWER KUPAONICA 1/1,90428328,AMBI PUR,1.00 ko,ko,5.69,5.69,,,5.69,8700216014878,SREDSTVA ZA ČIŠĆENJE
KRPE VLAŽNE FINO 3+1,90388676,FINO,4.00 ko,ko,3.05,0.76,,,3.05,8606013475440,PROIZVODI ZA KUĆANSTVO
SALV PALOMA BOŽIĆ MIDGES 33X33 20/1,90800095,PALOMA,20.00 ko,ko,1.35,0.07,,,2.29,3838952035637,PROIZVODI ZA KUĆANSTVO
TORBA ZA KUPOVINU KONZUM PLATNENA,90769995,K PLUS,1.00 ko,ko,1.99,1.99,,,1.99,3850334108722,PROIZVODI ZA KUĆANSTVO
KITTY MM PIL 100G ALU,90682881,KITTY,0.10 kg,ko,0.49,4.9,,,0.49,3850334028440,PROIZVODI ZA KUĆANSTVO
POSL KEKS SENDVIĆ PSI 500g HOBBY DOG,90090430,HOBBY,0.50 kg,ko,3.59,7.18,,,3.59,3838964270248,PROIZVODI ZA KUĆANSTVO
SALV PALOMA ELITE BUSH 40x40 2SL 20/1,90498164,PALOMA,20.00 ko,ko,3.95,0.2,,,3.95,3838952028493,PROIZVODI ZA KUĆANSTVO
SALVETE PALOMA BABYBL 33X33 3SL 20/1,90498386,PALOMA,20.00 ko,ko,2.55,0.13,,,2.55,3838952022590,PROIZVODI ZA KUĆANSTVO
FRISKIES SP JUNIOR PIL 2.4kg,90068412,FRISKIES,2.40 kg,ko,8.99,3.75,,,8.99,7613034232205,PROIZVODI ZA KUĆANSTVO
BUDDY MP JANJETINA 405G,90674215,BUDDY,0.41 kg,ko,0.99,2.44,,,0.99,3850334018212,PROIZVODI ZA KUĆANSTVO
METLA UNUTARNJA BEZ DRŠKE DAX,90276273,DAX,1.00 ko,ko,3.18,3.18,,,3.18,3850334599858,PROIZVODI ZA KUĆANSTVO
POSLAST VK ZA PSE JANJET 12G,01640713,VITAKRAFT,0.01 kg,ko,0.75,62.5,,,0.75,4008239181862,PROIZVODI ZA KUĆANSTVO
KITTY MM PILETINA ZEČETINA 405G,90648726,KITTY,0.41 kg,ko,0.89,2.2,,,0.89,3850334011589,PROIZVODI ZA KUĆANSTVO
DAX GUMENE RUKAVICE M 2/1,90725626,DAX,2.00 ko,ko,,0.5,0.99,1.29,1.29,3850334036575,PROIZVODI ZA KUĆANSTVO
DAX RUKAVICE LATEX BEZ PUD M 100/1 ,90725629,DAX,100.00 ko,ko,6.99,0.07,,,7.05,3850334036513,PROIZVODI ZA KUĆANSTVO
FELIX MM UMAK MESO MIX 4X80 g,90864955,FELIX,0.32 kg,ko,,6.22,1.99,2.79,2.79,7613287249593,PROIZVODI ZA KUĆANSTVO
TOMI MP 5 VRSTA MESA 400g,90713047,TOMI,0.40 kg,ko,1.75,4.38,,,1.75,4003024002025,PROIZVODI ZA KUĆANSTVO
WHISKAS MM PD PERAD 4X85G,90678106,WHISKAS,0.34 kg,ko,2.75,8.09,,,2.75,5900951303210,PROIZVODI ZA KUĆANSTVO
FRISKIES SP ACTIVE MESO 2.4KG,90158628,FRISKIES,2.40 kg,ko,8.39,3.5,,,8.39,7613034232229,PROIZVODI ZA KUĆANSTVO
LOPATICA METLICA VILEDA PREMIUM,90824672,VILEDA,1.00 ko,ko,,5.99,5.99,9.99,9.99,4023103172326,PROIZVODI ZA KUĆANSTVO
VREĆICA ZAMR HD 2L 50/1 F&P,05521858,FRESH&PACK,50.00 ko,ko,0.8,0.02,,,0.8,3850334009661,PROIZVODI ZA KUĆANSTVO
FELIX FANT MAČKE MESO 12X85g,90582754,FELIX,1.02 kg,ko,6.79,6.66,,,6.79,7613287495280,PROIZVODI ZA KUĆANSTVO
NADSTOLNJAK DINO 12 m PALOMA,90775784,PALOMA,12.00 m,ko,4.99,0.42,,,4.99,3838952035507,PROIZVODI ZA KUĆANSTVO
RUKAVICE JEDNOKRATNE FINO M 10/1,90570136,FINO,10.00 ko,ko,2.29,0.23,,,2.29,8606013471435,PROIZVODI ZA KUĆANSTVO
WHISKAS MM JUNETINA 4X85G,90678148,WHISKAS,0.34 kg,ko,2.75,8.09,,,2.75,5900951301780,PROIZVODI ZA KUĆANSTVO
ULTRAMAX KANTA S CJEDILOM,05511098,VILEDA,1.00 ko,ko,,13.99,13.99,19.99,19.99,4023103201415,PROIZVODI ZA KUĆANSTVO
METLA SOBNA VILEDA 3-ACTION DRŠKA,90168972,VILEDA,1.00 ko,ko,,13.29,13.29,18.99,18.99,4023103173286,PROIZVODI ZA KUĆANSTVO
FELIX MM JUNIOR PILETINA 85g,90582732,FELIX,0.09 kg,ko,0.79,9.29,,,0.79,7613287490117,PROIZVODI ZA KUĆANSTVO
RUKAVICE VILEDA MULTI LATEX 10/1 M/L,90325485,VILEDA,1.00 ko,ko,,2.99,2.99,4.45,4.45,4023103093089,PROIZVODI ZA KUĆANSTVO
PEDIGREE SP MINI PER/POV/RIŽ 500G,90648124,PEDIGREE,0.50 kg,ko,3.19,6.38,,,3.19,5998749143384,PROIZVODI ZA KUĆANSTVO
SHEBA DELIKATESSE PILETINA 85g,90405324,SHEBA,0.09 kg,ko,0.99,11.65,,,0.99,4770608247409,PROIZVODI ZA KUĆANSTVO
FELIX MM SENSATIONS MESO 4X85g,90582741,FELIX,0.34 kg,ko,,5.85,1.99,2.79,2.79,7613287491749,PROIZVODI ZA KUĆANSTVO
FELIX MM ODABIR MESNIH OKUSA 4X80 g,90771291,FELIX,0.32 kg,ko,,6.22,1.99,2.79,2.79,7613287249579,PROIZVODI ZA KUĆANSTVO
GOURMET GOLD MM RIBA ŠPINAT 85g,01641890,GOURMET,0.09 kg,ko,0.89,10.47,,,0.89,7613036365284,PROIZVODI ZA KUĆANSTVO
DARLING SP MESO POVRĆE 15KG,01640594,DARLING,15.00 kg,ko,,1.6,23.99,39.99,39.99,7613032933821,PROIZVODI ZA KUĆANSTVO
TORBA ZA KUPOVINU KONZUM MALA,90407618,K PLUS,1.00 ko,ko,0.66,0.66,,,0.66,3850334129314,PROIZVODI ZA KUĆANSTVO
WHISKAS MM PERAD 12X85G,90678152,WHISKAS,1.02 kg,ko,7.79,7.64,,,8.69,4008429156052,PROIZVODI ZA KUĆANSTVO
ONE SM STERIL GOVEDINA 450G,90677811,ONE,0.45 kg,ko,3.99,8.87,,,3.99,8445290073051,PROIZVODI ZA KUĆANSTVO
PEDIGREE TASTY MINI GOVEDINA 155 g,90774742,PEDIGREE,0.16 kg,ko,,11.29,1.75,2.19,2.19,5998749170151,PROIZVODI ZA KUĆANSTVO
KOCKE ZA POTPALU FLASH EKO 100/1,90732344,FLASH,100.00 ko,ko,4.49,0.04,,,4.49,4007467901068,PROIZVODI ZA KUĆANSTVO
PAPIR PEČENJE 20MX38cm F&P,90675185,FRESH&PACK,1.00 ko,ko,,1.99,1.99,2.59,1.99,3850334431646,PROIZVODI ZA KUĆANSTVO
MY PETS MP PILETINA 405G,90648737,MY PETS,0.41 kg,ko,0.79,1.95,,,0.79,3850334010070,PROIZVODI ZA KUĆANSTVO
ULTRAMAX BRISAČ S TELESKOP DRŠKOM,05511099,VILEDA,1.00 ko,ko,,27.29,27.29,38.99,38.99,4023103201200,PROIZVODI ZA KUĆANSTVO
SALV PALOMA BOŽIĆ FOX 33X33 20/1,90800091,PALOMA,20.00 ko,ko,1.35,0.07,,,2.29,3838952035521,PROIZVODI ZA KUĆANSTVO
WHISKAS MM GOVEDINA 85G,90678140,WHISKAS,0.09 kg,ko,0.89,10.47,,,0.89,5900951301919,PROIZVODI ZA KUĆANSTVO
ONE SM SENSITIVE PURETINA RIŽA 3 kg,90886104,ONE,3.00 kg,ko,18.99,6.33,,,18.99,8445290601254,PROIZVODI ZA KUĆANSTVO
RUČNIK PAP NORD ROLA 320L 2SL 1/1,90705395,NORD,1.00 ko,ko,3.49,3.49,,,3.19,3858894270552,PROIZVODI ZA KUĆANSTVO
KITTY SM PILETINA PURETINA 2KG,90674223,KITTY,2.00 kg,ko,3.45,1.73,,,3.45,3850334010896,PROIZVODI ZA KUĆANSTVO
RUČNIK NATUR JUMBO 350L 2SL 1/1,90779871,NATUR,1.00 ko,ko,3.69,3.69,,,3.69,3850334114334,PROIZVODI ZA KUĆANSTVO
MED BARANJSKI HR 450 g MEDO FLOR,90949755,MEDO FLOR,0.45 kg,ko,4.99,11.09,,,4.99,3859892827380,HRANA
ČOKOLADNI MEDVJEDIĆ PULL LINDT 40 g,90970352,LINDT,0.04 kg,ko,2,50,,,3.99,4000539764820,HRANA
SIR BABY GOUDA 280 g 48% HENRI WILL,90974911,HENRI WILLIG,0.28 kg,ko,6.99,24.96,,,6.99,8711258017383,HRANA
TOAST AMERICAN INTEGRAL 600 g MORATO,90934662,MORATO,0.60 kg,ko,2.89,4.82,,,2.89,8006837001137,HRANA
NAMAZ KIKIR MASL CREAMY ACT Z 350 g,90945141,ACTIVE ZONE,0.35 kg,ko,2.99,8.54,,,2.99,3838900845646,HRANA
PRAŠAK ZA PECIVO 6X12 g DOLCELA,90939678,DOLCELA,0.07 kg,ko,0.99,13.75,,,0.99,3856020275501,HRANA
VANILIN ŠEĆER 6X8 g DOLCELA,90939681,DOLCELA,0.05 kg,ko,0.99,20.62,,,0.99,3856020275532,HRANA
BRANCIN FILET 200 g,90969965,ORADA ADRIATIC,0.20 kg,ko,5.19,25.95,,,5.19,3858891991054,HRANA
MIX MARS CELEBRATION BOX 196 g,90970208,MARS,0.20 kg,ko,2,10.2,,,4.99,5000159500845,HRANA
BUDDY TRAKICE GOVEDINA 120 g,90975812,BUDDY,0.12 kg,ko,,8.25,0.99,0.99,0.99,3838900845738,HRANA
ČOKOLADA DORINA KEKS BNG 160 g,90970595,DORINA,0.16 kg,ko,1.99,12.44,,,2.99,3850102016334,HRANA
ČOKOLADA DORINA MILK BNG 160 g,90970599,DORINA,0.16 kg,ko,1.99,12.44,,,2.99,3850102016280,HRANA
ČOKOLADA DORINA NOISETTE BNG 160 g,90970605,DORINA,0.16 kg,ko,1.99,12.44,,,2.99,3850102016297,HRANA
ČOKOLADA DORINA SPECULAAS BNG 160 g,90970608,DORINA,0.16 kg,ko,1.99,12.44,,,2.99,3850102016358,HRANA
VAFL MANNER KOKOS KAKAO 185 g,90970637,MANNER,0.19 kg,ko,0.5,2.7,,,2.39,9015810000622,HRANA
ČOKOLADA MILKA MILKINIS 175 g,90974754,MILKA,0.18 kg,ko,1,5.71,,,4.49,7622202355967,HRANA
KEKS GRANCEREAL CLASS DUOPACK 500 g,90950126,BARILLA,0.50 kg,ko,3.49,6.98,,,3.49,8076809582209,HRANA
ČAJ ZELENI MENTA 20/1 35 g FRANCK,90949748,FRANCK,0.04 kg,ko,2.29,65.43,,,2.29,3850291056241,HRANA
KRASTAVAC DELIKAT 330/175 G PODRAVKA,90976296,PODRAVKA,1.00 ko,ko,2.49,2.49,,,2.49,3850104093012,HRANA
PANETTONE PISTAC/CHOC CHIPS 750 g,90955578,GRANDUCALE,0.75 kg,ko,2,2.67,,,7.99,872447001656,HRANA
BOMBON HAR ZL MEDO 2X100 g +MODLICA,90970449,HARIBO,0.20 kg,ko,2,10,,,5.99,3858894300563,HRANA
DJED BOŽIĆNJAK ČOK BOMB MILKA 61 g,90974765,MILKA,0.06 kg,ko,0.5,8.2,,,3.69,7622201758332,HRANA
ADVENTSKI KALENDAR 2D MILKA 90 g,90974792,MILKA,0.09 kg,ko,1,11.11,,,4.49,7622201134327,HRANA
SIR BABY ZAČ BILJ/ČEŠNJ 48% 280 g HE,90974913,HENRI WILLIG,0.28 kg,ko,7.99,28.54,,,6.99,8711258050908,HRANA
SIR BABY ZEL PEST/ZAČ BILJ 48% 280 g,90974916,HENRI WILLIG,0.28 kg,ko,7.99,28.54,,,6.99,8711258101709,HRANA
NAPITAK PROTEIN KOKOS UHT 0.3 L VIN,90976069,Z BREGOV,0.30 l,ko,1.79,5.97,,,1.79,3850108023749,HRANA
KAVA NOTA LATTE MACC DG 16/1 194.4 g,90976164,FRANCK NOTA,0.19 kg,ko,,24.59,4.78,5.99,3.79,3850291056265,HRANA
PAPRIKA SLATKA 400 g VEGETA MAESTRO,90976172,VEGETA MAESTRO,0.40 kg,ko,5.39,13.48,,,5.39,3850104294600,HRANA
PAPRIČICE SLATKE DROPS 260/150 g PEP,90976305,PEPPADEW,0.15 kg,ko,4.99,33.27,,,4.99,6007788006037,HRANA
ZIMSKA ANDRO NAR 300 g,90930019,ANDRO,0.30 kg,ko,3.99,13.3,,,3.49,3858892823040,HRANA
BOMBON PJEN MARSHMAL SOLO 90 g MOND,90955417,MOND,0.09 kg,ko,0.99,11,,,0.99,3859894460004,HRANA
TJESTENIN SWEET&SOUR VR 92.5 g MAGGI,90970529,MAGGI,0.09 kg,ko,2.09,22.59,,,2.09,8445292096522,HRANA
MEDENJACI MANNER MIX 500 g,90970626,MANNER,0.50 kg,ko,1,2,,,4.59,9000331609706,HRANA
ČOKOLADA MILKA TENDER WINTER 90 g,90974777,MILKA,0.09 kg,ko,0.5,5.56,,,2.49,7622202253201,HRANA
UMAK S TARTUFIMA 260 g ZVIJEZDA,90969856,ZVIJEZDA,0.26 kg,ko,4.99,19.19,,,4.99,3856015333209,HRANA
TIJESTO SPAGHETTONI SPEC MOM 500 g,90955741,SPECIAL MOMENTS,0.50 kg,ko,1,2,,,2.19,3850334442048,HRANA
LEDOLETTE JABUKA KARAMELA 800 g LEDO,90955743,LEDO,0.80 kg,ko,4.99,6.24,,,4.99,3850116068220,HRANA
MASLAC BURRO MINI 12X10.4 g AGRIFORM,90976156,AGRIFORM,0.13 kg,ko,1.49,11.94,,,1.99,8003518102534,HRANA
SV VRAT SK ODR 860G XXL,90950602,PIK VRBOVEC,0.86 kg,ko,5.39,6.27,,,5.49,3850139280418,HRANA
KAVA STARB ESPRESS ROAS NS 10/1 53 g,90949776,STARBUCKS,0.05 kg,ko,,103.58,5.49,5.49,5.49,7630477891738,HRANA
KAVA STARB ESPRESS DECA NS 10/1 55 g,90949780,STARBUCKS,0.06 kg,ko,,99.82,5.49,5.49,5.49,8445290816504,HRANA
TJEST FUSILLONI BRONZO 500 g BARILLA,90959980,BARILLA,0.50 kg,ko,2.89,5.78,,,2.89,8076809585217,HRANA
MLIJEKO KOKOS 400 ml SHAN SHI,90970533,SHAN SHI,0.40 l,ko,3.49,8.73,,,3.49,9120012040953,HRANA
TOAST MAXI INTEGRALE 750 g,90975398,TVOJIH 5 MIN,0.75 kg,ko,2.69,3.59,,,2.69,8606028302700,HRANA
VAFL PRUTIĆI FINESSE VANILIJA 250 g,90935117,FINESSE,0.25 kg,ko,,5.96,1.49,1.89,1.89,3850334437433,HRANA
SIR POLUTV GOUDA 48% 3 kg AMMERLAND,90939933,AMMERLANDER,1.00 kg,kg,5.99,5.99,,,6.49,,HRANA
RIŽA BASMATI 900 g BOUSTAN,90959860,BOUSTAN,0.90 kg,ko,3.99,4.43,,,3.99,4260131414022,HRANA
KAKAO NESQUIK VANILIJA VR 350 g,90949783,NESQUIK,0.35 kg,ko,5.19,14.83,,,5.19,8445291634381,HRANA
KAKAO NESQUIK LESS SUGARS VR 300 g,90949787,NESQUIK,0.30 kg,ko,5.49,18.3,,,5.49,8445291767096,HRANA
TJEST NOODLES JAJA BIO 250 g GO-TAN,90954682,GO-TAN,0.25 kg,ko,3.99,15.96,,,3.99,8710605092325,HRANA
STALAK ČAJEVI AHMAD 95 KOM,90959760,AHMAD,1.00 ko,ko,674.05,674.05,,,674.05,3858893820451,HRANA
PRALINE CRISPY LJEŠ MILK 95 g WITORS,90959848,WITORS,0.10 kg,ko,0.5,5.26,,,1.99,8003535085933,HRANA
DRAGEE BIJELI XMAS  200 g KANDIT,90970463,KANDIT,0.20 kg,ko,2,10,,,7.69,3856024806343,HRANA
PAH ZOBENE RISE&SMILE SITNE 500g,90410927,RISE&SMILE,0.50 kg,ko,0.79,1.58,,,0.79,3838900820704,HRANA
SLAD KING DOUBLE 100ml LEDO,90484684,KING,0.10 l,ko,2.79,27.9,,,2.79,3850116037165,HRANA
KEKS FINESSE SENDVIČ KAKAO 500g,90410324,FINESSE,0.50 kg,ko,,3.38,1.69,1.99,1.99,3850334190147,HRANA
GLJIVA ŠAMPINJON 500 grama,01400034,KORA,0.50 kg,ko,1.99,3.98,,,1.99,3850334013576,HRANA
PARIZER PIKO NAREZAK 200g MA,90038638,PIKO,0.20 kg,ko,,14.25,2.85,2.85,2.85,3850139190892,HRANA
PAŠTETA KOK PIKANT ARGETA 95g,90061922,ARGETA,0.10 kg,ko,1.49,15.67,,,1.39,3838471007382,HRANA
KEKS CAKE&CHOC MILKA 175g,90095905,MILKA,0.18 kg,ko,3.39,19.37,,,3.39,7622210295965,HRANA
PEČENICA DIMLJ 1/2 VP KARE PIVAC,90670457,PIVAC,1.00 kg,kg,11.99,11.99,,,11.99,3858890189926,HRANA
KRUH FINI DOM 700g NAREZ PAK KLARA,90632840,KLARA,0.70 kg,ko,,2.5,1.75,2.25,2.25,3856016906549,HRANA
MLIJEKO TRAJNO 2.8% 1L DUKAT,90573683,DUKAT,1.00 l,ko,1.02,1.02,,,1.02,3850354016830,HRANA
RIŽA ARBORIO 1kg SCOTTI,04060048,RISO SCOTTI,1.00 kg,ko,4.99,4.99,,,4.99,8001860250378,HRANA
BISKVIT JAFFA KEKS NARANČA 300g,04144021,JAFFA,0.30 kg,ko,2.49,8.3,,,2.29,8600114000211,HRANA
JABUKA ZLATNI DELIŠES,01411106,,1.00 kg,kg,1.69,1.69,,,1.59,3850334173614,HRANA
ŠTAPIĆI HRUSTY KIKIRIKI 200G,90401871,HRUSTY,0.20 kg,ko,,3.95,0.79,0.99,0.99,3850334055248,HRANA
SIR TVRDI EMMENTALER MEINGOLD 45% BAYREUTH,90407224,BAYREUTH,1.00 kg,kg,,6.99,6.99,6.99,7.99,4002174087210,HRANA
KAVA ANAMARIA 400g,90307566,ANAMARIA,0.40 kg,ko,7.79,19.48,,,6.29,3858881775275,HRANA
ŽV GUMA ORBIT SPEARMINT DRAŽEJE 14g,04200009,WRIGLEY,0.01 kg,ko,0.99,70.71,,,0.99,50173822,HRANA
ČEŠNJAK DOMAĆI 150 g,90744697,,0.15 kg,ko,1.69,11.27,,,1.49,3856028688686,HRANA
JUN BUT BK I KAT ,02412081,PIK VRBOVEC,1.00 kg,kg,13.99,13.99,,,12.59,3850139420500,HRANA
SARDINA BILJ ULJE ADRIA MARE 73.5G,90077668,ADRIA MARE,0.07 kg,ko,0.99,13.47,,,1.09,3850334019448,HRANA
PECIVO BIJELO 5/1 250g MLINAR,90406415,MLINAR,0.25 kg,ko,1.49,5.96,,,1.15,3858881122741,HRANA
VRHNJE KISELO K PLUS 180g 20%,90311197,K PLUS,0.18 l,ko,0.69,3.83,,,0.69,3850334352460,HRANA
PUREĆI ODRESCI OD FILEA PRSA 400g VINDIJA,90334866,VINDON,0.40 kg,ko,6.59,16.48,,,6.59,3850339402139,HRANA
KRUMPIR ZA PEČENJE I PRŽENJE 2.5 kg,90201911,KORA,2.50 kg,ko,,0.6,1.49,2.69,2.79,3850334151490,HRANA
ČAJNA KOB 650g MA PIK VRBOVEC,02024461,PIK VRBOVEC,0.65 kg,ko,11.45,17.62,,,11.45,3850139010541,HRANA
TORTILLA PŠEN 6X25cm 370g HRUSTY,90702818,HRUSTY,0.37 kg,ko,1.59,4.3,,,1.59,8605002359730,HRANA
ČIPS LAY'S  SLANI 130g,90706000,PEPSICO,0.13 kg,ko,,15.31,1.99,2.29,1.89,5900259127600,HRANA
JANJETINA PAK AKC PIK,02490333,PIK VRBOVEC,1.00 kg,kg,13.99,13.99,,,13.99,3850139903331,HRANA
TELEĆI BUT BK T BOER,90383018,T BOER & ZN,1.00 kg,kg,16.69,16.69,,,15.99,,HRANA
KAVA BARCAFFE CLASSIC 175g,90097741,BARCAFFE,0.18 kg,ko,4.59,26.21,,,4.29,3838471022699,HRANA
ŠUNKA U OVITKU SLJEME PIK VRBOVEC,02036480,SLJEME,1.00 kg,kg,,7.49,7.49,7.49,7.39,3850139230178,HRANA
ZELENJE ZA JUHU 500 grama,01402048,KORA,0.50 kg,ko,1.29,2.58,,,1.29,3850334005281,HRANA
ČVARCI 200G SILMA,90169189,SILMA,0.20 kg,ko,3.99,19.95,,,3.99,3859892782009,HRANA
JOGURT NATUR GRČKI DUKATOS 150g,90051414,DUKATOS,0.15 kg,ko,0.99,6.6,,,0.99,3850354009726,HRANA
MARELICA SUHA 300 grama,90745217,MARJAN VOĆE,0.30 kg,ko,3.99,13.3,,,3.99,8606014630640,HRANA
MLIJEKO SVJEŽE 3.2% 1L K PLUS,90478358,K PLUS,1.00 l,ko,1.06,1.06,,,1.06,3850334385697,HRANA
MLIJ NAM DUKATELA ORIGINAL 150 G,02398912,DUKATELA,0.15 kg,ko,1.79,11.93,,,1.59,3850354014997,HRANA
LOSOS FILET S KOŽOM 400g LEDO,02191011,LEDO,0.40 kg,ko,9.99,24.98,,,9.99,3850116765716,HRANA
SLAD PLAZMA SENDVIČ 129ml LEDO,90378017,LEDO,0.13 l,ko,1.99,15.43,,,1.99,3850116033983,HRANA
SV SLABINA I LEĐA SK BEZ FILEA  ,02400067,PIK VRBOVEC,1.00 kg,kg,5.09,5.09,,,5.49,3850139523409,HRANA
MLIJ NAM S POVRĆEM K PLUS 70g,90724745,K PLUS,0.07 kg,ko,,6.43,0.45,0.49,0.55,3850334063205,HRANA
PUDING MLIJE VANIL ČAŠA 125g VINDI,02320199,VINDIJA,0.13 kg,ko,0.65,5.2,,,0.65,38500022,HRANA
SIR SVJ POLUMASNI 500g Z'BREGOV,02390821,Z BREGOV,0.50 kg,ko,2.49,4.98,,,2.49,3850108058352,HRANA
ŠUNKA K PLUS U OVITKU 100G NAR,90273245,K PLUS,0.10 kg,ko,,12.7,1.27,1.59,1.59,3850139240849,HRANA
JOGURT TEK K PLUS 2.8%MM 1.5kg MAXX,90256087,K PLUS,1.50 kg,ko,2.39,1.59,,,2.29,3850334598332,HRANA
LUK MLADI VEZICA KOM,01400163,,0.15 kg,ko,0.89,5.93,,,0.75,3850334092236,HRANA
JOGURT 3.2% ČVRSTI ZB 180g VINDIJA,90669614,Z BREGOV,0.18 kg,ko,0.44,2.44,,,0.44,3850108037289,HRANA
TELEĆA POTRBUŠINA SK,90393272,,1.00 kg,kg,,8.49,8.49,8.19,9.49,,HRANA
ORADA LL SVJ PAK KONZUM,90382778,KONZUM,1.00 kg,kg,12.99,12.99,,,11.19,,HRANA
CRNILO SIPE 2X4g EURO ALFA,02198846,EURO ALFA,0.01 kg,ko,0.95,118.75,,,0.95,8424596260013,HRANA
UMAK MASLINE 400g BARILLA,01490241,BARILLA,0.40 kg,ko,3.85,9.63,,,3.85,8076809513715,HRANA
MUESLI DATULJA I MATICHA 350 g OPLAN,90869770,OPLANT,0.35 kg,ko,3.99,11.4,,,3.99,3856020274269,HRANA
SOL HIMAL SIT JODIR 1 kg NUTRIGOLD,90890339,NUTRIGOLD,1.00 kg,ko,2.19,2.19,,,2.19,3858891970035,HRANA
KEKS TUTKU KAKAO 54g ETI,90826488,ETI,0.05 kg,ko,0.69,12.78,,,0.69,8690526040349,HRANA
MLINCI BATAT PIR 200g KOVAČIĆ,90759795,OPG IVAN KOVAČIĆ,0.20 kg,ko,2.89,14.45,,,2.89,3858893350064,HRANA
SALATA ICEBERG KOMAD,01400480,,0.35 kg,ko,1.49,4.25,,,1.49,3859889558891,HRANA
SARDINA U BILJNOM ULJU 70g EVA ,90707430,EVA,0.07 kg,ko,1.99,28.43,,,1.69,3856020262525,HRANA
KAVA CREMA MLJEVENA VAK. 250G,90187269,FRANCK CREMA,0.25 kg,ko,5.39,21.56,,,5.39,3858881087644,HRANA
KOBASICA KRANJSKA K PLUS 340g VAK,90062364,K PLUS,0.34 kg,ko,2.79,8.21,,,2.79,3850139171518,HRANA
VAFL NAPOLITANKA NOUGAT 420g KRAŠ,04152516,KRAŠ,0.42 kg,ko,3.19,7.6,,,3.19,3850102326174,HRANA
PIKO PARIZER PIK VRBOVEC,02044282,PIKO,1.00 kg,kg,8.99,8.99,,,8.99,3850139190632,HRANA
SLAD QUATTRO COLORI VOĆE 1500 ml,90764739,QUATTRO,1.50 l,ko,6.49,4.33,,,5.99,3850116064321,HRANA
SV LEĐA SK U KOŽI ,02402308,PIK VRBOVEC,1.00 kg,kg,,3.69,3.69,5.35,5.65,3850139523034,HRANA
BOMBONJERA BAJADERA 200g KRAŠ,04251156,BAJADERA,0.20 kg,ko,7.99,39.95,,,7.99,3850102230044,HRANA
BRUSNICA SUHA 400 grama,90745214,MARJAN VOĆE,0.40 kg,ko,,8.48,3.39,3.99,3.99,3859893555725,HRANA
PILEĆI FILETINO CLASSIC VINDIJA,02434759,CEKIN,1.00 kg,kg,12.99,12.99,,,12.99,3850159110795,HRANA
VRHNJE ZA KUHANJE 500g DUKAT,90602851,BRZO&FINO,0.50 kg,ko,3.49,6.98,,,3.39,3850354017158,HRANA
JUN VRAT SK  ,02412010,PIK VRBOVEC,1.00 kg,kg,6.99,6.99,,,6.99,3850139523119,HRANA
ŠTRUDLA SMOKVA 250g LASTA,90662934,LASTA,0.25 kg,ko,2.39,9.56,,,2.39,3870128029941,HRANA
CAPP FR IRISH CR 160g KUT,90281757,FRANCK,0.16 kg,ko,,20.56,3.29,3.89,3.89,3858881088344,HRANA
VEGETA VREĆICA 400g PODRAVKA,90408501,VEGETA,0.40 kg,ko,3.39,8.48,,,3.39,3850104260872,HRANA
ŠUNKA DIMLJENA 1/2 VAC PIK VRBOVEC,02016324,PIK VRBOVEC,1.00 kg,kg,11.99,11.99,,,12.29,3850139340075,HRANA
JOGURT LIGHT 0.9% 1KG PET VINDIJA,90513948,Z BREGOV,1.00 kg,ko,2.49,2.49,,,2.45,3850108037395,HRANA
BLITVA VEZANA KOM,01409940,,0.50 kg,ko,1.69,3.38,,,1.49,3850334385925,HRANA
JOGURT VOĆ MIX 150g ČAŠA VINDIJA,90229164,Z BREGOV,0.15 kg,ko,0.59,3.93,,,0.65,3850108037760,HRANA
KEKS PIŠKOTE DULCETTI 400g,90356870,DULCETTI,0.40 kg,ko,,3.98,1.59,1.75,1.75,3838900842331,HRANA
MLIJEKO UHT 0.9% MM 1L TE,90381451,Z BREGOV,1.00 l,ko,1.55,1.55,,,1.55,3850108021592,HRANA
VAFL NAPOLITANKA ČOK PRELJ 250g KRAŠ,04150723,KRAŠ,0.25 kg,ko,3.99,15.96,,,3.99,3850102320080,HRANA
GURMANSKA KOBASICA SVJEŽA 600g PIK,90053107,PIK VRBOVEC,0.60 kg,ko,4.79,7.98,,,3.14,3850139441710,HRANA
BOMBON BRONHI 100g KARAMELA KRAŠ,04191766,BRONHI,0.10 kg,ko,1.29,12.9,,,1.29,3850102516797,HRANA
VRHNJE ZA KUH 20% BRZO&FINO 3X200g,02334705,BRZO&FINO,0.60 kg,ko,3.99,6.65,,,3.99,3850354007975,HRANA
GULAŠ GOVEĐI 400g PODRAVKA,02160333,PODRAVKA,0.40 kg,ko,5.99,14.98,,,4.79,3850104020087,HRANA
VEGETA 500g VREĆICA PODRAVKA,04163451,VEGETA,0.50 kg,ko,3.99,7.98,,,3.99,3850104008443,HRANA
MAHUNA ZELENA 400g LEDO,90668442,LEDO,0.40 kg,ko,,3.98,1.59,1.99,1.99,3850116053196,HRANA
PUDING VANIL 37G 3+1g  PODRAVKA,90155240,DOLCELA,0.11 kg,ko,2.1,18.92,,,1.29,3850104276514,HRANA
JOGURT K PLUS ČVRSTI 180G 3.2%,90182930,K PLUS,0.18 kg,ko,,1.39,0.25,0.37,0.37,3850334388131,HRANA
TIROLSKA KOB 400g PIK VRBOVEC,02036542,PIK VRBOVEC,0.40 kg,ko,4.49,11.23,,,4.49,3850139171235,HRANA
MLIJEKO TR 2.8%MM 2L ČEP VINDIJA,02233994,Z BREGOV,2.00 l,ko,2.04,1.02,,,2.04,3850108020656,HRANA
MLIJEKO UHT BEZ LAKT 1.5% 1L FREE Z,90770092,FREE ZONE,1.00 l,ko,1.39,1.39,,,1.39,3850334111111,HRANA
ČIPS HRUSTY PAPRIKA XCUT 150g,90705149,HRUSTY,0.15 kg,ko,,6.07,0.91,1.15,1.15,3850334044716,HRANA
NAMAZ NUTELLA 1000 g,90779758,NUTELLA,1.00 kg,ko,7.99,7.99,,,7.49,8000500082379,HRANA
PANCETA SLJEME VAK,90352971,SLJEME,1.00 kg,kg,11.9,11.9,,,11.9,3850139050899,HRANA
JABUKA ZELENA 2 kg,01411196,,2.00 kg,ko,2.19,1.1,,,2.19,3850334049087,HRANA
ŠUNKA K PLUS U OVITKU,02030062,K PLUS,1.00 kg,kg,,5.49,5.49,8.15,8.15,3850139170740,HRANA
GRAH GARDEN GOOD ŠARENI 1000g,90363728,GARDEN GOOD,1.00 kg,ko,3.49,3.49,,,2.39,3838900957011,HRANA
TUNJ SALATA MEXICANA 160g EVA,90320980,EVA,0.16 kg,ko,4.29,26.81,,,4.29,3856020218126,HRANA
SIR POLUTVRDI GAUDA cca 3.2 kg,90854801,MILCHWERKE,1.00 kg,kg,6.49,6.49,,,6.49,2152604000004,HRANA
JOGURT TEKUĆI 1KG PET DUKAT,90514015,DUKAT,1.00 kg,ko,2.49,2.49,,,1.99,3850354016021,HRANA
MAJONEZA 85g VREĆ PVC ZVIJEZDA,90648352,ZVIJEZDA,0.09 kg,ko,,10.45,0.89,0.89,0.85,3856015325228,HRANA
ŠUNKA KUHANA K PLUS 200g NAR,90364995,K PLUS,0.20 kg,ko,,7.15,1.43,1.79,1.79,3850334186270,HRANA
KAŠA INST PIR 500g MLINOTEST,90302729,MLINOTEST,0.50 kg,ko,2,4,,,2.25,3831001824688,HRANA
DŽEM VIŠNJA 420g DOORA,01500028,DOORA,0.42 kg,ko,2.49,5.93,,,2.49,3858894541263,HRANA
BRANCIN L SVJ PAK KONZUM,02199535,,1.00 kg,kg,9.99,9.99,,,9.99,,HRANA
PAPRIKA FILET ŽUT 650G/360 g VITAMIN,90850245,VITAMINKA,0.36 kg,ko,4.09,11.36,,,3.59,3870545000110,HRANA
KAŠICA ORG GERBER BAT/POV/PIL 190g,90707518,GERBER,0.19 kg,ko,2.65,13.95,,,2.65,7613036986458,HRANA
ZAČIN GRILL DOZA PILETIN 80g KOTANYI,90405957,KOTANYI,0.08 kg,ko,2.89,36.13,,,2.89,9001414003299,HRANA
PAPRIKA JALAPENO REZANE 400G PEPPADEW,90232975,PEPPADEW,0.20 kg,ko,3.59,17.95,,,3.59,6007788005085,HRANA
TORTA CHEESECAKE LATICA 650g,90423046,LATICA,0.65 kg,ko,,8.59,5.58,6.63,6.63,3850261359716,HRANA
ČOKOLADA TAMNA 70% MENTA 100 g VALOR,90880104,VALOR,0.10 kg,ko,2.99,29.9,,,2.99,8410109050530,HRANA
TJEST S JAJ ŠPAGETI 5 ZL.POLJE 400g,90725541,ZLATO POLJE,0.40 kg,ko,1.99,4.98,,,1.99,3838700368703,HRANA
SIR TVRDI KOCKICE 12mj100g DŽIUGAS,90570433,DŽIUGAS,0.10 kg,ko,2.55,25.5,,,2.55,4770299390583,HRANA
ČEŠNJAK GRANULE 28g VREĆ KOTANY,04100132,KOTANYI,0.03 kg,ko,1.29,46.07,,,1.29,9001414015261,HRANA
JUNEĆA SLABINA I LEĐA BB LOVRIĆ,90648688,LOVRIĆ,1.00 kg,kg,12.29,12.29,,,11.69,,HRANA
HAMBY 3/1 225g MLINAR,90406413,MLINAR,0.23 kg,ko,1.49,6.62,,,1.49,3858889892981,HRANA
OBLATNE 200g SWEET CHEF,90513538,SWEET CHEF,0.20 kg,ko,0.93,4.65,,,0.93,3850334413475,HRANA
JUHA GOV NOODLES MINUTE 4X70g,90730960,MINUTE,0.28 kg,ko,1.69,6.04,,,1.69,3850334070463,HRANA
PEČENJE SVINJSKO BLAGDANSKO  LOPATICA PIK,90390330,PIK VRBOVEC,1.00 kg,kg,5.49,5.49,,,5.39,3850139541144,HRANA
DJED BOŽIĆNJAK 60g INCO,90825745,INCO,0.06 kg,ko,0.1,1.67,,,0.1,5901812694126,HRANA
MLIJEKO ZAMJ HIPP 3 COMBIOTIK 600g,90406110,HIPP,0.60 kg,ko,14.69,24.48,,,14.69,4062300398924,HRANA
SOL MORSKA KRUPNA 5kg PVC SOLANA,04110031,SOLANA PAG,5.00 kg,ko,2.79,0.56,,,2.79,3859888155435,HRANA
SIRUTKA 1/1  VERONIKA,02329047,VERONIKA,1.00 l,ko,1.19,1.19,,,0.99,3859889622288,HRANA
TIJESTO VERMICELLI 5 500g ZARA,04050625,PASTA ZARA,0.50 kg,ko,1.09,2.18,,,1.09,8004350130051,HRANA
ORADA I SVJ PAK KONZUM,02199516,,1.00 kg,kg,10.99,10.99,,,10.49,,HRANA
ŽV GUMA ORBIT REFRESH SPEARMINT 15.6g,90485446,WRIGLEY,0.02 kg,ko,0.99,63.46,,,0.99,4009900535519,HRANA
KOBASICA KRANJSKA 340g HISTRIS,90602817,HISTRIS,0.34 kg,ko,5.29,15.56,,,4.79,3859893167911,HRANA
VRHNJE ZA KAVU 10x10ML DUKAT,02170404,BRZO&FINO,0.10 l,ko,1.49,14.9,,,1.29,3850354006138,HRANA
VEGETA VR 150g PODRAVKA,04160558,VEGETA,0.15 kg,ko,1.89,12.6,,,1.89,3850104226212,HRANA
ČOKOL DORINA CIJ LJEŠNJAK 100g,04210993,DORINA,0.10 kg,ko,2.29,22.9,,,2.29,3850102122073,HRANA
PLJUKANCI 350g KARLA,90703196,KARLA,0.35 kg,ko,2.09,5.97,,,1.89,3858881509276,HRANA
NIC NAC S 125g LORENZ,04141920,LORENZ,0.13 kg,ko,2.69,21.52,,,2.59,4017100759000,HRANA
KEKS MILKA OREO SENSATION 156g,90428016,MILKA,0.16 kg,ko,3.39,21.73,,,3.39,7622202265884,HRANA
SIR POLUTVRDI TRAPIST 500g DUKAT,90031746,PRESIDENT,0.50 kg,ko,7.55,15.1,,,7.55,3850355007165,HRANA
HRENOVKE EXTRA XXL 1200g,90714592,PP,1.20 kg,ko,2.89,2.41,,,2.65,3850220153997,HRANA
PAŠTETA OD SARDINE 95g ARGETA,90187471,ARGETA,0.10 kg,ko,1.49,15.68,,,1.39,3838471029919,HRANA
JUHA MESNE I GRIS OKRUG 52g PODRAVKA,04160311,PODRAVKA,0.05 kg,ko,1.39,26.73,,,1.39,3850104249662,HRANA
MLIJEKO ZAMJ APTAMIL 3 PRONUTRA 800g,90303525,APTAMIL,0.80 kg,ko,20.49,25.61,,,20.49,4056631001264,HRANA
TIJESTO ŠURLE 500g KLARA M,04050519,KLARA M,0.50 kg,ko,3.69,7.38,,,3.59,3859888499164,HRANA
KIKIRIKI HRUSTY U TIJESTU CHILLI 150g,90692845,HRUSTY,0.15 kg,ko,,7.27,1.09,1.09,1.29,3850334035424,HRANA
BOMBON KAR KIKI TUTTI FRUTTI 200g,90373542,KIKI,0.20 kg,ko,2.39,11.95,,,2.39,3850102516742,HRANA
PIRE VOĆNI REFRESH BIO 200 g O PLANT,90780076,O PLANT,0.20 kg,ko,1.99,9.95,,,1.99,3856020272548,HRANA
SIR TVRDI DALMATINAC VAC PAŠKA SIRAN,02055397,PAŠKA SIRANA,1.00 kg,kg,29.99,29.99,,,26.99,3859889426091,HRANA
TORTELLONI PRŠUT 450G AURELIA,90647855,AURELIA,0.45 kg,ko,4.79,10.64,,,4.79,3859893533969,HRANA
PAPAR CRNI SPICE CHEF 45G MLINAC,90409633,SPICE CHEF,0.05 kg,ko,1.99,44.22,,,1.99,3850334133700,HRANA
MIX NES CLASSIC 2U1 10X8G VR 80g,90362747,NESCAFE,0.08 kg,ko,2.99,37.38,,,2.99,7613036870115,HRANA
TUNJ SALATA LEĆA 160g RIO MARE,90493649,RIO MARE,0.16 kg,ko,,13.44,2.15,4.69,4.69,8004030475021,HRANA
NAMAZ RIO MARE TUB LOSOS 100g,02195131,RIO MARE,0.10 kg,ko,3.59,35.9,,,3.59,8004030070004,HRANA
ŽV GUMA ORBIT SWEETMINT BOČ 64 g,90770798,WRIGLEY,0.06 kg,ko,3.69,57.66,,,3.69,4009900549981,HRANA
VRHNJE KISELO BAKINO 300g DUKAT,90759872,BRZO&FINO,0.30 kg,ko,1.99,6.63,,,1.99,3850354018087,HRANA
JUHA DALMATINSKA 40g MAGGI,90235951,MAGGI,0.04 kg,ko,0.75,18.75,,,0.75,7613287413727,HRANA
SLAD BOUNTY 6X39.1g MULTIPAK,90227699,MARS,0.24 l,ko,5.49,23.4,,,4.99,5000159483063,HRANA
KAVA LEDENA PARMALAT CAPPUCCINO 200ml,90111157,PARMALAT,0.20 l,ko,1.99,9.95,,,1.99,8594002782016,HRANA
CAPPUCCINO FONTANA 8/1 144g FRANCK,90825457,FRANCK,0.14 kg,ko,,22.85,3.29,3.89,3.89,3850291055466,HRANA
KOLAČ DULCETTI MRAMORNI 400g,90825817,DULCETTI,0.40 kg,ko,,5.48,2.19,2.59,2.49,3850334420480,HRANA
BANANA ČIPS VEDRINI 400g,90303761,VEDRINI,0.40 kg,ko,2.79,6.98,,,2.79,3858889331091,HRANA
KULENOVA SEKA NAR 80G GAVRILOVIĆ,90392398,GAVRILOVIĆ,0.08 kg,ko,2.35,29.38,,,2.35,3858890206463,HRANA
ČOKOLADA KINDER SEZONA  T12 150g,90428002,FERRERO,0.15 kg,ko,1.5,10,,,1,4008400203829,HRANA
EXOTIC MIX VEDRINI 400g,90319462,VEDRINI,0.40 kg,ko,3.89,9.73,,,3.89,3859890630791,HRANA
BAR PROSERIES XTREME 60% PROTEIN 75g CHOCOLATE,90348942,POLLEO,0.08 kg,ko,2.99,39.87,,,2.99,3859893008764,HRANA
ŠLAG SPRAY 250ML MEGLE ADRIA,02320018,MEGGLE,0.25 l,ko,3.19,12.76,,,3.19,8585002595065,HRANA
FANT ZA ĆUFTE 60g PODRAVKA,04161233,FANT,0.06 kg,ko,1.39,23.17,,,1.39,3850104248948,HRANA
TUBA FRUTEK JAB/ŠUMSKO VOĆE 100g,90563184,FRUTEK,0.10 kg,ko,1.39,13.9,,,1.39,3838945439602,HRANA
BRUSCHETTE 4 VRSTE SIRA 70g MARETTI,04141681,MARETTI,0.07 kg,ko,0.95,13.57,,,0.95,3800205875604,HRANA
ŠTAPIĆI KVIKI 50g PODRAVKA,04140364,KVIKI,0.05 kg,ko,0.79,15.8,,,0.79,3850104007309,HRANA
RAJČICA PELAT 400g PODRAVKA,01570981,PODRAVKA,0.40 kg,ko,1.99,4.98,,,1.99,3850104073724,HRANA
JUHA KREM RAJČICA S MOZZAR 80g PODRAVKA,90185623,PODRAVKA,0.08 kg,ko,1.49,18.63,,,1.39,3850104278198,HRANA
SLANUTAK LIM  800G,90169887,PODRAVKA,0.80 kg,ko,2.79,3.49,,,2.79,3850104275609,HRANA
UMAK SOJA KIKKOMAN 0.5L,90155296,KIKKOMAN,0.50 l,ko,6.49,12.98,,,6.49,8715035110502,HRANA
KEKS OREO 66g,90288231,OREO,0.07 kg,ko,1.15,17.42,,,1.15,7622210766175,HRANA
NAPITAK ZOB LJEŠNJAK EKO 1L BOOM BOX,90493640,BOOM BOX,1.00 l,ko,3.49,3.49,,,3.29,3858890476989,HRANA
PRŠUT 100g PERAJICA,90514257,SUŠARA PERAJICA,0.10 kg,ko,5.49,54.9,,,5.49,3857500112842,HRANA
KUKURUZ ŠEĆ 3x170/3x140g BONDUELLE,90745548,BONDUELLE,0.14 kg,ko,3.29,23.5,,,3.29,3083681170658,HRANA
TJESTENINA MIE NOODLES 250g GO-TAN,90059159,GO-TAN,0.25 kg,ko,2.89,11.56,,,2.89,8710605091984,HRANA
VRHNJE KISELO 12% 400g BRZO&FIN DUKA,02334157,BRZO&FINO,0.40 kg,ko,1.99,4.98,,,1.89,3850354000471,HRANA
ŽV GUMA JUICY FRUIT FANCY TAPE 56g,90825732,WRIGLEY,0.06 kg,ko,2.29,40.89,,,2.29,4009900536646,HRANA
PISTACIO 125g VREĆ NUTLINE,90607835,NUTLINE,0.13 kg,ko,4.19,33.52,,,4.19,5941445676229,HRANA
JUHA FRANCUSKA 64g PODRAVKA,04162698,PODRAVKA,0.06 kg,ko,1.39,21.72,,,1.39,3850104003219,HRANA
PUDING LJEŠNJAK-ČOK 125g VINDIJA,02334180,VINDIJA,0.13 kg,ko,0.65,5.2,,,0.65,38503924,HRANA
ČIPS PRINGLES PAPRIKA XXL 185g,90732273,PRINGLES,0.19 kg,ko,3.49,18.86,,,3.49,5053990167692,HRANA
RAJČICA POLPA ST 690g MUTTI,01570010,MUTTI,0.69 kg,ko,3.49,5.06,,,3.39,8005110171215,HRANA
KEKS TARALLUCI 350g BARILLA,90295504,BARILLA,0.35 kg,ko,2.89,8.26,,,2.89,8076809572828,HRANA
KRUPICA PŠEN GRIS 200g FRANCK,04030974,FRANCK,0.20 kg,ko,1.09,5.45,,,1.09,3858881086401,HRANA
BOMBON MENTOS GRAPE 38g,04190502,MENTOS,0.04 kg,ko,0.89,23.42,,,0.89,5908227100686,HRANA
KROASAN SUNNY MIDI VANIL 50gX5KOM,90705769,SUNNY,0.25 kg,ko,1.89,7.56,,,1.89,3850334043207,HRANA
ISTAR SALAMIN S TARTUF 200G ZIGAN,90183876,ZIGANTE,0.20 kg,ko,9.29,46.45,,,9.29,3859892799281,HRANA
DESERT DANONINO BAN/JAG/MAR 6X50g,90602759,DANONINO,0.30 kg,ko,2.89,9.63,,,2.59,4009700035783,HRANA
MRVICE K PLUS 250g,90714156,K PLUS,0.25 kg,ko,0.55,2.2,,,0.55,3850334045560,HRANA
KOCKA GOVEĐA 120g MAGGI,90092066,MAGGI,0.12 kg,ko,2.09,17.42,,,2.09,8585002419538,HRANA
KVINOJA 500g BIOZONE,90406939,BIO ZONE,0.50 kg,ko,,6.7,3.35,4.19,4.19,3838900841068,HRANA
TIJESTO SVRDLA 400g MARODI,04057536,MARODI,0.40 kg,ko,1.89,4.73,,,1.89,3859888666085,HRANA
KOLAČ LONDONERI ORAH 400g PIK RIJEKA,90669089,PIK RIJEKA,0.40 kg,ko,3.98,9.95,,,3.98,3850135265525,HRANA
KEKS DUO KAKAO GRIESSON 500g,04141424,GRIESSON,0.50 kg,ko,3.49,6.98,,,3.49,4001518117170,HRANA
JUHA PILEĆA S REZANCIMA 37g MAGGI,90453967,MAGGI,0.04 kg,ko,0.75,20.27,,,0.75,7613287319746,HRANA
ČOKOLADA DORINA DOMAĆICA 105g,90411130,DORINA,0.11 kg,ko,1.99,18.95,,,1.45,3850102519323,HRANA
VAFL LOACKER TAMNA ČOK 150g,04141144,LOACKER,0.15 kg,ko,2.49,16.6,,,2.19,8000380141548,HRANA
SLAD BIJELA ČOK MALINA 150 g FRANUI,90810870,FRANUI,0.15 kg,ko,6.99,46.62,,,6.99,8437020396011,HRANA
PAPAR CRNI ZRNO 36g MLINAC KOTANY,04100446,KOTANYI,0.04 kg,ko,,73.06,2.63,4.39,4.39,9001414041116,HRANA
ZAČIN ZA KRUMPIR 30g VEGETA NATUR,90185735,VEGETA NATUR,0.03 kg,ko,1.19,39.67,,,1.19,3850104278587,HRANA
ŠUNKA MANDOLINA 340g,90326067,GAVRILOVIĆ,0.34 kg,ko,,14.38,4.89,5.49,6.39,3858890209679,HRANA
UMAK HRUSTY SALSA MILD DIP 300g,90784738,HRUSTY,0.30 kg,ko,,3.97,1.19,1.49,1.49,3850334113788,HRANA
PAHULJICE TRIX 300g NESTLE,90809727,NESTLE ŽITAR,0.30 kg,ko,4.49,14.97,,,4.29,5900020045133,HRANA
KOBASICA NOSTALGIČNA 330g PIVAC,90725545,PIVAC,0.33 kg,ko,6.29,19.06,,,6.29,3858884998145,HRANA
LASAGNETTE BOLOGNESE 825g CONDELI,90703568,CONDELI,0.83 kg,ko,3.98,4.82,,,3.98,9010557506352,HRANA
SIR POLUTVRDI TRAPIST K PLUS 100g,90291798,K PLUS,0.10 kg,ko,,11.9,1.19,1.29,1.45,3850334343505,HRANA
KOBASICA DOMAĆA SUHA VAK KUDELIĆ,90382414,KUDELIĆ,1.00 kg,kg,17.49,17.49,,,16.69,,HRANA
PAH ZOB RISE&SMILE SIT MAXX 1000 g,90864989,RISE&SMILE,1.00 kg,ko,1.39,1.39,,,1.39,3850334433572,HRANA
DUO MIX BRUSN I ORAH IND FP EC 300g,90705631,EUROCOMPANY,0.30 kg,ko,4.99,16.63,,,4.99,3872084014474,HRANA
TIJESTO FUSILLI 98 1kg BARILLA,04050381,BARILLA,1.00 kg,ko,3.69,3.69,,,3.69,8076800105988,HRANA
UMAK SLATKI OD PAPRIKE 250ML YOUWOK,01491662,YOUWOK.COM,0.25 l,ko,3.49,13.96,,,3.35,8717228380051,HRANA
PUREĆI ZABATAK PODL VINDIJA,02450383,VINDON,1.00 kg,kg,10.69,10.69,,,10.69,3850339403006,HRANA
TUBA FRUTOLI JAB/KRUŠ/BAN 100g,90568469,LINO,0.10 kg,ko,1.39,13.9,,,1.39,3856020248093,HRANA
KORA ZA ROLADU SVIJ 380g CASA GRANDE,90750505,CASA GRANDE,0.38 kg,ko,5.99,15.76,,,5.99,8057592822710,HRANA
KAŠICA FRUTEK VOĆE ŽITARICE 190g,03140459,FRUTEK,0.19 kg,ko,,6.79,1.29,1.29,1.75,3838945503143,HRANA
SLAD KOR KING JOG-ŠUM VOĆE 167 ml LE,90885996,LEDO,0.17 l,ko,2.79,16.71,,,2.79,3850116066332,HRANA
INSTANT KAVA CREMA ST 180G BARCAFFE,90707703,BARCAFFE,0.18 kg,ko,9.99,55.5,,,8.49,3838471049689,HRANA
SIR POLUTVR PUNOM SALAKIS 300g PRESIDENT,90749925,PRESIDENT,0.30 kg,ko,5.49,18.3,,,5.19,3850355007837,HRANA
SIR TVRDI PECORINO ROMANO 200g,90433307,AGRIFORM,0.20 kg,ko,6.49,32.45,,,6.19,8003518100141,HRANA
TIJESTO IST FUŽI S JAJ SPEC MOM 500g,90825344,SPECIAL MOMENTS,0.50 kg,ko,2,4,,,3.79,3850334431066,HRANA
CIKLA 530/370 g NATURETA,01590159,NATURETA,0.37 kg,ko,2.35,6.35,,,2.35,3830003054338,HRANA
TOAST S INTEG.BRAŠ.500g,90123790,KLARA,0.50 kg,ko,2.45,4.9,,,2.45,3856016900578,HRANA
SIR POLUTV VARAŽDINEC 45% VINDIJA,02051594,Z BREGOV,1.00 kg,kg,,9.99,9.99,9.99,12.49,3850108055207,HRANA
MARGARIN ZA KREME 250g ZVIJEZDA,02210235,ZVIJEZDA,0.25 kg,ko,1.15,4.6,,,1.05,3858882211611,HRANA
KEKS LILLY VANILIN 220g KRAŠ,90275918,KRAŠ,0.22 kg,ko,1.79,8.14,,,1.79,3850120700055,HRANA
ŠLJIVA VEDRINI SUH B/K 1000g,90331984,VEDRINI,1.00 kg,ko,7.49,7.49,,,7.49,3858889330162,HRANA
HREN 200g STAKLO PODRAVKA,01492032,PODRAVKA,0.20 kg,ko,1.99,9.95,,,1.99,3850104209444,HRANA
LISTOVI ZA PITE I SAVIJAČE 500 TENA,04020134,TENA,0.50 kg,ko,1.92,3.84,,,1.92,3859892466008,HRANA
CIKLA KUHANA 500 grama,90077035,,0.50 kg,ko,1.69,3.38,,,1.59,8413567021050,HRANA
STUDENTSKI MIX GARD GOOD SLANI 180g,90363779,GARDEN GOOD,0.18 kg,ko,,9.94,1.79,2.29,1.79,3838900958568,HRANA
PILEĆI FILE NA ŠTAPIĆU 400g,90320267,PIKNIK,0.40 kg,ko,5.3,13.25,,,5.3,3838977024012,HRANA
ČOKOLADA FINESSE MLIJEČNA 80g,90335283,FINESSE,0.08 kg,ko,,10.88,0.87,1.03,1.03,3850334342973,HRANA
BOMB ORBIT STRONG MINT MINTS 28g,04191645,WRIGLEY,0.03 kg,ko,0.99,35.36,,,0.99,42211631,HRANA
KEKS FINESSE ČAJNO PECIVO 800g,90373352,FINESSE,0.80 kg,ko,2.59,3.24,,,2.59,3850334152398,HRANA
MLIJEKO ZAMJ BEBIMIL 2 600g,90389161,BEBIMIL,0.60 kg,ko,11.29,18.82,,,11.29,9007253104906,HRANA
GRAH GARDEN GOOD PINTO 1000g,90363735,GARDEN GOOD,1.00 kg,ko,2.79,2.79,,,1.99,3838900957035,HRANA
MEDALJONI PILEĆI SA SIROM CEKIN 660g,90599115,CEKIN,0.66 kg,ko,,9.83,6.49,7.69,7.69,3850159141379,HRANA
STUDENTSKI MIX FAMILY PACK EC 300g,90705629,EUROCOMPANY,0.30 kg,ko,3.49,11.63,,,3.49,3872084014368,HRANA
VAFL FRONDI KAKAO MLIJEKO 225g KRAŠ,90702863,FRONDI,0.23 kg,ko,,8.84,1.99,1.99,2.59,3850102007547,HRANA
KOBASICA DOMAĆA SUHA K PLUS,90670453,K PLUS,1.00 kg,kg,,10.99,10.99,13.49,12.49,,HRANA
MAHUNA ŽUTA GARDEN GOOD 1kg,90704002,GARDEN GOOD,1.00 kg,ko,2.39,2.39,,,2.39,3838900835319,HRANA
UMAK RAJČICA BOSILJAK 400g BARILLA,01490006,BARILLA,0.40 kg,ko,3.29,8.23,,,3.29,8076809513456,HRANA
INSTANT KAVA GOLD 100g BOČICA FRANC,04070405,FRANCK,0.10 kg,ko,,43.8,4.38,5.49,5.49,3850291055244,HRANA
VAFL NAPOLITANKA ČOK PRELJ KOKOS 250 g KRAŠ,90775770,KRAŠ,0.25 kg,ko,3.99,15.96,,,3.99,3850102012442,HRANA
AJVAR LJUTI 350g PODRAVKA,01480010,PODRAVKA,0.35 kg,ko,2.49,7.11,,,2.49,3850104050565,HRANA
KVASAC SUHI 7g 4+1 DR OETKER,90406807,DR OETKER,0.03 kg,ko,2,71.43,,,2,4000521024444,HRANA
POMMES EXTRA TANKI 600g,90730639,LEDO,0.60 kg,ko,,4.99,2.99,3.99,3.99,3850116063867,HRANA
DESERT MONTE 150g ZOTT,90039873,MONTE,0.15 kg,ko,1.19,7.93,,,1.19,40338248,HRANA
KRUH CORNY PAK 450g MLINAR,90706781,MLINAR,0.45 kg,ko,2.15,4.78,,,1.79,3858881124387,HRANA
TIJESTO VERMICELLI TAGL 80 500g ZARA,04050323,PASTA ZARA,0.50 kg,ko,1.59,3.18,,,1.59,8004350130808,HRANA
KAVA ESSPR CREMA JM NS 30/1 MULTI  168g,90409314,JULIUS MEINL,0.17 kg,ko,15.59,92.8,,,14.29,9000403979508,HRANA
ŠUMSKO VOĆE GARDEN GOOD 400 g,90854663,GARDEN GOOD,0.40 kg,ko,,8.73,3.49,3.99,1.99,8605002359891,HRANA
GULAŠ GOVEĐI 300g PODRAVKA,02160317,PODRAVKA,0.30 kg,ko,4.59,15.3,,,3.69,3850104020032,HRANA
DESERT KIT KAT MINI 12/1 200g,90364361,KIT KAT,0.20 kg,ko,4.49,22.45,,,4.49,5000189974579,HRANA
KRUH ZLATNA KORA 600 g NAR PAK KLARA,90850675,KLARA,0.60 kg,ko,2.29,3.82,,,2.05,3856016907492,HRANA
PITA S JABUKAMA 450 g MLINAR,90770866,MLINAR,0.45 kg,ko,5.29,11.76,,,5.29,3856028400127,HRANA
DESERT ROCHER T4 50g,90731503,FERRERO,0.05 kg,ko,2.19,43.8,,,1.99,80177043,HRANA
MLIJEKO TR LAG JUTRO 3.8% 1L DUKAT,90602732,DUKAT,1.00 l,ko,,1.69,1.69,1.99,1.99,3850354017042,HRANA
JOGURT ACTIMEL JAG BAN 4X100G,90147977,ACTIMEL,0.40 kg,ko,2.69,6.73,,,2.49,5997536134314,HRANA
KRUH BAKIN 500g PAK MLINAR,90706620,MLINAR,0.50 kg,ko,1.79,3.58,,,1.79,3858889899959,HRANA
KRUH PAN CEREA RUST BEZ GLU 250g SH,90317235,DR SCHAR,0.25 kg,ko,2.99,11.96,,,2.99,8008698024188,HRANA
JOGURT JOGOBELLA PANNA COTTA 150G ZOTT,90198669,JOGOBELLA,0.15 kg,ko,0.79,5.27,,,0.72,4014500512075,HRANA
FLIPS TIP TOP VES PRIJAT 45g,04140032,TIP TOP,0.05 kg,ko,1.09,24.22,,,1.09,3856021303722,HRANA
ČOK MILKA OREO SANDWICH 92g,90308570,MILKA,0.09 kg,ko,2.49,27.07,,,2.49,7622210830043,HRANA
BADEM JEZGRA FAMILY PACK EC 300g,90705627,EUROCOMPANY,0.30 kg,ko,4.99,16.63,,,4.29,3872084014382,HRANA
GRAH S KOBASICOM 400g PODRAVKA,02166109,PODRAVKA,0.40 kg,ko,3.89,9.73,,,3.69,3850104035739,HRANA
VAFL NAPOLITANKA COCOA&CHOCO 420g KRAŠ,90422803,KRAŠ,0.42 kg,ko,3.19,7.6,,,3.19,3850102519118,HRANA
KULEN 330G PIK MA,90232137,PIK VRBOVEC,0.33 kg,ko,7.99,24.21,,,7.99,3850139050028,HRANA
BOMBON PEZ FIGURICE 1+2 17g,04190686,PEZ,0.02 kg,ko,2.45,144.12,,,2.45,5997255700104,HRANA
SIR CAPRODUR 280g VINDIJA,90719934,VINDIJA,0.28 kg,ko,11.49,41.04,,,8.99,3850108052848,HRANA
KISELO VRHNJE MILERAM 22% 400g VIND,02331193,Z BREGOV,0.40 kg,ko,2.49,6.23,,,2.39,3850108036442,HRANA
BUĐOLA K PLUS NAR 250g,90670425,K PLUS,0.25 kg,ko,5.49,21.96,,,5.49,3850334019905,HRANA
INSTANT NESCAFE CREMA SENS ST 3X190g,90725556,NESCAFE,0.57 kg,ko,21.99,38.58,,,18.45,8445290820761,HRANA
SIR POLUTV GOUDA 48% 250g DUKAT,02055420,PRESIDENT,0.25 kg,ko,3.69,14.76,,,3.59,3850355007301,HRANA
FLIPS LUMPI KIKIRIKI 40G,90251886,LUMPI,0.04 kg,ko,,5.75,0.23,0.29,0.25,3850334598776,HRANA
KAŠICA HIPP BIO TEL TIJ RAJČ+1g 220g,03140039,HIPP,0.22 kg,ko,,8.14,1.79,2.09,2.09,9062300103547,HRANA
KEKS FINESSE CRANBERRY COOKIES 150g,90473073,FINESSE,0.15 kg,ko,2.19,14.6,,,2.19,3850334154453,HRANA
KEKS MILKA SENS SOFT CHOCO 156G,90251781,MILKA,0.16 kg,ko,3.39,21.73,,,3.39,7622202265822,HRANA
KAŠ INST ČOKOLEŠNIK 450g,90707625,ČOKOLEŠNIK,0.45 kg,ko,4.59,10.2,,,4.59,3856020262174,HRANA
SIR POLU CHEDDAR VINTAGE 200g,90487208,PRESIDENT,0.20 kg,ko,4.39,21.95,,,4.39,5017838821634,HRANA
MEDENO SRCE 150g VIŠNJA PIONIR,04146068,PIONIR,0.15 kg,ko,1.99,13.27,,,1.99,8602300206780,HRANA
DESERT LINO MLIJEČNI GRIS 200g,90290097,LINO,0.20 kg,ko,2.29,11.45,,,2.29,3850104294167,HRANA
JOGURT DANONE KIDS TOPER 2X110G,90231002,DANONINO,0.22 kg,ko,2.29,10.41,,,1.99,8713788121936,HRANA
PRAŠAK ZA PECIVO 12g PODRAVKA,04180536,DOLCELA,0.01 kg,ko,0.2,16.67,,,0.1,3850104216770,HRANA
ČAJ ŠIPAK RINFUZA 500g DARVITALIS,90587776,DARVITALIS,0.50 kg,ko,5.57,11.14,,,5.57,3858890834130,HRANA
SENF ESTRAGON 350g MAUTNER,90215048,MAUTNER MARK,0.35 kg,ko,2.59,7.38,,,2.29,9011900184401,HRANA
JOGURT TEK 2.8% M.M. 180g KRAVICA,90485377,KRAVICA KRALJICA,0.18 kg,ko,0.44,2.44,,,0.44,3856015324313,HRANA
KREKER RIBICE BOBI 100g,90210713,BOBI,0.10 kg,ko,1.05,10.5,,,0.95,3858891590745,HRANA
SLAD LEDO MEDO 70 ml,90885974,LEDO,0.07 l,ko,1.49,21.29,,,1.29,3850116066301,HRANA
SVINJSKI KULAR 5KOM CROMA,02038141,CROMA,1.00 ko,ko,6.99,6.99,,,6.99,3859890197010,HRANA
ČAJ KAMIL MALINA BEESTRO 20/1 50g FRANCK,90750531,FRANCK,0.05 kg,ko,3.29,65.8,,,3.29,3850291055183,HRANA
ČAJ ZELENI 25X2g AHMAD,90678490,AHMAD,0.05 kg,ko,2.39,47.8,,,2.39,054881005890,HRANA
KAVA NOTA CORTADO DG 16/1 104 g FRANCK,90750346,FRANCK NOTA,0.10 kg,ko,,45.96,4.78,5.99,5.99,3850291054926,HRANA
PLJUKANCI SVJEŽI 250g AURELIA,90707550,AURELIA,0.25 kg,ko,2.19,8.76,,,2.19,3859893533341,HRANA
SKUŠA FILET U MASL ULJU 105g AQ,90299725,ADRIATIC QUEEN,0.07 kg,ko,3.29,44.76,,,3.29,3850160110074,HRANA
NAPOLITANKE LIMUN STIX 160g JAFFA,90603033,JAFFA,0.16 kg,ko,1.49,9.31,,,1.49,8600114010692,HRANA
KAŠ INST ČOKOLINO BABY 210g,90320516,LINO,0.21 kg,ko,2.59,12.33,,,2.59,3856020211073,HRANA
KAVA LAVAZZA QUALITA ORO 250g,90386110,LAVAZZA,0.25 kg,ko,11.09,44.36,,,9.59,8000070019911,HRANA
DŽEM K PLUS EXTRA MALINA 350g,90794838,K PLUS,0.35 kg,ko,,5.69,1.99,2.99,2.99,3850334112934,HRANA
KEKS MOTO KAKAO MLIJEKO 192g,90599674,MOTO,0.19 kg,ko,1.99,10.37,,,1.79,3850102522705,HRANA
REZANCI S JAJIMA ZA JUHU 400g MLIN PUKANIC,90404117,MLIN PUKANIĆ,0.40 kg,ko,2.25,5.63,,,2.25,3859892888305,HRANA
ČIPS CRUNCHIPS X CUT PAPRIKA 130g,90705476,LORENZ,0.13 kg,ko,2.25,17.31,,,2.25,4018077005411,HRANA
LAN BIO ZONE 500 g,90824905,BIO ZONE,0.50 kg,ko,,3.58,1.79,1.99,1.99,3838900841051,HRANA
NAMAZ PEANUT BUTTER CRUNCHY 1000g,90568631,PROSERIES,1.00 kg,ko,11.99,11.99,,,11.99,3858892299630,HRANA
PUDING ČOKOLADA 49G 3+1GRAT DR OETK,04180920,DR OETKER,0.15 kg,ko,,9.18,1.35,2.16,2.16,5997381375658,HRANA
SENF DIJON 200ML MAILLE,90193971,MAILLE,0.20 l,ko,4.19,20.95,,,3.99,3036810201280,HRANA
NAREZAK BEZ MESA 300g VEGETARIANA,90047396,VEGETARIANA,0.30 kg,ko,4.99,16.63,,,4.99,3859892560034,HRANA
PILEĆI RAGU 200g       PODRAVKA,02166678,PODRAVKA,0.20 kg,ko,2.49,12.45,,,2.49,3850104068478,HRANA
PUREĆI ĆEVAPČIĆI SMR 400g VINDIJA,02451418,VINDON,0.40 kg,ko,4.49,11.23,,,4.49,3850339439005,HRANA
BAKE ROLLS TOMATO OLIVE 80 g,90775745,CHIPITA,0.08 kg,ko,0.82,10.25,,,0.82,7622202016288,HRANA
MED CVJETNI 720g DOMED,90698377,DOMED OBRT,0.72 kg,ko,11.99,16.65,,,11.99,3859893707094,HRANA
TENDER RIB EYE 330 g PIK,90894920,PIK VRBOVEC,0.33 kg,ko,9.79,29.67,,,9.79,3850139285161,HRANA
PAŠTETA EVA TUNA POVRĆE LIM 95 G,90170245,EVA,0.10 kg,ko,1.79,18.84,,,1.72,3850104274961,HRANA
MUESLI CRUNCH NATU ČOK/BAN 350g,04171156,NATUREL,0.35 kg,ko,,7.4,2.59,2.59,3.59,3858887240722,HRANA
NAMAZ POV SA ŠAMP 75g NATUREL,90030973,NATUREL,0.08 kg,ko,1.45,19.33,,,1.45,3858887246236,HRANA
MJEŠ ZA AM PALAČINKE HI PROTEIN 210g DOLCELA,90571104,DOLCELA,0.21 kg,ko,2.89,13.76,,,2.89,3856020249137,HRANA
KAVA ESPRESSO SUPERI KUT 140g,90386235,SUPERIORE,0.14 kg,ko,11.99,85.64,,,11.99,3850291049915,HRANA
OCAT JABUČNI 1L VRBANEK,03125006,VRBANEK,1.00 l,ko,1.59,1.59,,,1.59,3859891209019,HRANA
ŽELATINA BIJELA 10g DR OETKER,04180086,DR OETKER,0.01 kg,ko,0.99,99,,,0.99,5997381370387,HRANA
JUHA LOVAČKA 68g PODRAVKA,04162711,PODRAVKA,0.07 kg,ko,1.39,20.44,,,1.39,3850104002700,HRANA
KOBASICA OD DIVLJE SVINJE 200g HISTRIS,90463047,HISTRIS,0.20 kg,ko,9.29,46.45,,,7.59,3859893167492,HRANA
ČIPS LAY'S MAXX SALSA 120g,90825710,PEPSICO,0.12 kg,ko,,16.58,1.99,2.29,1.89,5900259135834,HRANA
JOGURT NA BAZI KOK NAT 150g PLANTON,90705528,PLANTON,0.15 kg,ko,1.72,11.47,,,1.72,5901104006262,HRANA
KREMA ZA KREMŠNITE INST 230g DR OETK,04185910,DR OETKER,0.23 kg,ko,3.19,13.87,,,3.19,5997381329415,HRANA
SUHA PEČENICA cca300g SUŠARA PERAJICA,90404119,SUŠARA PERAJICA,1.00 kg,kg,29.49,29.49,,,29.49,,HRANA
SALATA PILETINA TJESTENINA 160g ARGETA,90825314,ARGETA,0.16 kg,ko,4.19,26.19,,,4.19,3838471055482,HRANA
PIZZA FELICIANA SALAMA 320g,90380022,DR OETKER,0.32 kg,ko,4.29,13.41,,,4.29,5900437007151,HRANA
DESERT KIT KAT CHUNKY 40g NESTLE,04221419,KIT KAT,0.04 kg,ko,1.35,33.75,,,1.35,3800020415627,HRANA
TJESTENINA U ČAŠI CHILI 63g MAGGI,90360849,MAGGI,0.06 kg,ko,2.09,33.17,,,2.09,8445291837461,HRANA
PAŠTETA JETRENA 100g ASCOMMERCE,90058329,ASCOMMERCE,0.10 kg,ko,0.69,6.9,,,0.69,3858881333857,HRANA
PROTEIN SNACK 40g Z BREGOV,90732991,Z BREGOV,0.04 kg,ko,1.49,37.25,,,1.49,3850108049909,HRANA
BRAŠNO OŠTRO T-400 2kg MLINETA,04030176,MLINETA,2.00 kg,ko,1.55,0.78,,,1.55,3859888419094,HRANA
AJVAR K PLUS LJUTI 680g,90423940,K PLUS,0.68 kg,ko,2.99,4.4,,,2.79,3850334234964,HRANA
NAPOLITANKE KAKAO 700g BALADA,90302976,BALADA,0.70 kg,ko,2,2.86,,,2.25,3850334352354,HRANA
SIR SVJEŽI 20% MM 500g  VERONIKA,02398884,VERONIKA,0.50 kg,ko,2.59,5.18,,,2.59,3859889622059,HRANA
KRUH VITAL BEZ GLUTENA 300g RAZVO,90307074,MOJE MALO ZLATO,0.30 kg,ko,4.89,16.3,,,4.89,3859893064340,HRANA
UMAK PRIPREMA ZA BOLOGNESE 400g BARI,01490213,BARILLA,0.40 kg,ko,3.29,8.23,,,3.29,8076809513654,HRANA
SIR TVRDI PAŠKI 200G,90283219,PAŠKI SIR,0.20 kg,ko,12.99,64.95,,,9.99,3859892884291,HRANA
JUHA PIL NOODLES MINUTE 4X70g,90730963,MINUTE,0.28 kg,ko,1.69,6.04,,,1.69,3850334070487,HRANA
KULEN DOBRO,90392047,DOBRO,1.00 kg,kg,18.99,18.99,,,18.99,3850133812493,HRANA
KAŠICA HIPP INT JAB BAN KEK 4-6MJ 190,03140115,HIPP,0.19 kg,ko,1.65,8.68,,,1.65,9062300132455,HRANA
GUSTIN 200G+50G GRATIS DR OETKER,04183875,DR OETKER,0.20 kg,ko,1.89,9.45,,,1.89,5997381348584,HRANA
ŠPEK DOMAĆI VAKUM KUDELIĆ,90432843,KUDELIĆ,1.00 kg,kg,18.99,18.99,,,15.99,,HRANA
POLI LIGHT 500g PERUTNINA,90598602,POLI,0.50 kg,ko,,6.98,3.49,3.49,4.25,3850220154086,HRANA
FLIPS BOBI 90g,04149382,BOBI,0.09 kg,ko,1.09,12.11,,,0.95,3858891590042,HRANA
SIR TVRDI KOZJI 150g,90705261,INTERLAT,0.15 kg,ko,3.99,26.6,,,3.99,8427298009560,HRANA
KRUH RAŽENA RUSTIKA 500g PAK KLARA,90340625,KLARA,0.50 kg,ko,0.85,1.7,,,2.05,3856016904668,HRANA
PAPRIKA REZANA 350G CIJ.MASA,01510342,SLOVA,0.36 kg,ko,2.49,6.92,,,2,3850334132574,HRANA
SIR GORGONZOLA 150g DUKAT,02053904,GALBANI,0.15 kg,ko,3.99,26.6,,,3.89,8000430058765,HRANA
FLIPS SA KECAPOM CLIPSY DINI 30g,04140906,PEPSICO,0.03 kg,ko,0.99,33,,,0.99,8606103039255,HRANA
SIR TVRDI OTOČAN 300g MIH,90486865,SIRANA MIH,0.30 kg,ko,8.49,28.3,,,8.49,3859891700622,HRANA
FORTIA ŽITARICE 1kg TTOP VINDIJA,90428208,FORTIA,1.00 kg,ko,2.69,2.69,,,2.69,3850108036633,HRANA
DESERT KINDER BUENO T4 172g,90261131,FERRERO,0.17 kg,ko,4.39,25.52,,,3.99,5020411113828,HRANA
MASLAC 250g VERONIKA,02180353,VERONIKA,0.25 kg,ko,3.99,15.96,,,3.79,3859889622189,HRANA
ĐUMBIR KOCKA GARDEN GOOD 180g,90363737,GARDEN GOOD,0.18 kg,ko,1.99,11.06,,,1.99,3838900958469,HRANA
ČOKOL LINDT EXC DARK 85% 100g,04211347,LINDT,0.10 kg,ko,5.29,52.9,,,4.29,3046920022378,HRANA
PILEĆA MINI KRILCA 450g,90732048,MEĐIMURSKO PILE,0.45 kg,ko,2.79,6.2,,,2.79,3850220408400,HRANA
DESERT KINDER SCHOKO BONS WHITE 200g,90361366,FERRERO,0.20 kg,ko,6.09,30.45,,,5.29,8000500289877,HRANA
JOGURT PROACTIVE ACTIVE ZONE 1% 330g,90513448,ACTIVE ZONE,0.33 kg,ko,,2.39,0.79,0.95,0.95,3850334394057,HRANA
ČAJ BAKIN MIJEŠANI 50g  PODRAVKA,90339354,PODRAVKA,0.05 kg,ko,2.59,51.8,,,2.49,3856020220655,HRANA
VRHNJE ZA KUHANJE LAGANO 500g DUKAT,90602853,BRZO&FINO,0.50 kg,ko,3.49,6.98,,,3.39,3850354017172,HRANA
DESERT NUTELLA B-READY 132g,90290647,FERRERO,0.13 kg,ko,2.99,22.65,,,2.79,8000500227848,HRANA
DEBRECINKA 330g RAW-ŠTILJ,90628315,RAW ŠTILJ,0.33 kg,ko,3.39,10.27,,,3.39,3850334017901,HRANA
GRAH SMEĐI GARDEN GOOD 800/480 g,90854721,GARDEN GOOD,0.48 kg,ko,1.49,3.1,,,1.49,3838900842874,HRANA
SIR TVRDI EMENTAL PRES 250g DUKAT,02053902,PRESIDENT,0.25 kg,ko,5.57,22.28,,,5.57,3228023910039,HRANA
TIJESTO SPAGHETTI 1kg PASTA ZARA,90754967,PASTA ZARA,1.00 kg,ko,2.39,2.39,,,2.39,8004350120038,HRANA
KIKIRIKI VREĆ 500g FRANCK,04070147,CHIO,0.50 kg,ko,4.85,9.7,,,4.85,3856021302237,HRANA
NAMAZ LINO LADA GOLD  CREAMY 350g PODRAVKA,90707717,LINO LADA,0.35 kg,ko,3.99,11.4,,,3.99,3856020265366,HRANA
SIR TVRDI LIVANJSKI MLJEKARA LIVNO,02051921,MLJEKARA LIV,1.00 kg,kg,23.69,23.69,,,23.69,3870348000010,HRANA
ČOKOL SAMO TI MALINA 100g ZVEČEVO,90080679,SAMO TI,0.10 kg,ko,1.59,15.9,,,1.29,3858888573829,HRANA
PAŠTETA ČAJNA ARGETA 3X95g,90147547,ARGETA,0.29 kg,ko,4.19,14.7,,,3.79,3838471027946,HRANA
SIR NAM ABC 100g ČILI,90349085,ABC,0.10 kg,ko,1.35,13.5,,,1.15,3856015324245,HRANA
KEKSI S VLAKNIMA BŠ 170g GULLON,90314747,GULLON,0.17 kg,ko,2.19,12.88,,,2.19,8410376039733,HRANA
ORAH MLJEVENI 200g KRESTO,01310460,KRESTO,0.20 kg,ko,2.39,11.95,,,2.39,3858882290661,HRANA
MEDENE KUGLICE 235g MARLENKA,90438003,MARLENKA,0.24 kg,ko,6.99,29.74,,,6.99,8594071650292,HRANA
PRAŠAK ZA PECIVO 6x15g RUF,90360139,RUF,0.09 kg,ko,0.79,8.78,,,0.8,4002809046117,HRANA
ČOKOLADA DADO KANDI 90 g,90142849,KANDIT,0.09 kg,ko,1.69,18.78,,,1.69,3858881046764,HRANA
VEGETA 75g VREĆICA PODRAVKA,04163367,VEGETA,0.08 kg,ko,1.09,14.53,,,1.09,3850104008054,HRANA
ŠLAG SPRAY BEZ LAKTOZE MEGGLE 250g,90674510,MEGGLE,0.25 kg,ko,2.65,10.6,,,2.65,8585002523426,HRANA
ODRESCI POVRĆE ŽITO ZAM 400g,90299197,ŽITO,0.40 kg,ko,3.39,8.48,,,3.39,3856020262020,HRANA
BISKVIT IŠLERI S EUROCREMOM 250g,90074891,EUROCREM,0.25 kg,ko,3.19,12.76,,,3.19,8600946443002,HRANA
BOMBON JUICY DROP DIPPERZ 96g BAZOOKA,90731749,BAZOOKA,0.10 kg,ko,4.39,45.73,,,3.99,5011053025891,HRANA
ČAJ K PLUS ZELENI 20X2g,90453808,K PLUS,0.04 kg,ko,1.09,27.25,,,1.09,3850334240163,HRANA
NAMAZ SIR SVJEŽI POVRĆE VIVIS 200g,90363626,VIVIS,0.20 kg,ko,2.19,10.95,,,2.19,3850108058772,HRANA
KRUH PANE CAMP BEZ GL 240g SCHAR,04143019,DR SCHAR,0.24 kg,ko,4.29,17.87,,,4.29,8008698002599,HRANA
PRAŠAK CREATINE MONOHYDRAT 250g,90346281,POLLEO,0.25 kg,ko,23.99,95.96,,,23.99,3858892293508,HRANA
DESERT TORTICA CRUNCHY 21g KRAŠ,90528272,TORTICA,0.02 kg,ko,0.55,26.19,,,0.55,3850102521449,HRANA
ZAČIN CIMET MLJEV VR 25g VEGETA MAESTRO,90282221,VEGETA MAESTRO,0.03 kg,ko,0.99,39.6,,,0.99,3850104294433,HRANA
KAVA MINAS MLJEV 250g ANAMARIA,04070135,ANAMARIA,0.25 kg,ko,4.99,19.96,,,4.19,3858881770027,HRANA
PIRE VOĆ. POWER 200g NUTRINO LAB,90573504,NUTRINO LAB,0.20 kg,ko,2.25,11.25,,,2.25,8606019652920,HRANA
ŽELIN 25g PODRAVKA,04180450,DOLCELA,0.03 kg,ko,1.19,47.6,,,1.19,3850104007958,HRANA
MLIJEKO ALPSKO BEZ LAK 3.5% 1L DUKAT,90342096,LJUBLJ.MLEK.,1.00 l,ko,2.19,2.19,,,2.19,3838800059709,HRANA
SLAD GELATISSIMO BOURBON VANIL 900ml,90764949,GELATISSIMO,0.90 l,ko,3.99,4.43,,,3.99,3850334108074,HRANA
PANIRANI PILEĆI ODRESCI 400g,90438160,CEKIN,0.40 kg,ko,4.85,12.13,,,4.85,3850159141300,HRANA
SALATA SLANI SIR MINUTE 180g,90623216,MINUTE,0.18 kg,ko,,13.84,2.49,2.99,2.99,3850334019004,HRANA
BOMBONI TIC TAC FRUITY MIX 18g,90423486,FERRERO,0.02 kg,ko,0.79,43.89,,,0.79,80816652,HRANA
ČIPS OD LEĆE CHIO PAPRIKA  65g,90600037,CHIO,0.07 kg,ko,1.99,30.62,,,1.99,3856021305276,HRANA
TIJESTO SPAGHETTINI 3 1kg BARILLA,04050331,BARILLA,1.00 kg,ko,3.69,3.69,,,3.69,8076800105032,HRANA
BISKVIT SUNNY PREL KAKAO PUNJENJE 240g 8/1,90702777,SUNNY,0.24 kg,ko,1.59,6.63,,,1.59,3850334044006,HRANA
VAFL LOACKER THINS NAPOLITANER 150g,90486186,LOACKER,0.15 kg,ko,2.49,16.6,,,2.19,8000380201600,HRANA
ČIPS HRUSTY SLANI RR MAXX 280g,90730190,HRUSTY,0.28 kg,ko,1.59,5.68,,,1.59,8605028604098,HRANA
ČOKOLADA DORINA KOKOS 98g,90593184,DORINA,0.10 kg,ko,1.99,20.31,,,1.45,3850102516889,HRANA
ČOKOLADA FINESSE CIJELI LJEŠNJAK 220g,90648567,FINESSE,0.22 kg,ko,,13.09,2.88,3.39,3.39,3838900807644,HRANA
SIR TVRDI DIMLJENI LIVANJSKI VAC,90794981,MLJEKARA LIV,1.00 kg,kg,23.69,23.69,,,23.69,3877000339808,HRANA
SENF ESTRAGON ST 700g PODRAVKA,01530249,PODRAVKA,0.70 kg,ko,3.99,5.7,,,3.99,3850104023415,HRANA
ČOKOLADA MILKA OREO BROWNIE 100g,90352824,MILKA,0.10 kg,ko,2.49,24.9,,,2.49,7622210956163,HRANA
POMMES FRITES BATAT MINUTE 500g,90478441,MINUTE,0.50 kg,ko,,3.98,1.99,1.99,2.99,3858884500072,HRANA
PROTEIN 1ST WHEY 454g  VANILLA MADAGASCAR,90345158,POLLEO,0.45 kg,ko,21.99,48.44,,,21.99,3858892293317,HRANA
KOLAČ FINE OBLATNE 300g MARICA,90675023,MARICA PEKARICA,0.30 kg,ko,3.99,13.3,,,3.99,3859890947745,HRANA
SIR NAM MIX 200g VINDIJA,02390867,Z BREGOV,0.20 kg,ko,1.99,9.95,,,1.99,3850108059069,HRANA
UMAK ZA PIZZU 400g MUTTI,01490056,MUTTI,0.40 kg,ko,2.19,5.48,,,1.99,8005110551215,HRANA
KETCHUP BLAGI 450g HEINZ,90799708,HEINZ,0.45 kg,ko,2.99,6.64,,,2.99,8715700421551,HRANA
KRUH PAN BAULETO BIJELI 400g BARILLA,04016532,BARILLA,0.40 kg,ko,2.05,5.13,,,2.05,8076809504720,HRANA
KRUH BIJELI ŠNITE 300g SCHAR,90188214,DR SCHAR,0.30 kg,ko,4.29,14.3,,,4.29,8008698005576,HRANA
KEKS NOBLICE KAKAO 4/1 222 g BANINI,90754713,BANINI,0.22 kg,ko,1.59,7.16,,,1.49,8600462042536,HRANA
TORTELLONI RICOTTA ŠPINAT 450g,90290449,AURELIA,0.45 kg,ko,4.79,10.64,,,4.79,3859892780654,HRANA
SLAD BEN & JERRY CHOCO FUDGE 465ml,90406105,BEN & JERRY'S,0.47 l,ko,8.99,19.33,,,8.99,8711327370708,HRANA
ULJE MASLINOVO EX DJEV 0.5L FARCHIONI,90339729,FARCHIONI,0.50 l,ko,6.49,12.98,,,7.49,8007153005427,HRANA
CORN FLAKES HONEY NUT 450g NESTLE ,90675299,NESTLE ŽITAR,0.45 kg,ko,3.99,8.87,,,3.99,5900020025692,HRANA
PAPAR CRNI MLJEVENI VR VEGETA MAESTRO 100 g,90282084,VEGETA MAESTRO,0.10 kg,ko,3.59,35.9,,,3.59,3850104294617,HRANA
DESERT NESTLE GRIZ VANILIJA 4X100 g,90759694,NESTLE,0.40 kg,ko,,7.98,3.19,3.59,3.59,7613034515667,HRANA
KIKIRIKI PRŽ BEZ ULJA AROM 125g VREĆ,04070233,CHIO,0.13 kg,ko,1.79,14.32,,,1.79,3856021302251,HRANA
ZAČIN PERŠIN USITNJ VR 7g VEGETA MAESTRO,90282115,VEGETA MAESTRO,0.01 kg,ko,0.89,127.14,,,0.89,3850104294549,HRANA
ŠEĆER SMEĐI DEMERARA 500g BILLINGTON,04120021,BILLINGTON,0.50 kg,ko,2.49,4.98,,,2.49,5010651001115,HRANA
TUBA VOĆNA HIPP JAB BRES ŠUM VOĆE 100g,90290029,HIPP,0.10 kg,ko,1.35,13.5,,,1.35,4062300278554,HRANA
PRAŠAK ZA PECIVO 60g 5X12g SWEET CHEF,90406547,SWEET CHEF,0.06 kg,ko,0.49,8.17,,,0.49,3850334197665,HRANA
KEKS BELVITA SOFT PUNJ JAGODA 250g,90381687,BELVITA,0.25 kg,ko,3.35,13.4,,,3.35,7622210592262,HRANA
PECIVO OBITELJSKO XXL 480 g,90745930,TVOJIH 5 MIN,0.48 kg,ko,1.89,3.94,,,1.89,3858885565629,HRANA
PUDING VANILIJA 120g 3X40g SWEET CHEF,90389462,SWEET CHEF,0.12 kg,ko,0.57,4.75,,,0.57,3850334197634,HRANA
JUHA GOVEĐA S REZANC 37g MAGGI,90453971,MAGGI,0.04 kg,ko,0.75,20.27,,,0.75,7613287314949,HRANA
INSTANT JACOBS MONARCH 200g,04074041,JACOBS,0.20 kg,ko,14.99,74.95,,,12.99,8711000513880,HRANA
KEKS DOMAĆICA EXTRA CHOC NAR VR 220 g,90800786,DOMAĆICA,0.22 kg,ko,,11.32,2.49,3.49,3.19,3850102009626,HRANA
SLAD MOCHI PISTAC LITTLE MOONS 6x32g,90704578,LITTLE MOONS,0.19 kg,ko,6.99,36.41,,,6.99,5027324001860,HRANA
KRUH SJEME BEZ GLUTENA 400g RAZVOJNE,90307078,MOJE MALO ZLATO,0.40 kg,ko,4.89,12.23,,,4.89,3859893064142,HRANA
BISKVIT BARNI CHOCO 30g,04151406,BARNI,0.03 kg,ko,0.85,28.33,,,0.85,5906747314118,HRANA
ULJE MASLINOVO EX DJEV 0.75L MARIN,03210180,PZ MARINA,0.75 l,ko,16.99,22.65,,,16.99,3859888295025,HRANA
NAMAZ POVRĆE 75g NATUREL,90030971,NATUREL,0.08 kg,ko,1.45,19.33,,,1.45,3858887246243,HRANA
SOK 100% VINDI DISNEY NARANČA 0.2L,90731577,VINDI,0.20 l,ko,0.75,3.75,,,0.75,3850108075489,PIĆE
PIĆE GAZ SCHWEPPES TONIC SLIMLIN 1L PET,90407757,SCHWEPPES,1.00 l,ko,1.79,1.79,,,1.79,5449000064219,PIĆE
LIKER PINA COLADA 0.7L,90035175,PINA COLADA,0.70 l,ko,10.79,15.41,,,10.05,8712436102839,PIĆE
PIVO 5TH ELEMENT LELA 0.5L LIM ,90667922,5TH ELEMENT,0.50 l,ko,,4.1,2.05,2.05,2.05,3859893750342,PIĆE
SURPRISE SOK JABUKE 0.30 L + IZNENAĐENJE,90174021,SURPRISE,0.30 l,ko,1.49,4.97,,,1.39,8594023921050,PIĆE
PRIMA BRAND 0.5L 36% BADEL,03070257,BADEL 1862,0.50 l,ko,7.05,14.1,,,7.05,3850112141217,PIĆE
VINO VITAČ TIKVEŠ 1L,90669851,TIKVEŠ,1.00 l,ko,4.15,4.15,,,4.15,5310008006047,PIĆE
CEDEVITA NARANČA 200g,04181016,CEDEVITA,0.20 kg,ko,2.19,10.95,,,2.09,3850322003527,PIĆE
VINO FRANKOVKA 1L VINA BELJE,90311428,BELJE,1.00 l,ko,7.05,7.05,,,7.05,3850257020224,PIĆE
VINO CHARDONAY 0.75L VRH ILOČKI PODR,03011961,ILOČKI PODRUMI,0.75 l,ko,12.05,16.07,,,12.05,3859889556798,PIĆE
VODKA BLACKY ŠUM VOĆE 0.7L,03070200,NIMCO,0.70 l,ko,8.55,12.21,,,8.55,4000152004570,PIĆE
VINO POSTUP 0.75L PZ I VIN DINGAČ,03023753,PZ I VIN DINGAČ,0.75 l,ko,13.59,18.12,,,13.59,3859888108028,PIĆE
PIVO GARDEN INDIA PALE ALE 0.33L LIM,90407714,GARDEN,0.33 l,ko,1.99,6.03,,,1.99,3859893653155,PIĆE
PIVO PILS 0.5L LIM ,90608068,ZMAJSKA PIVOVARA,0.50 l,ko,2.05,4.1,,,2.05,3859893414404,PIĆE
PIVO DVA KLASA 0.5l,90132109,MEDVEDGRAD,0.50 l,ko,1.99,3.98,,,1.99,3857500003232,PIĆE
RAK ŠLJIV STA 1L DOM MARASKA,03071010,MARASKA,1.00 l,ko,16.05,16.05,,,16.05,3850158301705,PIĆE
BADEL DOMAĆI 0.5 L,90850964,BADEL 1862,0.50 l,ko,7.05,14.1,,,7.05,3850112145123,PIĆE
PIĆE GAZ INKA BITTER LEMON 1.5L PET,90528146,INKA,1.50 l,ko,1.79,1.19,,,1.79,3856022301901,PIĆE
PIVO HEINEKEN 0.5L LIM,03040181,HEINEKEN,0.50 l,ko,1.75,3.5,,,1.69,3830001714692,PIĆE
VINO ROSE DIKA 0.75L,90097834,DIKA,0.75 l,ko,6.75,8.98,,,6.75,3859892201197,PIĆE
PIVO CARLSBERG 0.5L LIM,03041315,CARLSBERG,0.50 l,ko,1.59,3.18,,,1.59,8606103965318,PIĆE
ROYAL BRAND MARASKA 0.7L,90705009,MARASKA,0.70 l,ko,9.25,13.21,,,9.25,3850158201326,PIĆE
GAZ PIĆE SKY COLA 1L,90571911,SKY COLA,1.00 l,ko,1.25,1.25,,,1.25,3875000182431,PIĆE
ALOE VERA LOTTE JAGODA 0.24L,90340515,LOTTE,0.24 l,ko,1.05,4.37,,,1.05,8801056094034,PIĆE
NAPITAK POWERADE MOUNTAIN BLAST 0.5L,03142103,POWERADE,0.50 l,ko,1.65,3.3,,,1.65,54492653,PIĆE
PIVO CARLSBERG 4PACK 0.5L LIM,90568509,CARLSBERG,2.00 l,ko,5.55,2.78,,,5.55,3858887583751,PIĆE
LEDENI ČAJ BRESKVA 1.5L FUZETEA,90311883,FUZETEA,1.50 l,ko,1.79,1.19,,,1.75,5449000239280,PIĆE
SOK ANTI STRESS 330 ml JUICEFAST,90890203,JUICEFAST,0.33 l,ko,2.99,9.06,,,2.99,3859894234599,PIĆE
VODA IZVOR JANA LIMUN 1.5L JAMNICA,03185040,JANA,1.50 l,ko,1.59,1.06,,,1.59,3858884600819,PIĆE
PIVO CARLSBERG 0.4L PB,90704310,CARLSBERG,0.40 l,ko,1.15,2.88,,,1.15,8600331002203,PIĆE
MIN VODA DONAT MG 0.5L GAZ PET,03180004,DONAT,0.50 l,ko,1.39,2.78,,,1.39,3838600253345,PIĆE
GAZ PIĆE ORANGINA 0.5L PET,03160077,ORANGINA,0.50 l,ko,1.65,3.3,,,1.65,3877000209170,PIĆE
PELINKOVAC ORANGE 0.7L BADEL ,90442846,BADEL 1862,0.70 l,ko,12.55,17.93,,,10.99,3850112111517,PIĆE
COGNAC HENNESSY VS 0.7L 40%,03082423,HENNESSY,0.70 l,ko,38.05,54.36,,,38.05,3245990043317,PIĆE
ČAJ LEDENI ARIZONA BOROVNICA 0.45L,90484332,ARIZONA,0.45 l,ko,1.55,3.44,,,1.55,0613008753382,PIĆE
NEKTAR GUSTI TO 1 L,90890090,TO,1.00 l,ko,1.59,1.59,,,1.59,3858890973150,PIĆE
VINO VRANAC TERRA VINEA BIB 3L,90572114,TERRA VINEA,3.00 l,ko,,1.52,4.55,6.09,6.09,3850334520944,PIĆE
NAPITAK ISO SPORT LIMUN GREJP GAZ. 0.5L,90673708,ISO SPORT,0.50 l,ko,1.25,2.5,,,1.25,3850108071665,PIĆE
KULTURA KOMBUCHA MEN I LIME 330 ml,90885453,KULTURA,0.33 l,ko,2.89,8.76,,,2.89,3859893720253,PIĆE
GAZ PIĆE FANTA ORANGE ZERO 0.5L PET,90361106,FANTA,0.50 l,ko,1.19,2.38,,,1.15,5449000139382,PIĆE
LIKER JAGERMEISTER GIFT PAC 0.70L+2 ,03080171,JAGERMEISTER,0.70 l,ko,17.99,25.7,,,17.99,3830033590066,PIĆE
SOK OD ŠUMSKE BOROVNICE  0.75l BOKUN,90403909,BOKUN,0.75 l,ko,10.49,13.99,,,9.69,3859891224364,PIĆE
NEKTAR KRUŠKA FRUCTAL 1L,03142815,FRUCTAL,1.00 l,ko,2.39,2.39,,,1.72,3838945509008,PIĆE
LIKER BAILEY'S 0.7L,03080035,BAILEY'S,0.70 l,ko,24.29,34.7,,,24.29,5011013100156,PIĆE
PIĆE GAZ COCA COLA ZERO 5+1 GR 0.33 l LIM,90602705,COCA COLA,1.65 l,ko,5.45,3.3,,,5.45,5000112652871,PIĆE
NEG PIĆE FIS JABUKA 2L,90082619,FIS,2.00 l,ko,1.89,0.95,,,1.89,3850108072839,PIĆE
CEDEVITA BAZGA LIMUN 900g,90571941,CEDEVITA,0.90 kg,ko,6.69,7.43,,,6.39,3850322015049,PIĆE
SOK FRUCTAL JABUKA BISTRI 100% 1L,90499375,FRUCTAL,1.00 l,ko,2.39,2.39,,,1.72,3838945007887,PIĆE
LIKER PELINKOVAC WINTER BADEL 0.7L,90682796,BADEL 1862,0.70 l,ko,11.99,17.13,,,10,3850112112095,PIĆE
PIVO PAULANER HP KELLER 0.5L LIM,90602737,PAULANER,0.50 l,ko,1.79,3.58,,,1.79,4004866220639,PIĆE
RUM RON CALADOS TAMNI 700ml,90295646,CALADOS,0.70 l,ko,9.69,13.84,,,9.69,5021692750108,PIĆE
NEG PIĆE TOCO CRVENA NAR AVOK-CIKLA 1.5L,90600282,TOCO,1.50 l,ko,1.69,1.13,,,1.59,3858890878974,PIĆE
NAPITAK OD ĐUMBIRA EKO 75ml GREEN,90448242,GREEN IN PACK,0.08 kg,ko,1.99,26.53,,,1.99,3859894229007,PIĆE
COCKT RTD PELIN&TONIK 0.33 L,90800155,MARASKA,0.33 l,ko,2.29,6.94,,,1.99,3850158510305,PIĆE
LIKER OD BOROVNICE 500ml KAPRONCA,90498841,AL KAPRONE,0.50 l,ko,13.19,26.38,,,9.39,3859892356088,PIĆE
SET DOVE PETAL DEO+SG,90970200,UNILEVER,1.00 ko,ko,9.99,9.99,,,9.99,8721201971242,KOZMETIKA
ZP VADEM JUNIOR 2IN1 STRAWBERR 75 ml,90975637,VADEMECUM,0.08 l,ko,2.99,39.87,,,2.99,4068883000438,KOZMETIKA
ZP VADEMECUM MYLITTLE STRAW 50 ml,90975641,VADEMECUM,0.05 l,ko,1.99,39.8,,,1.99,4068883000445,KOZMETIKA
SET OS EPIC LEGEND STICK+SG,90969913,OLD SPICE,1.00 ko,ko,7.89,7.89,,,7.89,8006530006187,KOZMETIKA
SET NIVEA MEN SENS MOMENTS SG+DEO,90965096,NIVEA,1.00 ko,ko,9.49,9.49,,,9.49,9005800393346,KOZMETIKA
SET OS GENTELMAN CAPTAIN DEO+GEL,90954930,OLD SPICE,1.00 ko,ko,7.9,7.9,,,7.9,8006530006972,KOZMETIKA
SET OS IRONMAN DEO+ST+SG,90954935,OLD SPICE,1.00 ko,ko,13.99,13.99,,,13.99,8006530007085,KOZMETIKA
SET PANTENE R&P SH400 ml+REG220 ml,90954905,PANTENE,1.00 ko,ko,10.99,10.99,,,10.99,8006530042369,KOZMETIKA
SET PANTENE INF SH400 ml+REG220 ml,90954907,PANTENE,1.00 ko,ko,10.99,10.99,,,10.99,8006530042406,KOZMETIKA
ZP ORAL B 3D WHITE LUXE 75 ml,90976152,ORAL B,1.00 ko,ko,5.3,5.3,,,5.3,8700216922739,KOZMETIKA
REGEN PANTENE PRO-V HYD REC 275 ml,90976139,PANTENE,1.00 ko,ko,5.99,5.99,,,5.99,8700216938839,KOZMETIKA
LOSION L'ANGELICA HYDRA SKIN 250 ml,90944753,L ANGELICA,0.25 l,ko,3.95,15.8,,,3.95,8017331103395,KOZMETIKA
LOSION L'ANGELICA ANTI AGE 250 ml,90944769,L ANGELICA,0.25 l,ko,3.95,15.8,,,3.95,8017331103418,KOZMETIKA
LOSION L'ANGELICA NUTRI SKIN 250 ml,90944771,L ANGELICA,0.25 l,ko,3.95,15.8,,,3.95,8017331103432,KOZMETIKA
SET DOVE ORIGINAL DEO+SG,90970202,UNILEVER,1.00 ko,ko,9.99,9.99,,,9.99,8721201971228,KOZMETIKA
SET AXE DARK TEMPT DEO+SG,90970210,UNILEVER,1.00 ko,ko,9.99,9.99,,,9.99,8721201971068,KOZMETIKA
DEO FA MYSTIC PASSFLOWER 150 ml,90976233,FA,0.15 l,ko,3.99,26.6,,,3.99,9000100634113,KOZMETIKA
ZP ORAL B 3D WHITE LUXE 75 ml,90976147,ORAL B,1.00 ko,ko,5.3,5.3,,,5.3,8700216922784,KOZMETIKA
SET OS ROCKSTAR TORBA DEO+ST+SG,90954918,OLD SPICE,1.00 ko,ko,22.49,22.49,,,22.49,8700216986205,KOZMETIKA
PATRONE WILKINSON HYDRO 3 4/1,90975359,WILKINSON,4.00 ko,ko,9.99,2.5,,,9.99,4027800373406,KOZMETIKA
DEO AXE WILD MOHITO&CEDAR 150 ml,90975504,AXE,0.15 l,ko,4.99,33.27,,,4.99,8720181027697,KOZMETIKA
SET NIVEA W CARING GEL+KREMA,90965129,NIVEA,1.00 ko,ko,7.39,7.39,,,7.39,9005800394183,KOZMETIKA
SET DJEČJI PRINCESSE EDT+BM+SB,90965060,CORINE DE FARME,1.00 ko,ko,18.49,18.49,,,18.49,3468080965690,KOZMETIKA
SET NIVEA ENCHANTING GEL+DEO,90965071,NIVEA,1.00 ko,ko,9.29,9.29,,,9.29,9005800393162,KOZMETIKA
REGEN PANTENE PRO-V 3MIN MIR 220 ml,90976136,PANTENE,1.00 ko,ko,4.99,4.99,,,4.99,8700216938860,KOZMETIKA
BOJA COLOR NATURALS 3.61,90975382,GARNIER COL NATURALS,1.00 ko,ko,4.99,4.99,,,4.99,3600542213783,KOZMETIKA
LIP BALM MELEM MIRACL BADEM WI 4.5 g,90975427,MELEM,0.01 kg,ko,3.89,864.44,,,3.89,3856007913037,KOZMETIKA
GEL TUŠ NIVEA ENERGY REFIL 500 ml,90975538,NIVEA,0.50 l,ko,5.9,11.8,,,5.9,4006000215402,KOZMETIKA
SET NIVEA COMFORTING SG+DEO,90969789,NIVEA,1.00 ko,ko,9.29,9.29,,,9.29,9005800393520,KOZMETIKA
SET NIVEA DELICATE SG+DEO,90969797,NIVEA,1.00 ko,ko,9.29,9.29,,,9.29,9005800394206,KOZMETIKA
ŠAMP PANTENE PRO-V HYD REC 400 ml,90976144,PANTENE,1.00 ko,ko,5.99,5.99,,,5.99,8700216938808,KOZMETIKA
KONAC ZUBNI OB SUPERFLOSS 50,90976159,ORAL B,1.00 ko,ko,5.19,5.19,,,5.19,8700216538961,KOZMETIKA
GEL TUŠ FA MYSTIC PASSFLOWER 400 ml,90976219,FA,0.40 l,ko,3.99,9.98,,,3.99,9000101704457,KOZMETIKA
ZP VADEMECUM 2IN1 MENTHO FRESH 75 ml,90975624,VADEMECUM,0.08 l,ko,2.99,39.87,,,2.99,4068883000391,KOZMETIKA
ZP VADEMECUM 2IN1 WHITE FRESH 75 ml,90975626,VADEMECUM,0.08 l,ko,2.99,39.87,,,2.99,4068883000407,KOZMETIKA
ROLL ON GARNIER MIN HYAL CARE 50ml,90598195,GARNIER,0.05 l,ko,4.99,99.8,,,4.99,3600542399326,KOZMETIKA
VODICA ZA USTA COLG BLUE 500ML,90031290,COLGATE,0.50 l,ko,5.95,11.9,,,5.69,8714789732671,KOZMETIKA
ZP SIGNAL JUNIOR 7-13G 75 ml,90850529,SIGNAL,0.08 l,ko,3.49,46.53,,,3.49,8720181501845,KOZMETIKA
BOJA COL SENSAT 4.15,90032859,GARNIER COL SENSATION,1.00 ko,ko,5.29,5.29,,,5.29,3600541136007,KOZMETIKA
GEL TUŠ LACTOVIT LACT FIRM 600ml,90730131,LACTOVIT,0.60 l,ko,4.09,6.82,,,3.99,8411135008199,KOZMETIKA
MLIJ ZA TIJ MUSTELA HIDR 300ml,90403688,MUSTELA,0.30 l,ko,13.19,43.97,,,13.19,3504105035914,KOZMETIKA
GEL TUŠ ZIAJA KOZ MLIJ 500ml,06522925,ZIAJA,0.50 l,ko,3.19,6.38,,,3.19,5901887007241,KOZMETIKA
ŠAMPON OLEA OBOJANA KOSA 300ml,90735079,OLEA,0.30 l,ko,,2.97,0.89,1.29,1.29,3850334073402,KOZMETIKA
KUPKA GENERA KUPINA MOŠUS 1L,90412269,GENERA,1.00 l,ko,2.49,2.49,,,2.39,8003693401811,KOZMETIKA
ŠAMPON GLISS SUPREME LENGTH PROMO 400ml,90310635,GLISS,0.40 l,ko,,11.23,4.49,7.09,7.09,9000101201147,KOZMETIKA
BOJA EXCELL 8 UNIV LIGHT BLOND,90598231,LOREAL EXCELLANCE,1.00 ko,ko,9.99,9.99,,,9.99,3600523998210,KOZMETIKA
MARAMICE VL ASEPSOL SENS 20/1,90484552,ASEPSOLETA,20.00 ko,ko,1.99,0.1,,,1.99,3856007908446,KOZMETIKA
LAK TAFT POWER 250ml    0783,06540285,TAFT,0.25 l,ko,,15.96,3.99,4.99,4.99,4015000510790,KOZMETIKA
PJENA ZA KUPANJE FA M SPORT 750ml,90703666,FA,0.75 l,ko,5.99,7.99,,,3.99,5201143728942,KOZMETIKA
ZP SIGNAL KIDS STRAWBERRY 75 ml,90850534,SIGNAL,0.08 l,ko,3.49,46.53,,,3.49,8720181501821,KOZMETIKA
BOJA CASTING CR GLOSS 535 CHOCO,06540752,LOREAL CASTING CREME GLOSS,1.00 ko,ko,7.99,7.99,,,7.99,3600521372777,KOZMETIKA
DEO NIVEA PROT&CARE M 150ml,90214909,NIVEA,0.20 l,ko,5.29,26.45,,,5.29,9005800262062,KOZMETIKA
ŠAMPON&REG NV FROZEN 250ml,90622988,NATURAVERDE,0.25 l,ko,2.65,10.6,,,2.65,8029241114446,KOZMETIKA
ODSTRANJIVAČ LAKA ROSAL 85ml,06584037,ROSAL,0.09 l,ko,2.39,28.12,,,2.39,3856007901300,KOZMETIKA
ZP KALODONT MICROGRANULE 75 ml,90051196,KALODONT,0.08 l,ko,1.59,21.2,,,1.59,3850105143044,KOZMETIKA
KUPKA PALM OS SENS 500ml 1261,06520377,PALMOLIVE,0.50 l,ko,,5.78,2.89,3.05,4.89,8718951259119,KOZMETIKA
BOJA COL SENSAT 8.12,90341742,GARNIER COL SENSATION,1.00 ko,ko,5.29,5.29,,,5.29,3600542161121,KOZMETIKA
GEL TUŠ L'ANG PHY MAG ML 520 ml,90890621,L ANGELICA,0.52 l,ko,1.99,3.83,,,1.99,8017331091579,KOZMETIKA
SAPUN TEK K PLUS OLEA MILK/HON 500ml,90097699,OLEA,0.50 l,ko,,1.98,0.99,1.45,1.45,3850334567574,KOZMETIKA
SAPUN TEK DAISY MED/MLIJ 500ml,90071153,DAISY,0.50 l,ko,0.89,1.78,,,0.89,3850334355072,KOZMETIKA
SAPUN TEK GENERA MUSC REF 1L,90402844,GENERA,1.00 l,ko,2.75,2.75,,,2.59,8003693401897,KOZMETIKA
ČETKICA ORAL B PRO 3D WHITE,90885818,ORAL B,1.00 ko,ko,3.99,3.99,,,3.99,8700216459518,KOZMETIKA
ŠAMPON HERBAL ESS KAM 350 ml,90885602,HERBAL ESSENCES,0.35 l,ko,6.19,17.69,,,6.19,8700216631556,KOZMETIKA
LAK GOT2BE GLUE BLAST FREEZE 300ml,90730357,GOT2B,0.30 l,ko,7.99,26.63,,,7.99,9000101290875,KOZMETIKA
GEL+ŠAMP DJ LUMPI JAGODA 500ML,90674652,LUMPI,0.50 l,ko,1.75,3.5,,,1.75,3838900824009,KOZMETIKA
ROLL ON GARNIER MAGNES MEN 50ml,90410198,GARNIER,0.05 l,ko,4.99,99.8,,,4.99,3600542310055,KOZMETIKA
ZP PAROD COMPL PROT HERBAL 75ML,90668820,PARODONTAX,0.08 l,ko,7.45,99.33,,,6.99,5054563949127,KOZMETIKA
KREMA DN OLEA HYDRATING 50ml,90362333,OLEA,0.05 l,ko,3.35,67,,,3.35,3850334150479,KOZMETIKA
KUPKA PALM OS MILK&HON 500ml 2528,06520364,PALMOLIVE,0.50 l,ko,,5.58,2.79,2.89,4.89,8714789733159,KOZMETIKA
KREMA GENERA SPREJ SPF50 200 ml,90887240,GENERA,0.20 l,ko,9.99,49.95,,,9.99,8003693403921,KOZMETIKA
GEL GILL SER MOISTUR 200ml 0051,06560859,GILLETTE,0.20 l,ko,,19.95,3.99,5.29,4.19,3014260220051,KOZMETIKA
ODSTRANJIVAČ LAKA OLEA 200ML,90085823,OLEA,0.20 l,ko,,7.95,1.59,1.99,1.99,3850334380340,KOZMETIKA
ZUBNA ČETKICA AQF FLEX MEDIUM TRIOPACK,90275046,AQUAFRESH,1.00 ko,ko,3.99,3.99,,,3.09,5054563124272,KOZMETIKA
BRIJAČ Ž JEDN WILK XTR 3 BEA 4/1,90140966,WILKINSON,4.00 ko,ko,,0.85,3.39,3.39,5.29,4027800318308,KOZMETIKA
GEL TUŠ PALM AROMA RELAX 250ml,06520817,PALMOLIVE,0.25 l,ko,2.99,11.96,,,2.99,8718951430334,KOZMETIKA
PATRONE WILKIN M HYDRO 5 PROT 5/1,90774668,WILKINSON,1.00 ko,ko,17.29,17.29,,,17.29,4027800892266,KOZMETIKA
ČETKICA OB ALLROUND BLACK 3KOM,90572069,ORAL B,1.00 ko,ko,3.59,3.59,,,3.59,3014260101503,KOZMETIKA
ZP SENS SENSIT&GUM WHITE 75ml,90361403,SENSODYNE,0.08 l,ko,7.45,99.33,,,6.99,5054563232526,KOZMETIKA
KRE GARN HYAL ALOE DAN 50ml,90423426,GARNIER,0.05 l,ko,7.99,159.8,,,7.99,3600542328647,KOZMETIKA
ROLL ON 48 SENSITIVE 50 ml,90886111,ILIRIJA,0.05 l,ko,4.45,89,,,4.45,3838980813801,KOZMETIKA
GEL TUŠ K PLUS OLEA ROSE/JOG 300ml,06524214,OLEA,0.30 l,ko,1.19,3.97,,,1.19,3850334103154,KOZMETIKA
KREMA RUKE NEUTROG S MIRISOM 75ML,90079126,NEUTROGENA,0.08 l,ko,4.89,65.2,,,4.89,3574660258264,KOZMETIKA
KREMA TAFT SLEEKY SMOOTH 150 ml,90850648,TAFT,0.15 l,ko,,31.93,4.79,5.99,5.99,9000101737066,KOZMETIKA
REGEN FRUCT HAIR F BAN 350ml,90410176,GARNIER FRUCTIS,0.35 l,ko,5.49,15.69,,,5.49,3600542290272,KOZMETIKA
ZP PHYTODENT PROTECT&SMILE 75 ml,90775602,PLIDENTA,0.08 l,ko,,39.73,2.98,3.59,3.59,3856007911798,KOZMETIKA
SPREJ LOREAL MR IZRAST TAMNO PLAVA 75ML,90258686,LOREAL MAGIC RETOUCH,0.08 l,ko,7.49,99.87,,,7.49,3600523192847,KOZMETIKA
ŠAMPON H&S APPLE 250ml,90185495,HEAD&SHOULDE,0.25 l,ko,4.29,17.16,,,4.79,8006540063248,KOZMETIKA
PATRONE GILL MACH3 5/1,90478656,GILLETTE,5.00 ko,ko,17.79,3.56,,,17.79,7702018552313,KOZMETIKA
TRAKE ČUP DEP TIJ 16KOM 5029,06594893,ČUPKO,16.00 ko,ko,4.39,0.27,,,3.59,3859888495029,KOZMETIKA
BALZAM NIVEA PB MILD 100ML,06560285,NIVEA,0.10 l,ko,,79.9,7.99,11.89,11.89,5900017102429,KOZMETIKA
ZP PDX ACTIVE REAPIR 75ml,90730231,PARODONTAX,0.08 l,ko,7.45,99.33,,,6.99,5054563177797,KOZMETIKA
SAPUN TEK K PLUS OLEA OCEAN 500ml,90097701,OLEA,0.50 l,ko,,1.98,0.99,1.45,1.45,3850334567420,KOZMETIKA
SET MELEM BIJELI BUDI MELEM,90885748,MELEM,1.00 ko,ko,10.49,10.49,,,10.49,3856007912948,KOZMETIKA
BOJA SYOSS OLEO 5-54 PEPELJ SVIJ SM,90703192,SYOSS OLEO,1.00 ko,ko,7.99,7.99,,,7.99,9000101705201,KOZMETIKA
ŠAMPON PR.PERUT 400ml SUBRINA,90109216,SUBRINA,0.40 l,ko,5.49,13.73,,,5.19,3838980522109,KOZMETIKA
KREMA ZOR MAST HIDR MEDIT 50M,90669447,ZORINA MAST,0.05 l,ko,12.49,249.8,,,12.49,3857500100368,KOZMETIKA
BOJA PALETTE PNC 600 50+2X25ml,06543338,PALETTE PNC,0.10 l,ko,4.49,44.9,,,4.49,3838824171401,KOZMETIKA
ZP COLGATE MAX FR BL 100 ml+F B 75 ml,90814928,COLGATE,1.00 ko,ko,3.39,3.39,,,3.39,3830075444006,KOZMETIKA
SPREJ NIV SUN PR&DRY TOU F30 200ml,90607865,NIVEA,0.20 l,ko,18.39,91.95,,,18.39,4005900695802,KOZMETIKA
ŠAMPON H&S APPLE 500 ml,90771209,HEAD&SHOULDE,0.50 l,ko,8.29,16.58,,,8.29,8700216305259,KOZMETIKA
KUPKA FA CREAM&OIL CACAO 750ML,90699226,FA,0.75 l,ko,5.99,7.99,,,3.99,5201143728980,KOZMETIKA
ROLL ON GARNIER EXTREM M 50ml,06550537,GARNIER,0.05 l,ko,4.99,99.8,,,4.99,3600540893154,KOZMETIKA
SPREJ AMBR SOL AFTER 150 ml,90887221,GARNIER AMBRE SOLAIR,0.15 l,ko,10.49,69.93,,,10.49,3600542625975,KOZMETIKA
ZP COLGATE ADVANCED WHITE 75ml,90730170,COLGATE,0.08 l,ko,,30.53,2.29,3.25,2.99,8718951555488,KOZMETIKA
DEO NIVEA Ž DER SENSITIVE 150 ml,90915074,NIVEA,0.15 l,ko,5.29,35.27,,,5.29,9005800389981,KOZMETIKA
DEO NIVEA M DER SENSITIVE SPR 250 ml,90915120,NIVEA,0.25 l,ko,7.19,28.76,,,7.19,4006000199733,KOZMETIKA
DEO NIVEA Ž DER DEFEND EX SPR 250 ml,90915037,NIVEA,0.25 l,ko,7.19,28.76,,,7.19,5900017099750,KOZMETIKA
SPREJ PANTENE SUNKISS GLOW 200 ml,90924733,PANTENE,0.20 l,ko,6.99,34.95,,,6.99,8006530050999,KOZMETIKA
STICK NIVEA Ž DER SENSITIVE 50 ml,90915094,NIVEA,0.05 l,ko,5.29,105.8,,,5.29,9005800390123,KOZMETIKA
DEO NIVEA M DER DEFEND EX COM 150 ml,90915126,NIVEA,0.15 l,ko,5.29,35.27,,,5.29,9005800390017,KOZMETIKA
DEO NIVEA M DER SENSITIVE 150 ml,90915133,NIVEA,0.15 l,ko,5.29,35.27,,,5.29,9005800389943,KOZMETIKA
ROLL ON NIVEA M DER SENSITIVE 50 ml,90915137,NIVEA,0.05 l,ko,5.59,111.8,,,5.59,9005800390178,KOZMETIKA
ČETK CURAPROX CS 5460 CURL 2/1,90909927,CURAPROX,2.00 ko,ko,12.69,6.35,,,12.69,7612412431063,KOZMETIKA
PASTA LACALUT SENS 75 ml+ZUBNI KONAC,90914680,LACALUT,1.00 ko,ko,4.39,4.39,,,4.39,4016369726006,KOZMETIKA
ROLL ON NIVEA M DER DEFEND EX 50 ml,90915143,NIVEA,0.05 l,ko,5.59,111.8,,,5.59,9005800390246,KOZMETIKA
GEL TUŠ NIVEA DERMA RESTORE 500 ml,90915028,NIVEA,0.50 l,ko,6.29,12.58,,,6.29,9005800389967,KOZMETIKA
GEL TUŠ NIVEA DERMA DEFEND EX 500 ml,90915032,NIVEA,0.50 l,ko,6.29,12.58,,,6.29,9005800390000,KOZMETIKA
DEO NIVEA Ž DER DEFEND EX COM 150 ml,90915059,NIVEA,0.15 l,ko,5.29,35.27,,,5.29,9005800389974,KOZMETIKA
ROLL ON NIVEA Ž DER DEFEND EX 50 ml,90915081,NIVEA,0.05 l,ko,5.59,111.8,,,5.59,9005800390192,KOZMETIKA
STICK NIVEA Ž DER DEFEND EX 50 ml,90915090,NIVEA,0.05 l,ko,5.29,105.8,,,5.29,9005800390109,KOZMETIKA
ROLL ON NIVEA Ž DER SENSITIVE 50 ml,90915097,NIVEA,0.05 l,ko,5.59,111.8,,,5.59,9005800390222,KOZMETIKA
STAK VIOL FRESH 750 ML+RUČ VIOL SOFT,90991245,VIOLETA,1.00 ko,ko,3.29,3.29,,,3.29,3870128043794,SREDSTVA ZA ČIŠĆENJE
OSVJ SHAKE PERILICA POSUĐA MENTA,90990459,SHAKE,1.00 ko,ko,2.99,2.99,,,2.99,3859890779230,SREDSTVA ZA ČIŠĆENJE
SHAKE ŠTAPIĆI SANDALWOOD 125 ml,90990416,SHAKE,0.13 l,ko,,39.92,4.99,7.99,7.99,3858892142639,SREDSTVA ZA ČIŠĆENJE
SOMAT ALL IN ONE EXTRA 100 tab,90979671,SOMAT,100.00 ko,ko,16.49,0.16,,,16.49,9000101809558,SREDSTVA ZA ČIŠĆENJE
DET JAR PLATINUM PLUS 88TAB,90991679,JAR ADW,1.00 ko,ko,22.99,22.99,,,22.99,8006530121798,SREDSTVA ZA ČIŠĆENJE
SHAKE ŠTAPIĆI IMPERIAL FRUIT 125 ml,90990417,SHAKE,0.13 l,ko,,39.92,4.99,7.99,7.99,3858892142622,SREDSTVA ZA ČIŠĆENJE
SHAKE ŠTAPIĆI POMEGRANATE 125 ml,90990418,SHAKE,0.13 l,ko,,39.92,4.99,7.99,7.99,3858892142646,SREDSTVA ZA ČIŠĆENJE
DET JAR PLATINUM 96 TAB,90991682,JAR ADW,1.00 ko,ko,22.99,22.99,,,22.99,8006530122078,SREDSTVA ZA ČIŠĆENJE
CILLIT BANG BLEACH & HYGIENE 750 ml,90990430,CILLIT,0.75 l,ko,6.69,8.92,,,6.69,3059940003609,SREDSTVA ZA ČIŠĆENJE
DET FAKS BY OR GO DR 4.95 l =110 PR,90965350,FAKS,4.95 l,ko,17.99,3.63,,,17.99,3850105191700,SREDSTVA ZA ČIŠĆENJE
DET FAKS BY ORNEL HYG 1.1 kg 20 PR,90959698,FAKS,1.10 kg,ko,,5.17,5.69,8.49,8.49,3850105187888,SREDSTVA ZA ČIŠĆENJE
TAB FINISH AIO ULT PLUS REG 72 TAB,90959761,FINISH ADW,72.05 ko,ko,35.99,0.5,,,35.99,5999109582447,SREDSTVA ZA ČIŠĆENJE
DET FAKS COLOR HYG 900 ml 20 PR,90959744,FAKS,0.90 l,ko,,6.32,5.69,8.49,8.49,3850105188724,SREDSTVA ZA ČIŠĆENJE
OSVJ ARW FM REF WINTER PUNCH 250 ml,90959801,AIRWICK,0.25 l,ko,,26.2,6.55,8.19,8.19,5999109544858,SREDSTVA ZA ČIŠĆENJE
OM VIOLETA MYSTIC 2X1.55 l,90950088,VIOLETA,3.10 l,ko,5.49,1.77,,,5.59,3870128040557,SREDSTVA ZA ČIŠĆENJE
AJAX FF PURPLE 1.5 L,90974869,AJAX,1.50 l,ko,2.59,1.73,,,2.59,8718951115934,SREDSTVA ZA ČIŠĆENJE
OSVJ AMBI PUR SPICED APPLE KP 3X8 ml,90954908,AMBI PUR,0.02 l,ko,11.49,478.75,,,11.49,8006530029650,SREDSTVA ZA ČIŠĆENJE
SRED SANYTOL DEZINF RUBLJA 1.5 l,90950041,SANYTOL,1.50 l,ko,5.99,3.99,,,5.49,8411660006851,SREDSTVA ZA ČIŠĆENJE
AJAX FF SPRING FLOWER 1.5 L,90974874,AJAX,1.50 l,ko,2.59,1.73,,,2.59,8714789842394,SREDSTVA ZA ČIŠĆENJE
OM LENOR FB GREEK ISLAND 1.176 L,90935192,LENOR,1.18 l,ko,3.99,3.39,,,7.39,8006530015226,SREDSTVA ZA ČIŠĆENJE
PERLICE LENOR FB GREEK ISLAND 195 g,90935199,LENOR,0.20 kg,ko,3.99,20.46,,,7.39,8700216969369,SREDSTVA ZA ČIŠĆENJE
OM DUEL PURPLE DREAM 1.6 L,90955866,DUEL,1.60 l,ko,4.99,3.12,,,4.99,8606015849409,SREDSTVA ZA ČIŠĆENJE
WC BREF PA HAWAII 3X50 g,90935228,BREF,0.15 kg,ko,3.29,21.93,,,6.49,9000101835076,SREDSTVA ZA ČIŠĆENJE
DOMESTOS PJENA LIMESCALE 435 ml,90945223,DOMESTOS,0.44 l,ko,4.49,10.32,,,4.49,8720181721335,SREDSTVA ZA ČIŠĆENJE
WC NET CARB ACT INSTANT WHITE 750 ml,90955854,WC NET,0.75 l,ko,3.45,4.6,,,3.45,8003650030801,SREDSTVA ZA ČIŠĆENJE
DET FAKS AQUAMARINE HYG 2.2 kg 40 PR,90959701,FAKS,2.20 kg,ko,11.99,5.45,,,11.99,3850105187949,SREDSTVA ZA ČIŠĆENJE
DET FAKS SUPERAKTIV HYG 2.2 kg 40 PR,90959706,FAKS,2.20 kg,ko,11.99,5.45,,,11.99,3850105187970,SREDSTVA ZA ČIŠĆENJE
DET FAKS BABY&SENS HYG 2.2 kg 40PR,90959711,FAKS,2.20 kg,ko,11.99,5.45,,,11.99,3850105188038,SREDSTVA ZA ČIŠĆENJE
OM ORNEL GOLDEN DREAM 3 l,90965372,ORNEL,3.00 l,ko,3.99,1.33,,,3.99,3850105191649,SREDSTVA ZA ČIŠĆENJE
AJAX WINDOW & SHINY TRIGGER 750 ml,90955906,AJAX,0.75 l,ko,2.59,3.45,,,2.59,8718951048799,SREDSTVA ZA ČIŠĆENJE
DET FAKS COL BY ORN HY 900 ML 20 PR,90959733,FAKS,0.90 l,ko,,6.32,5.69,8.49,8.49,3850105188816,SREDSTVA ZA ČIŠĆENJE
OM SILAN FRESH SKY 1.672 L,90970229,SILAN,1.67 l,ko,6.59,3.94,,,6.59,9000101581539,SREDSTVA ZA ČIŠĆENJE
WC BREF PA PINE 6X50G,90725689,BREF,0.30 kg,ko,5.99,19.97,,,6.99,9000101592085,SREDSTVA ZA ČIŠĆENJE
WC BREF PA LEMON 6X50g,90725669,BREF,0.30 kg,ko,5.99,19.97,,,6.99,9000101591965,SREDSTVA ZA ČIŠĆENJE
MISTER MAGIC OSVJ HLADNJAKA VINEAGER,90407927,MISTER MAGIC,1.00 ko,ko,3.99,3.99,,,3.99,8001365190247,SREDSTVA ZA ČIŠĆENJE
OSVJ AMBI PUR SPR SPICE APPLE 185 ml,90834948,AMBI PUR,0.19 l,ko,1,5.41,,,3,,SREDSTVA ZA ČIŠĆENJE
OSVJ AMBI PUR EL 3V REF SP APPLE 20ML,90673817,AMBI PUR,0.02 l,ko,1,50,,,4,8001090811394,SREDSTVA ZA ČIŠĆENJE
OSVJ AIRW FM REF WHITE FLOWER,08090904,AIRWICK,0.25 ko,ko,,26.2,6.55,8.19,8.19,5999109542038,SREDSTVA ZA ČIŠĆENJE
OSVJ ARW AF REF VAN&HONEY 228ml,90705986,AIRWICK,0.23 l,ko,10.29,45.13,,,10.29,5999109543349,SREDSTVA ZA ČIŠĆENJE
OSVJ ARW FM REF LAVANDA,08090114,AIRWICK,0.25 ko,ko,,26.2,6.55,8.19,8.19,5999109542069,SREDSTVA ZA ČIŠĆENJE
OSVJ AMBI PUR APPLE KUPAONICA 1/1,90673847,AMBI PUR,1.00 ko,ko,1,1,,,3,,SREDSTVA ZA ČIŠĆENJE
OSVJ ARW EL REF SPR&VANIL 19 ml,90785266,AIRWICK,0.02 l,ko,4,210.53,,,5.49,5999109544155,SREDSTVA ZA ČIŠĆENJE
GLADE MS BAZA MIX RELA ZEN + OCEAN AD,90356837,GLADE,1.00 ko,ko,6.29,6.29,,,5.99,5000204076141,SREDSTVA ZA ČIŠĆENJE
WC BREF DE LUXE MAGNOLIA 2X50g,90375246,BREF,0.10 kg,ko,6.49,64.9,,,3.24,9000101375084,SREDSTVA ZA ČIŠĆENJE
OSVJ GLADE REFRESHING AIR 300 ml,90889719,GLADE,0.30 l,ko,2.79,9.3,,,2.79,5000204381672,SREDSTVA ZA ČIŠĆENJE
WC OSVJ DOMESTOS P5 BW OCEAN 2X48 g,90826168,DOMESTOS,0.10 kg,ko,6.45,64.5,,,6.45,8720182911452,SREDSTVA ZA ČIŠĆENJE
WC BREF POW AKT LEMON ORIGINAL 3X50G,90056783,BREF,0.15 kg,ko,6.49,43.27,,,6.49,9000100753371,SREDSTVA ZA ČIŠĆENJE
WC KOŠ DAX DUO FLOWER FRESH,90059450,DAX,1.00 ko,ko,0.5,0.5,,,1.59,3850334387868,SREDSTVA ZA ČIŠĆENJE
WC ARF 5 POW DROPS PINE 2X55g,90428283,ARF,0.11 kg,ko,3.98,36.18,,,3.98,3850105174987,SREDSTVA ZA ČIŠĆENJE
OSVJ ARW AF REFIL FRES&EUCAL 228 ml,90785220,AIRWICK,0.23 l,ko,7,30.7,,,10.29,5999109544223,SREDSTVA ZA ČIŠĆENJE
WC NET KRUTI ULOŽ LIME 4X34G,90166783,WC NET,1.00 ko,ko,3.66,3.66,,,3.66,8003650005007,SREDSTVA ZA ČIŠĆENJE
WC SANITAR HYG RINGS OCEAN 40g,90602957,SANITAR,0.04 kg,ko,2.25,56.25,,,2.25,3850111901119,SREDSTVA ZA ČIŠĆENJE
OSVJ HLADNJAK MR MAGIC LIM 40GR,90232900,MISTER MAGIC,0.04 kg,ko,3.99,99.75,,,3.99,8001365195686,SREDSTVA ZA ČIŠĆENJE
WC OSVJ DOMESTOS P5 BW PINK 2X48 g,90826176,DOMESTOS,0.10 kg,ko,6.45,64.5,,,6.45,8720182911469,SREDSTVA ZA ČIŠĆENJE
WC DUCK FRESH DISCS BLUE 36ml,90785414,DUCK,0.04 l,ko,4.59,127.5,,,4.59,5000204331486,SREDSTVA ZA ČIŠĆENJE
OSVJ AMBI PUR SPREJ SPRING AW 185 ml,90785296,AMBI PUR,0.19 l,ko,5.69,30.76,,,5.69,8700216261395,SREDSTVA ZA ČIŠĆENJE
OSVJ DAX VANILIJA 300ML,08090157,DAX,0.30 l,ko,,2.97,0.89,1.19,1.19,3850334431202,SREDSTVA ZA ČIŠĆENJE
EL GLADE VAN/BAMB/BRES,08080032,GLADE,1.00 ko,ko,7.89,7.89,,,7.39,5000204333947,SREDSTVA ZA ČIŠĆENJE
WC BREF COL AKT FRESH FLOWER 3x50g,90362643,BREF,0.15 kg,ko,7.99,53.27,,,7.99,9000101024067,SREDSTVA ZA ČIŠĆENJE
WC DUCK FRESH DISCS BLUE REF 72ml,90785411,DUCK,0.07 l,ko,4.69,65.14,,,4.69,5000204331516,SREDSTVA ZA ČIŠĆENJE
WC OSVJ DOMESTOS UNICORN 2X50 g,90826145,DOMESTOS,0.10 kg,ko,5.45,54.5,,,5.45,8720182911513,SREDSTVA ZA ČIŠĆENJE
WC ARF 5 POW DROPS LEMON 2X55g,90428271,ARF,0.11 kg,ko,3.98,36.18,,,3.98,3850105174895,SREDSTVA ZA ČIŠĆENJE
DUCK AQUA BLUE 2X36g,90729704,DUCK,0.07 kg,ko,3.55,49.31,,,3.55,5000204323894,SREDSTVA ZA ČIŠĆENJE
OSVJ AMBI PUR EL 3V REF COTTON 20ml   ,90603003,AMBI PUR,20.00 l,ko,6.99,0.35,,,6.99,8006540265628,SREDSTVA ZA ČIŠĆENJE
WC SANITAR HYG RINGS CITRUS 3X40g,90602933,SANITAR,0.12 kg,ko,5.19,43.25,,,5.19,3850111901188,SREDSTVA ZA ČIŠĆENJE
WC BREF WELLNESS HARMONY 3X50g,90724661,BREF,0.15 kg,ko,7.99,53.27,,,7.99,9000101588392,SREDSTVA ZA ČIŠĆENJE
OSVJ AIRW EL REF MAGNOLIA&CHERRY 19ml,90600733,AIRWICK,0.02 l,ko,5.49,288.95,,,5.49,5999109545909,SREDSTVA ZA ČIŠĆENJE
WC OSVJ DOMESTOS LAVANDA 3X50 g,90826083,DOMESTOS,0.15 kg,ko,6.45,43,,,6.45,8720182926081,SREDSTVA ZA ČIŠĆENJE
WC SANITAR HYG RINGS CITRUS 2X40g,90602922,SANITAR,0.08 kg,ko,3.69,46.13,,,3.71,3850111901157,SREDSTVA ZA ČIŠĆENJE
OSVJ ARW AF KOMPLET JASMIN 228ml,90705990,AIRWICK,0.23 l,ko,14.49,63.55,,,14.49,5999109543325,SREDSTVA ZA ČIŠĆENJE
OSVJ ARW FM REFILL SPARKL BERRY 250ML,90673107,AIRWICK,0.25 l,ko,5,20,,,5,5997321790558,SREDSTVA ZA ČIŠĆENJE
WC BREF CA EUCALYPTUS 5X50g,90725666,BREF,0.25 ko,ko,5.99,23.96,,,6.99,9000101592368,SREDSTVA ZA ČIŠĆENJE
OSVJ ARW FM REFILL PURE SPRING DELIG 250ML,90283210,AIRWICK,0.25 l,ko,,26.2,6.55,8.19,8.19,5999109542052,SREDSTVA ZA ČIŠĆENJE
OSVJ ARW EL KOMP LINE IN THE AIR 19ml,90342779,AIRWICK,0.02 l,ko,5,263.16,,,7.39,5999109542403,SREDSTVA ZA ČIŠĆENJE
BREF BLUE AKTIV FRESH FLOWER 2x50G,90266017,BREF,0.10 kg,ko,6.49,64.9,,,3.24,9000101028614,SREDSTVA ZA ČIŠĆENJE
WC BREF POW AKT BLUE EUCAL DUOPACK 2X50G,90183198,BREF,0.10 kg,ko,6.49,64.9,,,3.24,9000100889391,SREDSTVA ZA ČIŠĆENJE
GLADE AUTO MAXI REF KUPINA 269ML,90212828,GLADE,0.27 l,ko,7.99,29.7,,,7.69,5000204256291,SREDSTVA ZA ČIŠĆENJE
WC BREF CA EUCALYPTUS 3X50g,90785210,BREF,0.15 kg,ko,7.99,53.27,,,7.99,9000101018066,SREDSTVA ZA ČIŠĆENJE
OSVJ AIRW FM REF SUMMER DELIGHTS,90157600,AIRWICK,0.25 l,ko,,26.2,6.55,8.19,8.19,8592326013755,SREDSTVA ZA ČIŠĆENJE
GLADE AUTO MAXI REF OCEAN 269ml,90382706,GLADE,0.27 l,ko,7.99,29.7,,,7.69,5000204001006,SREDSTVA ZA ČIŠĆENJE
SHEBA ODABRANI OBROCI U UMAKU 4X85G VR,90260778,SHEBA,0.34 kg,ko,3.29,9.67,,,3.29,4770608263928,PROIZVODI ZA KUĆANSTVO
GOURMET GOLD MM PURETINA 85g,01647050,GOURMET,0.09 kg,ko,0.89,10.47,,,0.89,7613032814953,PROIZVODI ZA KUĆANSTVO
KRPA VILEDA VIŠENAM MICROFIB COL 2/1,90864737,VILEDA,2.00 ko,ko,,1.75,3.49,4.99,4.99,4023103168565,PROIZVODI ZA KUĆANSTVO
BUDDY SP JUNIOR 2kg,90138602,BUDDY,2.00 kg,ko,3.99,2,,,3.99,3850334400031,PROIZVODI ZA KUĆANSTVO
RUČNIK PAP PALOMA CLASSIC MAXI 2SL 1/1,90714759,PALOMA,1.00 ko,ko,2.39,2.39,,,2.39,3838952026895,PROIZVODI ZA KUĆANSTVO
SPUŽVA CELULOZNA DAX 2/1,90289991,DAX,2.00 ko,ko,0.7,0.35,,,1.06,3850334608321,PROIZVODI ZA KUĆANSTVO
PEDIGREE MP ADULT 4X100g,01641305,PEDIGREE,0.40 kg,ko,2.99,7.48,,,2.99,5900951021015,PROIZVODI ZA KUĆANSTVO
SHEBA LOSOS U UMAKU VR 85g,90260756,SHEBA,0.09 kg,ko,0.99,11.64,,,0.99,4770608257279,PROIZVODI ZA KUĆANSTVO
ČISTAČ POS VILEDA PURAC COL 4/1,90303213,VILEDA,4.00 ko,ko,,0.59,2.37,3.39,3.39,4023103208049,PROIZVODI ZA KUĆANSTVO
KOST VK ZA PSE PRIRODNA KOŽA,01642081,VITAKRAFT,0.13 kg,ko,2.95,23.6,,,2.95,4008239582713,PROIZVODI ZA KUĆANSTVO
KRPA SPUŽV VILEDA 5/1   1054,05510041,VILEDA,5.00 ko,ko,,0.82,4.12,5.89,5.89,3838447000133,PROIZVODI ZA KUĆANSTVO
KITTY MM PURETINA PAČETINA 405G,90648728,KITTY,0.41 kg,ko,0.89,2.2,,,0.89,3850334011602,PROIZVODI ZA KUĆANSTVO
CESAR GOVEDINA JETRA 150g ALU PAK,01641345,CESAR,0.15 kg,ko,1.59,10.6,,,1.52,4008429158797,PROIZVODI ZA KUĆANSTVO
ČISTAČ ROŠTILJA POLLY FLEX,05640550,POLLY FLEX,1.00 ko,ko,0.7,0.7,,,0.1,3858882683791,PROIZVODI ZA KUĆANSTVO
METLA UNUTARNJA DRŠKA CS,90799926,CLEAN SMART,1.00 ko,ko,4.69,4.69,,,4.69,3859893097218,PROIZVODI ZA KUĆANSTVO
VREĆICE SA ZATVARAČEM MIX FINO 25/1,90869867,FINO,25.00 ko,ko,2.99,0.12,,,2.99,5201314185727,PROIZVODI ZA KUĆANSTVO
RUČNIK VIOLETA EXPERT PLUS 1/1 3SL,90726848,VIOLETA,1.00 ko,ko,4.49,4.49,,,4.49,3858893660804,PROIZVODI ZA KUĆANSTVO
WHISKAS DREAMIES MAČJA METVICA 60g,90617719,WHISKAS,0.06 kg,ko,1.79,29.83,,,1.79,5998749142875,PROIZVODI ZA KUĆANSTVO
FRISKIES MM GOVEDINA UMAK 85g,90381989,FRISKIES,0.09 kg,ko,0.59,6.94,,,0.59,7613036964166,PROIZVODI ZA KUĆANSTVO
ONE MP MINI ACTIVE 4X85g,90719804,ONE,0.34 kg,ko,3.49,10.26,,,3.49,8445290299260,PROIZVODI ZA KUĆANSTVO
SALV PALOMA US CHI 33X33 3SL 20/1,90699086,PALOMA,20.00 ko,ko,1.69,0.08,,,2.29,3838952034197,PROIZVODI ZA KUĆANSTVO
METLA VELIKA SIRAK,90754980,SUDOMAT,1.00 ko,ko,5.49,5.49,,,5.49,3856007702211,PROIZVODI ZA KUĆANSTVO
PEDIGREE TASTY MINI SIR 140 g,90774740,PEDIGREE,0.14 kg,ko,,12.5,1.75,2.19,2.19,5998749145333,PROIZVODI ZA KUĆANSTVO
FOLIJA PRIJANJAJUĆA 60mx29cm ALUFIX,05612526,ALUFIX,60.02 m,ko,3.99,0.07,,,3.99,5949509001314,PROIZVODI ZA KUĆANSTVO
ONE MM SENSITIVE PIL TUNA 4X85g,90361597,ONE,0.34 kg,ko,3.49,10.26,,,3.49,7613036936859,PROIZVODI ZA KUĆANSTVO
GOURMET GOLD MM PILETINA 85g,01647049,GOURMET,0.09 kg,ko,0.89,10.47,,,0.89,7613032816537,PROIZVODI ZA KUĆANSTVO
VREĆ ZA ZAMRZ PELY 2L 30/1,05520596,PELY,30.00 ko,ko,1.29,0.04,,,1.29,4007519035727,PROIZVODI ZA KUĆANSTVO
FRISKIES SM PILE JET POV 300g,01647072,FRISKIES,0.30 kg,ko,2.29,7.63,,,2.29,7613031868247,PROIZVODI ZA KUĆANSTVO
SPUŽVA DVOSTRANA ROVUS 5/1,90875276,ROVUS,1.00 ko,ko,5.99,5.99,,,5.99,3856029705146,PROIZVODI ZA KUĆANSTVO
RUČNIK PAP DAISY 50L 2SL 4/1,90754757,DAISY,4.00 ko,ko,1.35,0.34,,,1.35,3850334072665,PROIZVODI ZA KUĆANSTVO
ROVUS SPRAY MOP & SWEEPER,90795591,ROVUS,1.00 ko,ko,,25.38,25.38,29.99,29.99,3858894408535,PROIZVODI ZA KUĆANSTVO
FRISKIES SP BALANCE PIL 2.4kg,90068407,FRISKIES,2.40 kg,ko,8.39,3.5,,,8.39,7613034232168,PROIZVODI ZA KUĆANSTVO
PEDIGREE SP 2X500 g+DENT 77 g,90890232,PEDIGREE,1.00 ko,ko,3,3,,,5.99,3856027801888,PROIZVODI ZA KUĆANSTVO
SALV PALOMA RED 24x24 3SL 50/1,90167918,PALOMA,50.00 ko,ko,1,0.02,,,1,3838952027298,PROIZVODI ZA KUĆANSTVO
FELIX MM GOVEDINA 85g,90582726,FELIX,0.09 kg,ko,0.79,9.29,,,0.79,7613287489593,PROIZVODI ZA KUĆANSTVO
ONE SM STERIL MESO 800G,90052139,ONE,0.80 kg,ko,5.69,7.11,,,5.69,8445290246813,PROIZVODI ZA KUĆANSTVO
WHISKAS SM TUNA POVRĆE 300G,01641663,WHISKAS,0.30 kg,ko,2.39,7.97,,,2.39,5900951014093,PROIZVODI ZA KUĆANSTVO
PREVITAL MM NATIONS KITCHEN 24X85 g,90800486,PREVITAL,2.04 kg,ko,7.99,3.92,,,6.99,5999566111662,PROIZVODI ZA KUĆANSTVO
RUČNIK VIOLETA CHEESE-LEMON XXL 2/1 2SL,90078487,VIOLETA,2.00 ko,ko,2.65,1.33,,,2.65,3859892288624,PROIZVODI ZA KUĆANSTVO
ALU FOLIJA FINO 20m,90570342,FINO,20.00 m,ko,4.39,0.22,,,4.39,5900536352053,PROIZVODI ZA KUĆANSTVO
KRPA NAVLAKA ZA VILEDA PRO SPRAY MOP,90373482,VILEDA,1.00 ko,ko,,4.99,4.99,9.79,9.79,4023103199217,PROIZVODI ZA KUĆANSTVO
ČETKA POSUĐE DAX,90276254,DAX,1.00 ko,ko,1.06,1.06,,,1.06,3850334599643,PROIZVODI ZA KUĆANSTVO
DUAL ONE NATURE ADULTCAT CHICKEN 750g,90427900,ONE,0.75 kg,ko,5.69,7.59,,,5.69,7613038761664,PROIZVODI ZA KUĆANSTVO
KITTY SM RIBA 2KG,90674236,KITTY,2.00 kg,ko,3.45,1.73,,,3.45,3850334010933,PROIZVODI ZA KUĆANSTVO
SALV PALOMA BOŽIĆ WREAT 33X33 20/1,90800086,PALOMA,20.00 ko,ko,2.29,0.11,,,2.29,3838952035545,PROIZVODI ZA KUĆANSTVO
FELIX PARTY MIX OCEAN MIX 60G,90170677,FELIX,0.06 kg,ko,1.59,26.5,,,1.59,3858890176919,PROIZVODI ZA KUĆANSTVO
ADVENTUROS TRAINING LOSOS 115 g,90771295,ADVENTUROS,0.12 kg,ko,2.69,23.39,,,2.69,8445290990785,PROIZVODI ZA KUĆANSTVO
VREĆA SMEĆE POWER FINO 160L 10/1,90706380,FINO,10.00 ko,ko,,0.39,3.91,4.89,4.89,5201314932048,PROIZVODI ZA KUĆANSTVO
ČOKO DJEDICA KIT KAT 85 g,90974666,KIT KAT,0.09 kg,ko,0.5,5.88,,,3.99,42394792,HRANA
BOMBONI GUMENI TARANTULA 100 g TROLL,90955407,TROLLI,0.10 kg,ko,1.79,17.9,,,1.79,8436036181567,HRANA
BOMBON SWEET BEAT VOĆNI TVRDI 250 g,90979888,SWEET BEAT,0.25 kg,ko,1.49,5.96,,,1.49,3850334442123,HRANA
BOMBON SWEET BEAT VOĆ KARAMELE 250 g,90979890,SWEET BEAT,0.25 kg,ko,1.49,5.96,,,1.49,3850334442109,HRANA
TELEĆI TOMAHAWK cca 300 g SKIN,90984647,DILMAR,1.00 kg,kg,39.99,39.99,,,39.99,,HRANA
TELEĆI OSSO BUCCO cca 300 g SKIN,90984650,DILMAR,1.00 kg,kg,19.99,19.99,,,19.99,,HRANA
TELEĆI SIRLOIN STEAK 200 g SKIN,90984652,DILMAR,0.20 kg,ko,7.99,39.95,,,7.99,3859894430205,HRANA
BISKVIT VANILI PUNJENJE 120 g YUPPIE,90992140,YUPPIE,0.12 ko,ko,2.49,20.75,,,2.49,3800102751216,HRANA
DESERT FINESSE HAPP GRAIN 30.5 gX5,90979867,FINESSE,0.15 kg,ko,1.99,13.05,,,1.99,3850334446732,HRANA
USKRSNI KOLAČ RONDORO ČOK KREM 400 g,90990521,BATTISTERO,0.40 kg,ko,4.99,12.48,,,4.99,8002734103233,HRANA
BOMBON HAR HAPPY EASTER MINIS 250 g,90992286,HARIBO,0.25 kg,ko,3.99,15.96,,,3.99,4001686004043,HRANA
KOKICE CARAMEL VALENTINO 160 g BOOMZ,90991577,BOOMZA,0.16 kg,ko,1.99,12.44,,,1.99,4820196733324,HRANA
ČOK MINI JAJA LJEŠ KREMA 115 g WITO,90991643,WITORS,0.12 kg,ko,1.99,17.3,,,1.99,8003535081577,HRANA
HRENOVKA EXTRA COCTAIL 340 g,90990196,PERUTNINA,0.34 kg,ko,1.99,5.85,,,1.99,3850220429344,HRANA
SKUŠA FILETI MASL ULJE 100/70 g EVA,90992168,EVA,0.07 kg,ko,3.59,51.29,,,3.59,3856020263324,HRANA
KAVA FORZA NS 20/1 XXL 104 g L O,90980704,L OR,0.10 kg,ko,6.59,63.37,,,6.59,3858895415914,HRANA
CHOCO BANANA XMAS 280 g,90970465,KANDIT,0.28 kg,ko,1,3.57,,,3.99,3856024806367,HRANA
DRAGEE SPECIAL M JAG BJ ČOK 125 g,90955897,SPECIAL MOMENTS,0.13 kg,ko,3,24,,,6.99,3850334420305,HRANA
BUDDY ŠTAPIĆI TWIST PILE DIVLJ 100 g,90975800,BUDDY,0.10 kg,ko,,9.9,0.99,0.99,0.99,3850334453860,HRANA
JUNEĆE TRIPICE RFZ,90939954,PIVAC,1.00 kg,kg,6.69,6.69,,,6.49,3858890183054,HRANA
KRUH FRESCO PREMIUM 400 G,90975393,TVOJIH 5 MIN,0.40 kg,ko,2.45,6.13,,,2.45,3830085172098,HRANA
SIR RACLETTE 140 g LE RUSTIQUE,90960063,LE RUSTIQUE,0.14 kg,ko,4.49,32.07,,,4.49,3176582042893,HRANA
DESERT TORTICA MINI BNG 120 g,90970617,TORTICA,0.12 kg,ko,1,8.33,,,3.19,3850102008230,HRANA
ČOKOLADA LINDT EX CREAMY LJEŠNJ 80 g,90935137,LINDT,0.08 kg,ko,3.69,46.13,,,3.69,3046920021531,HRANA
SRDELA JADRANSKA BG EVA 500 g,90955767,EVA,0.50 kg,ko,,7.98,3.99,4.99,4.99,3856020283889,HRANA
KOKICE SPECIAL MOMENTS SIR CHED 60 g,90956055,SPECIAL MOMENTS,0.06 kg,ko,1,16.67,,,1.99,3850334430021,HRANA
PRŽENI LUK 50 g KOTANYI,90970303,KOTANYI,0.05 kg,ko,1.69,33.8,,,1.69,9001414204788,HRANA
ADVENTSKI KALENDAR LINDT 170 g,90970346,LINDT,0.17 kg,ko,5,29.41,,,14.99,4000539788802,HRANA
GOURMET GULAŠ 400 g PODRAVKA,90975928,PODRAVKA,0.40 kg,ko,4.99,12.48,,,4.99,3856020286866,HRANA
FANT BURGER 40 g PODRAVKA,90970083,FANT,0.04 kg,ko,1.39,34.75,,,1.39,3856020281823,HRANA
ČOKOL ZA KUH 43%  480 g SWEET CHEF,90959924,SWEET CHEF,0.48 kg,ko,4.99,10.4,,,5.39,3850334100535,HRANA
MUESLI ARONIJA BEZGLUTENSKI 500 g,90945322,GRANA FOOD,0.50 kg,ko,4.99,9.98,,,4.99,3859893457296,HRANA
KEKSI S DATULJOM ŠLJIV BEZGL 180 g,90945324,GRANA FOOD,0.18 kg,ko,3.49,19.39,,,3.49,3859893457944,HRANA
STALAK LOACKER CHRISTMAS TREE 48 KOM,90959842,LOACKER,1.00 ko,ko,383.52,383.52,,,383.52,8000380218486,HRANA
LIZALICA CANDY CANE CLASS 12 gX10kom,90959858,CANDY CANES,0.12 kg,ko,0.5,4.17,,,1.99,7350036416904,HRANA
TJESTENINA TERIYAKI VR 92.5 g MAGGI,90970518,MAGGI,0.09 kg,ko,2.09,22.59,,,2.09,8445292097482,HRANA
BOMBON GUM TWIRLS 70 g MOND,90955432,MOND,0.09 kg,ko,0.99,11,,,0.99,6298042781313,HRANA
GUSSNEL XXL 450 g PODRAVKA,90970134,DOLCELA,0.45 kg,ko,2.49,5.53,,,2.49,3856020283100,HRANA
JOGURT MASCARPONE JOGOBELLA 150 g,90976177,JOGOBELLA,0.15 kg,ko,0.79,5.27,,,0.79,4014500521855,HRANA
MASLINE KALAM OTKOŠ 320/150 g OLYMP,90950553,OLYMP,0.15 kg,ko,3.49,23.27,,,3.49,5201409810978,HRANA
JELO U ČAŠI KOREAN BBQ 93 g AJINOM,90970424,AJINOMOTO,0.09 kg,ko,1.89,20.32,,,1.89,5901384505400,HRANA
JELO U ČAŠI PAD THAI PIL 93 g AJINOM,90970426,AJINOMOTO,0.09 kg,ko,1.89,20.32,,,1.89,5901384505370,HRANA
SIR TVRDI RIBANAC 3X40 g PROMO DUKAT,90975791,PRESIDENT,0.12 kg,ko,3.79,31.58,,,3.79,3850355006618,HRANA
PILEĆA PRSA S&F FAMILY PACK 250 g,90964859,SLIM&FIT,0.25 kg,ko,2.99,11.96,,,2.99,3838977038767,HRANA
KEKS S DATULJOM SMOKVOM BEZGL 180 g,90945333,GRANA FOOD,0.18 kg,ko,3.49,19.39,,,3.49,3859893457951,HRANA
KOBASICA ISTAR S RUŽM 200 g HISTRIS,90945336,HISTRIS,0.20 kg,ko,7.49,37.45,,,7.49,3859893167881,HRANA
NAMAZ NUTELLA PLANT BASED 350 g,90949696,NUTELLA,0.35 kg,ko,5.49,15.69,,,5.49,8000500426494,HRANA
BOMB GUM MINI RINGS XXL 350 g TROL,90964771,TROLLI,0.35 kg,ko,2,5.71,,,2.99,4000512016243,HRANA
KEKS ČAJNI KEKSIĆI 800 g,90950006,ČAJNI KEKSIĆI,0.80 kg,ko,2.89,3.61,,,2.89,3859894151179,HRANA
KROKETI OD KRUMP 1 kg ZP,90960238,ZLATO POLJE,1.00 kg,ko,4.99,4.99,,,4.99,3838700369298,HRANA
POLU SIR KOZJI 150 g CAPRA DOMESTICA,90950435,CAPRA DOMESTICA,0.15 kg,ko,4.29,28.6,,,4.29,3859893605611,HRANA
VAFL LOACKER CHRISTMAS TREE 138 g,90959835,LOACKER,0.14 kg,ko,1,7.25,,,7.99,8000380218479,HRANA
VAFL LOACKER BEST OF MOMENTS 400 g,90959839,LOACKER,0.40 kg,ko,2,5,,,14.99,8000380216130,HRANA
ADVENTSKI KALENDAR 50 g MILLANO,90959853,MILLANO,0.05 kg,ko,0.2,4,,,1.59,5903228102790,HRANA
KEKS OREO BIJELI PRELIVENI 41 g,90934946,OREO,0.04 kg,ko,1.15,28.05,,,1.15,7622202321368,HRANA
BROKULA O'PLANT 400 g,90960255,O PLANT,0.40 kg,ko,2.59,6.48,,,2.59,3856020279219,HRANA
ŠPINAT O'PLANT 400 g,90960259,O PLANT,0.40 kg,ko,1.95,4.88,,,1.95,3856020279189,HRANA
LEĆA KUHANA 350 g,90970138,MADIG,1.00 ko,ko,1.79,1.79,,,1.79,3856028690245,HRANA
MUESLI GRANOLA ČOKOL/KEKS 440g KOLLN,90949887,KOLLN,0.44 kg,ko,5.99,13.61,,,5.99,4000540083224,HRANA
PANDORO CLASSICO 700 g BAULI,90959754,BAULI,0.70 kg,ko,2,2.86,,,9.99,8001720415848,HRANA
UMAK RAJČICA PIZZA 400 g BARILLA,90970323,BARILLA,0.40 kg,ko,3.85,9.63,,,3.85,8076809585781,HRANA
ŠTRUDLA ČOKOL/NARANČA  200 g LASTA,90970624,LASTA,0.20 kg,ko,1,5,,,2.39,3870128041493,HRANA
KIT KAT KUĆICA 461.2 g,90974668,KIT KAT,0.46 kg,ko,2,4.34,,,13.99,8445291750456,HRANA
KAVOVINA KNEIPP VR 250 g FRANCK,90930148,FRANCK,0.25 kg,ko,2.49,9.96,,,2.49,3850291054070,HRANA
SLADOLED HIPP LEDENI 10X40 ml,90934666,HIPP,0.40 l,ko,4.99,12.48,,,4.99,4062300474307,HRANA
TOAST GRANO DORO CLASSIC 500 g,90955673,GRANO DORO,0.50 kg,ko,0.99,1.98,,,0.99,3850334445346,HRANA
PROTEIN FRITESI CEKIN 500 g,90955702,CEKIN,0.50 kg,ko,9.99,19.98,,,9.99,3850159141188,HRANA
PROTEIN ODRESCI CEKIN 500 g,90955710,CEKIN,0.50 kg,ko,9.99,19.98,,,9.99,3850159141256,HRANA
TUNJ KOMADIĆI BILJ ULJ 160/104 G EVA,90965411,EVA,0.10 kg,ko,2.29,22.02,,,2.29,3850104267031,HRANA
BOŽIĆNA VREĆICA VELIKA 525 g,90954694,FILIR,0.53 kg,ko,3.99,7.6,,,3.99,3858891166216,HRANA
SOL HIMAL KRUP JODIR 1 kg NUTRIGOLD,90890341,NUTRIGOLD,1.00 kg,ko,2.19,2.19,,,2.19,3858891970486,HRANA
PAPRENJAK 100g KEKSOMANIJA,90670182,KEKSOMANIJA,0.10 kg,ko,3.32,33.2,,,3.32,3857500127808,HRANA
TARTUFI I VRGANJI 80g ZIGANTE,01600102,ZIGANTE,0.08 kg,ko,13.29,166.13,,,13.29,3859889179300,HRANA
VOĆNI NAMAZ OD MARELICE 300gr BOKUN,90403915,BOKUN,0.30 kg,ko,4.69,15.63,,,4.19,3859891224098,HRANA
TJESTENINA PENNE CRVENA LEĆA BG 250 g ACTIVE ZONE,90825442,ACTIVE ZONE,0.25 kg,ko,,5.96,1.49,2.19,2.19,3838900841549,HRANA
ČAJ BRUSNICA MAXI 40/1 104 g FRANCK,90869875,FRANCK,0.10 kg,ko,3.79,36.44,,,3.79,3850291055404,HRANA
JUNEĆA SLABINA I LEĐA BB FIVAS,90795045,FIVAS,1.00 kg,kg,10.69,10.69,,,8.49,,HRANA
MASLINE SNACK ORIG I LIM 65g GAEA,90706618,GAEA,0.07 kg,ko,2.39,36.77,,,2.39,5201671801506,HRANA
BOMBONI EUKA MENTOL LIMUN 150g,90729916,EUKA MENTHOL,0.15 kg,ko,1.35,9,,,1.35,5900353505663,HRANA
ŠTAPIĆI TRIK KIKIRIKI 110 g,90887272,TRIK,0.11 kg,ko,0.99,9,,,0.99,8600462041928,HRANA
OCAT BALZAM BIJE 0.5L IL TORRI CARAN,03120199,CARANDINI,0.50 l,ko,4.69,9.38,,,4.69,8014347005149,HRANA
FUSILLI OD PIRO I BUČ BRAŠNA 500g MLIN PUKANIC,90404014,MLIN PUKANIĆ,0.50 kg,ko,2.69,5.38,,,2.69,3859892888367,HRANA
JUHA DOMAĆA GOVEĐA 45g ALEVA,90403428,ALEVA,0.05 kg,ko,0.69,15.33,,,0.69,8600947036739,HRANA
FLIPS BOBI KUKURUZNI 80g,90361165,BOBI,0.08 kg,ko,0.89,11.13,,,0.89,3858891590981,HRANA
SLAD LINO LADA 3X90 ml,90885873,LINO LADA,0.27 l,ko,5.99,22.19,,,5.99,3850116067261,HRANA
BOMBON GUMENI STRAWBERRY 90 g FINI,90886056,FINI,0.09 kg,ko,1.39,15.44,,,1.39,8410525119019,HRANA
ČAJ MENTA 40G,90404285,SUBAN,0.04 kg,ko,2.65,66.25,,,2.65,3858882912341,HRANA
UMAK RAJČICA KLASIK 300g BAKINA TAJNA,90819771,BAKINA TAJNA,0.30 kg,ko,2.99,9.97,,,2.99,8606018022038,HRANA
SIR SVJEŽI VREĆICA 500g DALMAT SIR,90354872,DALMATINSKI SIREVI,0.50 kg,ko,2.95,5.9,,,2.95,3859893220005,HRANA
SENF AMERICANO TUBA 190 g THOMY,90890357,THOMY,0.18 kg,ko,2.29,12.72,,,2.29,8445290992864,HRANA
SV VRAT SK PIVAC,02400394,,1.00 kg,kg,5.49,5.49,,,5.49,3858881614352,HRANA
PALENTA BIJELA 500G IZIDOR,90453593,IZIDOR,0.50 kg,ko,1.39,2.78,,,1.39,3859893567032,HRANA
TJEST SIMPLY PASTA PENNE RIGATE 500g,90875096,SIMPLY PASTA,0.50 kg,ko,,1.98,0.99,1.29,1.29,3858884500614,HRANA
DRESSING AMERIČKI 250ml ZVIJEZDA,90799803,ZVIJEZDA,0.25 l,ko,2.49,9.96,,,2.49,3856015330642,HRANA
ULJE LANA HLAD PREŠ 250ml GRANA,90750957,LETIFICO,0.25 kg,ko,3.99,15.96,,,3.99,3859893457050,HRANA
KOLAČI MIJEŠANI 500g KUSTURA,90044872,KUSTURA KOLAČI,0.50 kg,ko,7.06,14.12,,,7.06,3859892623777,HRANA
BOMBON WERTHERS SOFT CARAMELS 75g,90405405,WERTHERS,0.08 kg,ko,1.25,16.67,,,1.25,4014400923506,HRANA
BUČINE KOŠTICE SLANE 100g CESAREC,90704298,OPG CESAREC,0.10 kg,ko,2.35,23.5,,,2.35,3859893456596,HRANA
UMAK PESTO SICILIANA 100g AGROMONTE,90814786,AGROMONTE,0.10 kg,ko,3.99,39.9,,,3.99,8032817244577,HRANA
LOSOS SALATA ASIANA 160 g EVA,90886046,EVA,0.16 kg,ko,4.29,26.81,,,4.29,3856020276720,HRANA
DESERT FRUTOLINO MAREL I KRUŠ 200g,90707669,LINO,1.00 ko,ko,2.29,2.29,,,2.29,3856020254919,HRANA
LJEŠNJAK JEZGRA 150 g NATURA,90850606,NATURA,0.15 kg,ko,3.99,26.6,,,3.19,3859892798833,HRANA
BOMBONI GUM YUMMI GUMMI FROZ YOG 70g ,90729974,ROSHEN,0.07 kg,ko,0.89,12.71,,,0.89,4823077636363,HRANA
FLIPS CLIPSY SIR/KECAP/ORIGANO 150 g,90887014,PEPSICO,0.15 kg,ko,1.99,13.27,,,1.99,8606033741495,HRANA
JUNEĆI VRAT BEZ KOSTI FIVAS,90795048,FIVAS,1.00 kg,kg,13.29,13.29,,,9.49,,HRANA
KAŠICA FRUTEK KRUŠKA 120g,03142509,FRUTEK,0.12 kg,ko,1.25,10.42,,,1.25,3838945504171,HRANA
TUBA VOĆ HIPPIS BIO JAB/KRU/BOR/CR RIB/AR 100g,90320509,HIPP,0.10 kg,ko,1.35,13.5,,,1.35,4062300319882,HRANA
MAKARUNI SVJEŽI 250g AURELIA,90411580,AURELIA,0.25 kg,ko,2.19,8.76,,,2.19,3859893533402,HRANA
RAJČICA CHERRY 400g ROSSOGARGANO,90730150,ROSSOGARGANO,0.40 kg,ko,1.39,3.48,,,1.39,8033837720034,HRANA
TUNJ OCEAN KOM MAS ULJ YF 3X70/3X52g,90869926,OCEAN,0.16 kg,ko,,21.09,3.29,3.99,3.99,3850334415035,HRANA
JUHA KREM OD GLJIVA 51g ALEVA ,90424695,ALEVA,0.05 kg,ko,1.35,26.47,,,1.35,8600947036760,HRANA
BOMBON ŽELE VOĆNI MIX 200 g ROSHEN,90840031,ROSHEN,0.20 kg,ko,1.49,7.45,,,1.49,4823077602801,HRANA
ČAJ ZELENI S LIMUNOM TEEKANNE,03162552,TEEKANNE,0.04 kg,ko,1.99,56.86,,,1.99,5901086000555,HRANA
PAHULJICE  LINO PILLOWS DUO 250 g,90869782,LINO,0.25 kg,ko,3.49,13.96,,,3.49,3856020278687,HRANA
PAPAR CRNI ZRNO 40g MLIN ŠAFRAM,90083118,ŠAFRAM,0.04 kg,ko,2.49,62.25,,,2.52,3859892109103,HRANA
KIM CIJELI 50g BOČ KOTANYI,04100216,KOTANYI,0.05 kg,ko,2.39,47.8,,,2.39,9001414040249,HRANA
RAJČICA KONCE TUBA GARDEN GOOD 200 g,90854748,GARDEN GOOD,0.20 kg,ko,1.39,6.95,,,1.39,3838900843208,HRANA
KAVA FLORA NS ALU 10/1 55 g BAR,90874747,BARCAFFE,0.06 kg,ko,5.49,99.82,,,4.69,3838471057110,HRANA
BOMBONI MEK SPLASHZ BERRY 120g BAZOOKA,90769657,BAZOOKA,0.12 kg,ko,1.99,16.58,,,1.99,5011053026621,HRANA
KOKICE MASLAC 100  g BOBI,90887301,BOBI,0.10 kg,ko,1.29,12.9,,,1.29,3858891591223,HRANA
UMAK CEZAR 270g ZVIJEZDA,90702841,ZVIJEZDA,0.27 kg,ko,3.29,12.19,,,1,3856015327574,HRANA
SJEMENKE BUNDEVE HRUSTY SUHO PRŽENE 100g,90553584,HRUSTY,0.10 kg,ko,1.29,12.9,,,1.29,3838900988077,HRANA
BABY MRKVA GARDEN GOOD 750g,90704019,GARDEN GOOD,0.75 kg,ko,1.99,2.65,,,1.99,3838900844212,HRANA
PRAŠAK ZA PECIVO 12g DR OETKER,04180532,DR OETKER,0.01 kg,ko,0.22,18.33,,,0.22,5997381375498,HRANA
LJEŠNJAK JEZGRA EUROCOMPANY 150g,90706829,EUROCOMPANY,0.15 kg,ko,3.39,22.6,,,3.39,3872084014559,HRANA
UMAK PUTTANESCA 260g AGROMONTE,90814813,AGROMONTE,0.26 kg,ko,3.99,15.35,,,3.99,8032817245888,HRANA
BOMBON COLA KISELI 15G BEBETO,90210669,BEBETO,0.02 kg,ko,0.29,19.33,,,0.26,8690146675211,HRANA
VOĆ PL HIPP BIO BAN/JAB/BRES 20g,90764864,HIPP,0.02 kg,ko,0.89,44.5,,,0.89,4062300362239,HRANA
BUREK SA KRUMPIROM 400 g BUJRUM,90830104,BUJRUM,0.40 kg,ko,4.99,12.48,,,4.99,3870218001109,HRANA
LIZALICA CH CHUPS DOGS CATS 12g,04190267,CHUPA CHUPS,0.01 kg,ko,1.99,165.83,,,1.99,84194107,HRANA
MUESLI LINO MULTIGRAIN/ČOK 150 g,90874776,LINO,0.15 kg,ko,2.79,18.6,,,2.79,3856020277222,HRANA
LISTOVI ZA BAKLAVU 500 g CLARUM,90800749,CLARUM,0.50 kg,ko,1.99,3.98,,,1.99,3858891274058,HRANA
POLLEO SHAKER I'M NOT HERE TO TALK 0.6L,90678293,POLLEO,0.60 l,ko,4.99,8.32,,,3.49,3856026804743,HRANA
TUBA NUTR BIO JAB/BRES/BAN 100g,90623102,NUTRINO,0.10 kg,ko,1.19,11.9,,,1.19,8606019653828,HRANA
UMAK BEŠAMEL 250 ml THOMY,90890353,THOMY,0.25 l,ko,2.75,11,,,2.75,40056296,HRANA
KIKIRIKI SLANI 85g MOGYI,90050965,MOGYI,0.09 kg,ko,0.9,10.59,,,0.9,5997347541974,HRANA
TIJESTO REZANCI FRK S JAJ 400g MARODI,90703275,MARODI,0.40 kg,ko,2,5,,,2,3859893944291,HRANA
KOMPOT BRESKVA VALFRUTTA 411g     ,90106458,VALFRUTTA,0.41 kg,ko,2.09,5.08,,,2.09,8001440000072,HRANA
BRAŠNO CRNO T-1600 1kg TENA,90824939,TENA,1.00 kg,ko,0.99,0.99,,,0.99,3858887101504,HRANA
UMAK HOLANDEZ 250 ml THOMY,90890347,THOMY,0.25 l,ko,2.75,11,,,2.75,40056265,HRANA
KEKS NUTELLA BISCUITS 193 g,90750019,FERRERO,0.19 kg,ko,3.89,20.16,,,3.49,8000500390306,HRANA
PRŠUT S TARTUFIMA 60 g,90800777,PISINIUM,0.06 kg,ko,3.59,59.83,,,3.39,3858894291823,HRANA
JUNEĆI VRAT S KOSTI FIVAS,90795047,FIVAS,1.00 kg,kg,6.99,6.99,,,6.99,,HRANA
ULJE CRNI KIM HLAD PREŠ 250ml LETIFICO,90412456,LETIFICO,0.25 l,ko,11.94,47.76,,,11.94,3859893457043,HRANA
KRPICE MALE 400g LAURA,90669602,LAURA,0.40 kg,ko,2.15,5.38,,,2.15,3859893592027,HRANA
ČAJ PODRAVSKI BOŽIĆNI 60g PAMPA,90734963,PAMPA TEA,0.06 kg,ko,6.49,108.17,,,6.49,3859891239481,HRANA
BOMBON GUM KIS PAINTER STRIPS 75g ZOZOLE,90809803,ZOZOLE,0.08 kg,ko,1.19,15.87,,,1.19,5900353702147,HRANA
PAŠTETA PAČJA S MASLIN 115g HENAFF,02166196,JEAN HENAFF,0.12 kg,ko,3.59,31.22,,,3.59,3537580701340,HRANA
PAŠTETA BOŠKARIN 50g BURETIĆ,90573450,BURETIĆ,0.05 kg,ko,2.59,51.8,,,2.59,3859893159329,HRANA
ULJE SUNC HL PREŠ 0.5L KAPLJICE SUNCA,90486474,KAPLJICE SUNCA,0.50 l,ko,3.18,6.36,,,3.18,3859893568053,HRANA
PŠENIČNO BRAŠNO IZ CIJELOG ZRNA 1kg MLIN PUKANIC,90404112,MLIN PUKANIĆ,1.00 kg,ko,1.45,1.45,,,1.45,3859892888206,HRANA
BRAŠNO KUKURUZNO 1 kg TENA,90890153,TENA,1.00 kg,ko,1.49,1.49,,,1.49,3858887101740,HRANA
KEKS DOMAĆIC MULTIGRAIN MINI VR 100g,90875327,DOMAĆICA,0.10 kg,ko,1.29,12.9,,,1.29,3850102013685,HRANA
PUDING ČOKOLADA 3x41g RUF,90360130,RUF,0.12 kg,ko,1.29,10.49,,,1.33,40352046,HRANA
TUBA NAT GERBER JABUKA/ŠUM V 150 g,90839926,GERBER,0.15 kg,ko,2.05,13.67,,,2.05,7613287358981,HRANA
BUČINO ULJE HLAD PREŠ 250ml GRANA,90669593,LETIFICO,0.25 l,ko,9.29,37.16,,,9.29,3859893457524,HRANA
KOŠARICE LONČIĆ 42 g 12/1 CONFILETAS,90887088,CONFILETAS,0.04 kg,ko,3,71.43,,,5.99,8427778896192,HRANA
GRISSINI DULCETTI CLASSIC 170 g,90890114,DULCETTI,0.17 kg,ko,,6.06,1.03,1.29,1.29,3838900843475,HRANA
PRASEĆA KL POLOVICA ,02400690,PIK VRBOVEC,1.00 kg,kg,11.19,11.19,,,11.35,3850139430219,HRANA
ČAJ MENTA FILTAR 15/1,90623763,SUBAN,0.04 kg,ko,2.65,70.67,,,2.65,3858882912549,HRANA
SV ČMT BEZ KOŽE III KAT PIVAC,90348708,PIVAC,1.00 kg,kg,3.69,3.69,,,3.69,3858890183047,HRANA
ČIPS CHIO OVEN PAPRIKA 100 g,90886920,CHIO,0.10 kg,ko,2.19,21.9,,,2.19,5996253002326,HRANA
BADEM PRŽENI SLANI 300 g EUROCOMPANY,90770033,EUROCOMPANY,0.30 kg,ko,5.89,19.63,,,5.89,3872084015723,HRANA
CURRY 45g MLINAC KOTANYI,04100443,KOTANYI,0.05 kg,ko,,53.11,2.39,3.99,3.98,9001414041161,HRANA
PAPRENJAK ČILI 100g KEKSOMANIJA,90670184,KEKSOMANIJA,0.10 kg,ko,,27.8,2.78,3.32,3.32,3857500127839,HRANA
MED LIVADSKI 450g ŽUPANJA,90412089,KUĆA MEDA,0.45 kg,ko,9.59,21.31,,,8.76,3859893780066,HRANA
ZAČINSKO BILJE DALMAT 15g BOČ KOTANY,04103238,KOTANYI,0.02 kg,ko,2.15,143.33,,,2.15,9001414041444,HRANA
PROIZ BILJ BAZ OKUS CHEDDAR 250g,90342083,GREEN VIE,0.25 kg,ko,2.45,9.8,,,2.45,5292874000155,HRANA
SALAMA ZIMSKA 75 g NAR ANDRO,90825824,ANDRO,0.08 kg,ko,2.09,27.87,,,2.09,9002055000388,HRANA
SIRNI NAMAZ LUK I VLASAC 200g ARLA,90707927,ARLA,0.20 kg,ko,2.49,12.45,,,2.49,5711953158520,HRANA
PAPRIKE PUNJ KAJMAK 150/250g VERONIKA,90731065,VERONIKA,0.15 kg,ko,6.39,42.6,,,6.09,3859889622691,HRANA
DESERT MONTE BARS CHOCO BALLS 125g,90724897,MONTE,0.13 kg,ko,1.19,9.52,,,1.19,4014500514628,HRANA
SLAD MILKA ŠTAPIĆ 90ml,90703668,MILKA,0.09 l,ko,2.79,31,,,2,5900130038391,HRANA
KEKS BOCCONC ČOKO KREMA 100g MATILDE VICENZI,90673176,MATILDE VICENZI,0.10 kg,ko,1.5,15,,,2.09,8000350006280,HRANA
NAMAZ BRUSK CHER RAJČ 100g AGROMONTE,90814800,AGROMONTE,0.10 kg,ko,3.99,39.9,,,3.99,8032817244478,HRANA
KAVA LATTE KOKOS DG 10/1 160 g BAR,90874742,BARCAFFE,0.16 kg,ko,4.49,28.06,,,3.98,3838471057035,HRANA
BOMBON HARIBO WINTER MIX 90 g,90850983,HARIBO,0.09 kg,ko,1.59,17.67,,,1.59,5996379804798,HRANA
BOMBONI HERBA ORIGINAL 48g,90136857,ŠUMI,0.05 kg,ko,0.95,19.79,,,0.95,3838700040647,HRANA
PIL ZABATAK RFZ VINDIJA,02431389,CEKIN,1.00 kg,kg,4.19,4.19,,,4.19,3850159110078,HRANA
KREMA ACETO BALZAMICO 0.25L PONTI,03127025,PONTI,0.25 kg,ko,3.49,13.96,,,3.49,8001010076568,HRANA
MUFFINS LAVA 350g DOLCELA,90064162,DOLCELA,0.35 kg,ko,,8.54,2.99,3.89,3.59,3850104264108,HRANA
KAVA ILLY MLJEVENA 250g LIM ,04071058,ILLY,0.25 kg,ko,10.29,41.16,,,9.99,8003753900438,HRANA
PROTEIN 1ST WHEY 454g COOKIES & CREAM,90345171,POLLEO,0.45 kg,ko,21.99,48.44,,,21.99,3858892293324,HRANA
HREN,01402173,,1.00 kg,kg,4.49,4.49,,,4.99,3850334386021,HRANA
BOMBON HARIBO JAGODA 100g,04340892,HARIBO,0.10 kg,ko,1.59,15.9,,,1.59,9002975405157,HRANA
RIŽA BLOND RISOTTI 1kg GALLO,04060019,RISO GALLO,1.00 kg,ko,4.59,4.59,,,4.59,8001420003666,HRANA
MORTADELA STELLA NAR 100g NEGRONI,90362499,NEGRONI,0.10 kg,ko,2.29,22.9,,,2.19,8028257011473,HRANA
ČOKOLADA ČOKSA SALTED PEANUT 67g,90657753,ČOKSA,0.07 kg,ko,1.39,20.75,,,1.39,3850102522637,HRANA
KVASAC SUHI 7g DIGO,04180018,DIGO,0.01 kg,ko,0.75,107.14,,,0.75,3859889940085,HRANA
GRAH S KOBASICOM 400g CARNEX,90220094,CARNEX,0.40 kg,ko,,7.48,2.99,3.99,3.69,8600012700299,HRANA
KEKS FINESSE NOUGATELLI 175g,90578048,FINESSE,0.18 kg,ko,2.19,12.51,,,2.19,3850334000927,HRANA
TORTILLA 20cm 8/1 320g MEXIFOODS,90324775,MEXIFOODS,0.32 kg,ko,2.59,8.09,,,2.79,8422424100081,HRANA
DATULJA GARDEN GOOD PREMIUM 180g,90514181,GARDEN GOOD,0.18 kg,ko,2.69,14.93,,,2.49,3838900987865,HRANA
PECIVO FRI FRI 4X55g KLARA,90123778,KLARA,0.22 kg,ko,2.75,12.5,,,2.59,3858881320833,HRANA
PIRE VOĆNI POWER BIO 200 g O PLANT,90780052,O PLANT,0.20 kg,ko,1.99,9.95,,,1.99,3856020270575,HRANA
KAKAO NAPITAK 450ml K PLUS,90770096,K PLUS,0.45 l,ko,1.09,2.42,,,1.09,3850334105462,HRANA
INSTANT JACOBS CRONAT GOLD VR 200 g+50 g,90800502,JACOBS,0.25 kg,ko,12.99,51.96,,,12.99,8711000571170,HRANA
SAFALADA 300g GAVRILOVIĆ,02044238,GAVRILOVIĆ,0.30 kg,ko,2.85,9.5,,,2.85,3858881225916,HRANA
SIR TVRDI LIVANJSKI PUĐA,90092330,PUĐA,1.00 kg,kg,21.23,21.23,,,21.23,,HRANA
KEKS PETIT 1000g KRAŠ,90825628,KRAŠ,1.00 kg,ko,3.49,3.49,,,3.49,3850102014415,HRANA
GRAŠAK 265g ZVIJEZDA,01550504,ZVIJEZDA,0.27 kg,ko,1.69,6.38,,,1.69,3858882217057,HRANA
POMMES FRITES L PREMIUM 2.5kg LEDO,02361502,LEDO,2.50 kg,ko,6.89,2.76,,,6.89,3850116795478,HRANA
ČAJ EARL GREY 25X2g AHMAD,90678359,AHMAD,0.05 kg,ko,2.39,47.8,,,2.39,0054881009690,HRANA
ZAČIN ZA SVINJETINU 30g VEGETA NATUR,90185730,VEGETA NATUR,0.03 kg,ko,1.19,39.67,,,1.19,3850104280900,HRANA
FUŽI 250g AURELIA,90411573,AURELIA,0.25 kg,ko,2.19,8.76,,,2.19,3859893533365,HRANA
SLAD GELATISSIMO LJEŠNJAK 4X115 ml,90765060,GELATISSIMO,0.32 l,ko,2.99,9.36,,,2.99,3850334112422,HRANA
RIŽA ZL POLJE 3 ŽITA 800g KUT VAK,90657768,ZLATO POLJE,0.80 kg,ko,4.69,5.86,,,4.69,3838700354300,HRANA
KEČAP JALAPENO 500g PODRAVKA,90669838,PODRAVKA,0.50 kg,ko,1.99,3.98,,,1.99,3856020255961,HRANA
DESERT NESTLE BABY KEKS 4X100,04174543,NESTLE,0.40 kg,ko,,7.98,3.19,3.59,3.59,7613034515643,HRANA
PAPRIKA SLAT MLJEV 100G ALEVA,90393013,ALEVA,0.10 kg,ko,2.25,22.5,,,2.25,8600947011255,HRANA
JUHA PILEĆA REZANCI 50g MAGGI,90703104,MAGGI,0.05 kg,ko,1.09,21.8,,,1.09,3858890171686,HRANA
NAPITAK NEPRŽEN BADEM BŠ 1L ALPRO,90270173,ALPRO,1.00 l,ko,3.99,3.99,,,3.99,5411188122661,HRANA
TUBA FRULLÀ BIO JAB/BOR/ZOB 100g,90734719,FRULLA,0.10 kg,ko,0.89,8.9,,,0.89,8024985012379,HRANA
 JUHA PILE NOODLES 70g INDOMIE,90698055,INDOMIE,0.07 kg,ko,0.65,9.29,,,0.66,089686170108,HRANA
DŽEM EXTRA SPECIAL M JAB/CIM/VAN 230g,90825394,SPECIAL MOMENTS,0.23 kg,ko,1.5,6.52,,,2.99,3850334430410,HRANA
TJEST SIMPLY PASTA FARFALLE 500g,90875095,SIMPLY PASTA,0.50 kg,ko,,1.98,0.99,1.29,1.29,3858884500621,HRANA
MJEŠ ZAČ ZA KRUMPIR Q&E 30g KOTANYI,90698134,KOTANYI,0.03 kg,ko,0.99,33,,,0.98,9001414237205,HRANA
SLAD BARATTOLINO SLANA KARAMEL 800ml,90637853,SAMMONTANA,0.80 l,ko,5.99,7.49,,,5.99,8005840096635,HRANA
TIJESTO SVRDLA JAJ 400g KOLEDA,90060210,KOLEDA,0.40 kg,ko,2.25,5.63,,,2.25,3859888433274,HRANA
MALA TULUMBA 500G SUNDAY,90251681,SUNDAY,0.50 kg,ko,4.69,9.38,,,4.44,5319990443502,HRANA
PROBITAS NATUR 330g PET KRAVICA,90570328,KRAVICA KRALJICA,0.33 kg,ko,1.59,4.82,,,1.59,3856015324429,HRANA
SIR POLUTV BIOGAL MELITA 380g,90682849,BIOGAL,0.38 kg,ko,7.39,19.45,,,7.39,3857500129307,HRANA
GOVEĐA KOCKA KUT. 40g PODRAVKA,90161347,PODRAVKA,0.04 kg,ko,1.15,28.75,,,1.15,3850104274831,HRANA
ČAJ K PLUS KAMILICA RINFUZA 40g,90453814,K PLUS,0.04 kg,ko,1.35,33.75,,,1.35,3850334240071,HRANA
DŽEM MAREL EKO 240G DIDA BOŽA,04280361,DIDA BOŽA,0.24 kg,ko,3.69,15.37,,,3.69,3859891515523,HRANA
BOMBONI GUMENI KISS 100g TROLLI,90673188,TROLLI,0.10 kg,ko,1.65,16.5,,,1.65,4003084319422,HRANA
OCAT BALZAMSKI 0.25L  DUE VIT,03120487,DUE VITTORIE,0.25 l,ko,14.39,57.56,,,14.39,8022734000103,HRANA
MAJONEZA STAKLENKA THOMY 235g,90674701,THOMY,0.24 kg,ko,3.15,13.4,,,3.15,7613030501442,HRANA
HRENOVKA TELEĆA K PLUS 280 g,90864763,K PLUS,0.28 kg,ko,,10.68,2.99,4.49,4.49,3850334433152,HRANA
TJEST BUCATINI 15 500G DE CECCO,90197242,DE CECCO,0.50 kg,ko,2.79,5.58,,,2.79,8001250120151,HRANA
FLIPS CLIPSY MAX KISELO VRHNJE 25g,90424412,PEPSICO,0.03 kg,ko,0.79,31.6,,,0.79,8606014407464,HRANA
KOKICE MIKROV SLANE 3/1 300g MOGYI,90826538,MOGYI,0.30 kg,ko,2.19,7.3,,,2.19,5997347556787,HRANA
SARDINA U MASL ULJU 100G/75g EVA,90706339,EVA,0.08 kg,ko,1.99,26.53,,,1.99,3856020262556,HRANA
ČOK MILKA BUBBLY WHITE 95G,90160850,MILKA,0.10 kg,ko,2.49,26.21,,,2.49,7622210371706,HRANA
ULJE MASLINOVO DJEV 0.25L BLATO,03210118,BLATO 1902,0.25 l,ko,5.99,23.96,,,5.99,3859888154254,HRANA
UMAK PESTO ROSO 190g MINUTE,90432901,MINUTE,0.19 kg,ko,,6.79,1.29,1.49,2.49,3850334437709,HRANA
VIŠNJE GARDEN GOOD 400 g,90854648,GARDEN GOOD,0.40 kg,ko,,8.73,3.49,3.99,1.99,8605002359884,HRANA
TOAST SA SJEMENKAMA 500g TVOJIH 5 MINUTA,90299557,TVOJIH 5 MIN,0.50 kg,ko,2.29,4.58,,,2.29,8606018730490,HRANA
PIRE VOĆ JAB BRES MAN BIO100Gg FRULLA ,90705134,FRULLA,0.10 kg,ko,1.19,11.9,,,1.19,8024985000819,HRANA
KEKS CUOR DI MELA NOVA 300g,04150597,BARILLA,0.30 kg,ko,3.99,13.3,,,3.99,8076809531825,HRANA
BROKULA GARDEN GOOD 750g,90704011,GARDEN GOOD,0.75 kg,ko,3.09,4.11,,,2.99,3838900835210,HRANA
ČOKOL MILKA CREAM&BISCUI 100g,90402610,MILKA,0.10 kg,ko,2.49,24.9,,,2.49,7622201125721,HRANA
MLIJEKO ČOKOLADNO MONTE DRINK 200ML,02331204,MONTE,0.20 l,ko,0.89,4.45,,,0.89,4014500026510,HRANA
HRENOVKE FRANKFURTER 200g,90077046,GAVRILOVIĆ,0.20 kg,ko,2.59,12.95,,,2.59,3858881224933,HRANA
PAN PILEĆI FILET SEZAM 500 g CEKIN,90764858,CEKIN,0.50 kg,ko,6.59,13.18,,,6.29,3850159141201,HRANA
KEKS ABBRACCI CACAO 350g,04140031,BARILLA,0.35 kg,ko,4.59,13.11,,,4.59,8076809574082,HRANA
JOGURT JOGO JAGODA 1KG PET DUKAT,90514063,JOGO,1.00 kg,ko,2.69,2.69,,,2.55,3850354016045,HRANA
AJVAR K PLUS LJUTI 350G,01481030,K PLUS,0.37 kg,ko,1.99,5.38,,,1.89,3850334117564,HRANA
PAH FITNESS CHOCO NESTLE 375G,90087403,NESTLE ŽITAR,0.38 kg,ko,4.99,13.31,,,4.69,7613034608598,HRANA
MORTADELLA BOLOGNA IGP 120 g NAR SPECIAL MOMENTS,90825719,SPECIAL MOMENTS,0.12 kg,ko,1.99,16.58,,,1.99,3850334429315,HRANA
PANIRANI FILET ZABATKA 700 g CEKIN,90764862,CEKIN,0.70 kg,ko,,11.43,7.99,7.99,6.49,3850159141195,HRANA
BISKVIT SUNNY MARELICA 200g 8/1,90702784,SUNNY,0.20 kg,ko,1.45,7.25,,,1.45,3850334043955,HRANA
KRUMPIR BABY ZA MIKROV I PEČE 500 g,90854836,PRIMEALE FRANCE,0.50 kg,ko,1.99,3.98,,,1.99,3856028689737,HRANA
INSTANT KAVA CLAS LIM 200g BARCAFFE,90707690,BARCAFFE,0.20 kg,ko,8.79,43.95,,,8.19,3838471049474,HRANA
UMAK NAPOLITANA MINUTE 400g,90406512,MINUTE,0.40 kg,ko,,4.48,1.79,1.79,2.29,3850334130457,HRANA
PITA SA SIROM 550 g MINUTE,90810847,MINUTE,0.55 kg,ko,,5.22,2.87,3.59,3.49,3850334415059,HRANA
KOMPOT ANANAS KOM 560g DEL MONTE,90438055,DEL MONTE,0.56 kg,ko,3.49,6.23,,,3.49,024000001645,HRANA
ČOKOLADA FINESSE LJEŠ I GROŽĐ 80g,90335286,FINESSE,0.08 kg,ko,,12.13,0.97,1.15,1.15,3850334343062,HRANA
VAFL KREM ŠTAPIĆI BIJELA ČOK 200g LASTA,90662989,LASTA,0.20 kg,ko,2.39,11.95,,,2.39,3870128032071,HRANA
KEKSI MJEŠ BELVEDERE MANNER 400g,04140523,MANNER,0.40 kg,ko,3.59,8.98,,,2.95,9000331608709,HRANA
MAK MLJEVENI 200g KRESTO,01310467,KRESTO,0.20 kg,ko,1.99,9.95,,,1.99,3858882290784,HRANA
BISKVIT ČOKO BROWNIE 8/1 200 g MR BROWNIE,90764706,MR BROWNIE,0.20 kg,ko,3.49,17.45,,,3.29,8411037800037,HRANA
PECIVO ČAJNO TAM ČOK BŠ 200g DELICIA,90754815,DELICIA,0.20 kg,ko,3.69,18.45,,,3.45,3859889106177,HRANA
DESERT RIŽA NA MLIJEKU 200g,90382640,ZOTT,0.20 kg,ko,0.89,4.45,,,0.86,4014500516950,HRANA
SIR TVRDI DALMATINSKI VAC PUĐA,90092396,PUĐA,1.00 kg,kg,21.23,21.23,,,21.23,,HRANA
RAMA CLASSIC S MASLACEM 400g,90707912,RAMA,0.40 kg,ko,2.19,5.48,,,1.99,8719200114999,HRANA
TUBA VOĆ HIPPIS BIO SM JAB/BAN/C.VOĆE 120ml,90308399,HIPP,0.12 l,ko,1.4,11.67,,,1.4,4062300325050,HRANA
NAPOLIT LIMUN/LIMET 370g KOESTLIN,90240507,KOESTLIN,0.37 kg,ko,3.09,8.35,,,2.79,3856014119934,HRANA
SAVIJAČA VAN ČOK NOUG 450g LEDO,90422949,LEDO,0.45 kg,ko,3.99,8.86,,,3.99,3850116036656,HRANA
CROISSANT MARELICA  6/1 300g BAULI,04022708,BAULI,0.30 kg,ko,3.79,12.63,,,3.29,8001720446200,HRANA
JUHA KREM OD ŠAMPINJ 63G PODRAVKA,90160143,PODRAVKA,0.06 kg,ko,1.39,22.06,,,1.39,3850104274626,HRANA
NAMAZ HUMMUS BUČINE SJEMENKE 250G,90220896,SANA,0.25 kg,ko,3.45,13.8,,,3.45,3859892873066,HRANA
SARDINA SALATA UMAK ADRIA MARE 100 g,90754851,ADRIA MARE,0.10 kg,ko,1.39,13.9,,,1.09,3850334063359,HRANA
PIRE VOĆNI GLOW BIO 200 g O PLANT,90780071,O PLANT,0.20 kg,ko,1.99,9.95,,,1.99,3856020270698,HRANA
BRAŠNO K PLUS PIROVO INTEGRALNO 1kg,90789894,K PLUS,1.00 kg,ko,1.69,1.69,,,1.69,3850334110756,HRANA
KAKAO PRAH SWEET CHEF 250g,90745457,SWEET CHEF,0.25 kg,ko,4.99,19.96,,,4.99,3850334055149,HRANA
ŠLAG PJENA MLIJEKO 36g PODRAVKA,04183279,DOLCELA,0.04 kg,ko,1.1,30.56,,,0.85,3850104216763,HRANA
ČIPS TORTILLA NACHO CHEESE 110g,90669566,CHIO,0.11 kg,ko,1.99,18.09,,,1.99,4001242106341,HRANA
SLAD NJOFRA PUNČ 6X65 ml,90885867,LEDO,0.39 l,ko,5.99,15.36,,,5.99,3850116067148,HRANA
ČOKOLADA S RIŽOM  200G KANDIT,04210456,RIKI,0.20 kg,ko,4.29,21.45,,,3.79,3858881040458,HRANA
LOVOROV LIST 5g KOTANYI,04100896,KOTANYI,0.01 kg,ko,0.99,198,,,0.99,9001414015346,HRANA
HRENOVKA POLI 130G PERUTNINA,90279771,POLI,0.13 kg,ko,1.05,8.08,,,1.05,3850220153928,HRANA
MUESLI GRANOLA ČOKOLADA 350g SANTE,90363365,SANTE,0.35 kg,ko,3.89,11.11,,,3.89,5900617002983,HRANA
PROTEINSKI NAPITAK JAGODA 0.5L VIN,90513957,Z BREGOV,0.50 l,ko,2.55,5.1,,,2.55,3850108023725,HRANA
FLIPS GUSTO PUFULETI 85g,90600129,GUSTO,0.09 kg,ko,0.99,11.65,,,0.99,5941868200087,HRANA
KOLAČ SACHER 300 g SPECIAL MOMENTS,90830393,SPECIAL MOMENTS,0.30 kg,ko,4.99,16.63,,,4.99,3850334431028,HRANA
DVOPEK CLASSIC 320g MLINAR,90400859,MLINAR,0.32 kg,ko,2.29,7.16,,,2.39,3858881120891,HRANA
PEČENICA DALM SUHA NAR K PLUS 250g,90648013,K PLUS,0.25 kg,ko,5.69,22.76,,,5.69,3850334019073,HRANA
KRALJEVSKA MJEŠAVINA 200 grama,90405024,KONZUM,0.20 kg,ko,1.49,7.45,,,1.49,3858893250333,HRANA
SIR POLUTV EDAMER 45% K PLUS,02053832,K PLUS,1.00 kg,kg,7.96,7.96,,,7.96,3850334136992,HRANA
UMAK BOLOGNESE MINUTE 400g,90406504,MINUTE,0.40 kg,ko,,4.48,1.79,1.79,2.29,3850334130273,HRANA
PAHULJICE KIT KAT 330g NESTLE,90713434,NESTLE ŽITAR,0.33 kg,ko,4.49,13.61,,,4.29,5900020043191,HRANA
KUPUS KISELI GLAVE MADIG,01400082,,1.00 kg,kg,2.09,2.09,,,2.09,3859891493012,HRANA
MAKARON BOLOGNESE 160g PODRAVKA,04050901,TALIANETTE,0.16 kg,ko,2.49,15.56,,,2.49,3850104230950,HRANA
PECIVO HOT DOG 4/1 250G DON DON,90170399,DON DON,0.25 kg,ko,1.89,7.56,,,1.89,3858885564547,HRANA
ČIPI ČIPS SVJ SIR I MLADI LUK 130 g,90751037,ČIPI ČIPS,0.13 kg,ko,2.19,16.85,,,2.19,3856021306662,HRANA
CIKLA,01405743,,1.00 kg,kg,0.79,0.79,,,0.95,3850334385970,HRANA
RIŽA ZL POLJE 800G VREĆ,04060007,ZLATO POLJE,0.80 kg,ko,,1.99,1.59,2.59,2.59,3838700540314,HRANA
POMMES FRITES VALOVITI MINUTE 1Kg,90478436,MINUTE,1.00 kg,ko,,1.99,1.99,1.99,2.99,3858884500058,HRANA
PUDING ČOK 45G 3+1g PODRAVKA,90155244,DOLCELA,0.14 kg,ko,2.1,15.56,,,1.29,3850104276507,HRANA
ČOKOL MIKADO RIŽA 75g,04210965,MIKADO,0.08 kg,ko,1.59,21.2,,,1.09,3858881064256,HRANA
ČAJ ŠUMSKO VOĆE K 110g MAXI FRANCK,04090868,FRANCK,0.11 kg,ko,3.79,34.45,,,3.79,3858881085695,HRANA
RAJČICA PELAT 400g MUTTI,01570012,MUTTI,0.26 kg,ko,1.89,7.27,,,1.46,8005110060007,HRANA
TORTILJA ČIPS HRUSTY 150g,90799779,HRUSTY,0.15 kg,ko,,4.73,0.71,0.89,0.89,8605028610730,HRANA
KEKS PREKRAŠNI PUNJ KOKOS 200g,90692801,PREKRAŠNI KOLAČIĆI,0.20 kg,ko,2.59,12.95,,,2.59,3850102005413,HRANA
BOMBONJERA FONTANA 194G KRAŠ,90161637,FONTANA,0.19 kg,ko,6.79,35,,,6.79,3850102505289,HRANA
SV REBRA   ,02402334,PIK VRBOVEC,1.00 kg,kg,5.85,5.85,,,6.25,3850139523423,HRANA
EXTRAWURST (VINDVAC) NAR 250g VINDIJA,02048317,CEKIN,0.25 kg,ko,2.29,9.16,,,1.77,3850159122132,HRANA
RAJČICA POLPA 400g MUTTI,01570909,MUTTI,0.40 kg,ko,1.89,4.73,,,1.79,80042556,HRANA
KEKS KOM ČOK BEZ ŠEĆERA 150g GULLON,90350960,GULLON,0.13 kg,ko,2.99,23.92,,,2.99,8410376052893,HRANA
DVOPEK MINI INTEGRALNI 120G NATUREL,90258603,NATUREL,0.12 kg,ko,,10.42,1.25,1.39,1.39,3858889361586,HRANA
SENF ESTRAGON PVC 140g PODRAVKA,01530171,PODRAVKA,0.14 kg,ko,1.89,13.5,,,1.79,3850104023033,HRANA
TUNJ SALATA DALMATINA 160g EVA,90320977,EVA,0.16 kg,ko,4.29,26.81,,,4.29,3856020217617,HRANA
KOBASICA K PLUS DOMAĆA 300g,90745033,K PLUS,0.30 kg,ko,,8.3,2.49,3.49,3.49,3850334099242,HRANA
FLIPS TIP TOP CUBICS 100g,90478794,TIP TOP,0.10 kg,ko,1.65,16.5,,,1.55,3856021303302,HRANA
MLIJEKO SVJEŽE 3.2% 1 L-BOCA DUKAT,90514083,DUKAT,1.00 l,ko,1.49,1.49,,,1.49,3850354016083,HRANA
KRUPICA KUKURUZNA 1kg POHIT,04030422,POHIT,1.00 kg,ko,1.85,1.85,,,1.85,8000271000015,HRANA
KISELO VRHNJE MILERAM 22% 400g DUKAT,90410318,BRZO&FINO,0.40 kg,ko,2.49,6.23,,,2.39,3850354009900,HRANA
CIKLA K PLUS 360g,01590015,K PLUS,0.36 kg,ko,1.69,4.69,,,1.79,3850334150080,HRANA
BAKALAR SUŠENI VAC 800-1000g NOTO KARTON,90265894,NOTO,1.00 kg,kg,59.99,59.99,,,50.99,,HRANA
PAŠTETA KOKOŠJA JUNIOR ARGETA 3X95g,90108930,ARGETA,0.29 kg,ko,4.19,14.7,,,3.99,3838471013185,HRANA
PAHULJICE LUMPI COCOA CRUNCH 250g,90593664,LUMPI,0.25 kg,ko,,3.6,0.9,1.06,1.06,3850334009357,HRANA
GRAH CRVENI 230g PODRAVKA,01550199,PODRAVKA,0.23 kg,ko,1.59,6.91,,,1.39,3850104020759,HRANA
ČOKOLADA ČOKSA CREAMY MILK 68g,90657774,ČOKSA,0.07 kg,ko,1.39,20.44,,,1.39,3850102001613,HRANA
ČOKOLADA FINESSE MLIJ RIŽA 200g,90731115,FINESSE,0.20 kg,ko,,14.8,2.96,3.49,3.49,3850334071118,HRANA
SIR POLUTV PODRAVEC 45% 250g DUKAT,02055423,PRESIDENT,0.25 kg,ko,3.69,14.76,,,3.59,3850355007349,HRANA
DESERT TWIX 50g,90063465,MARS,0.05 kg,ko,1.09,21.8,,,1.09,5900951313592,HRANA
MLIJEKO UHT 1.0% M.M. 1L KRAVICA,90713383,KRAVICA KRALJICA,1.00 l,ko,1.59,1.59,,,1.59,3856015328885,HRANA
KUKURUZ ŠEĆERAC PODRAVKA 280g,01490142,PODRAVKA,0.28 kg,ko,1.59,5.68,,,1.59,3850104063435,HRANA
KOLAČ LINCER 400g VOPEX,90342163,PEKARNA JURE,0.40 kg,ko,2.99,7.48,,,2.99,3830042310945,HRANA
PILEĆA PRSA BEZ KOŽE CCA 500G/2.5kg SP SV,02431114,MEĐIMURSKO PILE,1.00 kg,kg,7.59,7.59,,,7.59,3850220115810,HRANA
RIŽA DUGO ZRNO K PLUS 2kg,90810363,K PLUS,2.00 kg,ko,3.49,1.75,,,3.69,3850334113061,HRANA
SIR OVIDUR 280g VINDIJA,90719914,VINDIJA,0.28 kg,ko,11.49,41.04,,,8.79,3850108052855,HRANA
AJVAR K PLUS BLAGI 350g,01480416,K PLUS,0.35 kg,ko,1.99,5.69,,,1.89,3850334117540,HRANA
LOPATICA ROLANA BEZ KOŽE VAK PIK,90478330,PIK VRBOVEC,1.00 kg,kg,6.29,6.29,,,6.29,3850139180923,HRANA
AROMA VANILIJA BOČICA 38ML DR OETKER,04360238,DR OETKER,0.04 l,ko,1.79,47.11,,,1.69,5907707051029,HRANA
JUN KOLJENICA BK MARTINJAK MHF,90308792,,1.00 kg,kg,12.19,12.19,,,10.99,3859893702372,HRANA
BOOM BURGER 300g (MA) PIK VRBOVEC,90633021,PIK VRBOVEC,0.30 kg,ko,4.99,16.63,,,2.44,3850139280623,HRANA
MUFFINS ČOKOLADNI 350g DOLCELA,04180658,DOLCELA,0.35 kg,ko,,8.54,2.99,3.89,3.79,3850104244827,HRANA
KOCKA POVRTNA 120 g MAXX,90263389,PODRAVKA,0.12 kg,ko,2.09,17.42,,,2.09,3850104291944,HRANA
TORTILLA MIX 300g PODRAVKA,90693248,PODRAVKA,0.30 kg,ko,2.49,8.3,,,2.49,3856020259228,HRANA
ČAJ ZELENI 20X2g AHMAD,04092713,AHMAD,0.04 kg,ko,3.45,86.25,,,3.45,054881008945,HRANA
ZAČIN VRATINA VR 30g VEGETA NATUR,90215089,VEGETA NATUR,0.03 kg,ko,1.19,39.67,,,1.19,3850104277245,HRANA
ŽELIN 2:1 25g PODRAVKA,90091430,DOLCELA,0.03 kg,ko,1.25,50,,,1.25,3850104268748,HRANA
NAMAZ PROSERIES PEANUT BUTTER SMOOTH 450g,90344845,POLLEO,0.45 kg,ko,5.99,13.31,,,5.99,3858892290002,HRANA
SIR POLUTV RIB PIZZ AMERIC 200g PRESID,90598963,PRESIDENT,0.20 kg,ko,3.49,17.45,,,3.49,3850355007745,HRANA
UMAK CHILLISAUCE SWEET 500ml GO TAN,90361549,GO-TAN,0.50 l,ko,4.29,8.58,,,4.29,8710605021011,HRANA
SIR ZRNATI NATUR 180g MEGGLE,90600681,MEGGLE,0.18 kg,ko,1.79,9.94,,,1.79,8594007096033,HRANA
SOL SA SMANJ UDJEL NATRIJA 250g,04110050,SOLANA PAG,0.25 kg,ko,2.05,8.2,,,2.05,3859888155701,HRANA
ČAJ K PLUS ŠIPAK HIBISKUS 20X2.5g,90453802,K PLUS,0.05 kg,ko,1.25,25,,,1.25,3850334240149,HRANA
BADEM JEZGRA 200 g NATURA,90850562,NATURA,0.20 kg,ko,4.69,23.45,,,4.49,3859892798789,HRANA
SIR TOP LIST SANDWCH ZDENKA 150g,90112696,ZDENKA,0.15 kg,ko,1.69,11.27,,,1.69,3858888591908,HRANA
BOMBONI PEZ VREĆICA LICENCA 85G,90081787,PEZ,0.09 kg,ko,3.69,43.41,,,3.69,9044400822320,HRANA
AJVAR LJUTI 195g PODRAVKA,01480012,PODRAVKA,0.20 kg,ko,1.85,9.49,,,1.85,3850104022524,HRANA
RAMA CLASSIC 400g,90602754,RAMA,0.40 kg,ko,2.19,5.48,,,1.99,8719200115033,HRANA
BOMBON HARIBO VOĆNE ROLE 25g,04190172,HARIBO,0.03 kg,ko,0.49,19.6,,,0.49,4001686372234,HRANA
NAPITAK SOJA VANILIJA 1L ALPRO,03150047,ALPRO,1.00 l,ko,3.99,3.99,,,3.99,5411188081852,HRANA
PROTEIN BROWNIE WHITE CHOCOLATE 75g,90674578,POLLEO,0.08 kg,ko,2.49,33.2,,,2.49,3856026803654,HRANA
VAFL NAPOLITANKA LJEŠ 50g KRAŠ,04150052,KRAŠ,0.05 kg,ko,1.05,21,,,1,3850102323463,HRANA
SIR TVRDI CLASSIC MIX NA PODL 100g,90380124,PAŠKA SIRANA,0.10 kg,ko,3.49,34.9,,,3.09,3859892884697,HRANA
KOLAČ APPLE PIE 450 g SPECIAL MOMENTS,90830431,SPECIAL MOMENTS,0.45 kg,ko,4.99,11.09,,,4.99,3850334430946,HRANA
JUN POTRBUŠINA  ,02411972,PIK VRBOVEC,1.00 kg,kg,11.69,11.69,,,10.99,3850139523164,HRANA
UMAK WORCESTER 150ML HEINZ,90080365,HEINZ,0.15 kg,ko,3.29,21.93,,,3.32,5000157073020,HRANA
AJVAR LJUTI OD PEČENE PAPRIKE 290g PODRAVKA,90623048,PODRAVKA,0.29 kg,ko,5.19,17.9,,,5.19,3856020253745,HRANA
UMAK SLATKO KISELI 250ML YOUWOK,01491663,YOUWOK.COM,0.25 l,ko,3.49,13.96,,,3.35,8717228380044,HRANA
CROISSANT 7DAYS SUPER MAX KAK/VAN 110g,90401433,CHIPITA,0.11 kg,ko,1.3,11.82,,,1.3,7622201390624,HRANA
BAGUETTE RUSTIC VEGAN 160g MEGGLE,90705751,MEGGLE,0.16 kg,ko,1.99,12.44,,,1.65,4034900032331,HRANA
JOGURT VOĆ DUKATINO MIX 125g DUKAT,02334226,DUKATINO,0.13 kg,ko,0.59,4.72,,,0.59,3850354001782,HRANA
KAVA GUATEMALA MLJEV 250g VA FRANCK,04072219,FRANCK,0.25 kg,ko,8.99,35.96,,,8.99,3858881086296,HRANA
SV MOZAK ,02480030,PIK VRBOVEC,1.00 kg,kg,2.85,2.85,,,3.25,3850139280197,HRANA
ULJE KOKOSOVO BEZ MIRISA 300ml BIOZONE,90406941,BIO ZONE,0.30 l,ko,2.49,8.3,,,2.09,3838900841167,HRANA
ČIPS CRUNCHIPS PEČENA REBRICA 120g,90704858,LORENZ,0.12 kg,ko,2.25,18.75,,,2.25,4018077005510,HRANA
TJEST SIMPLY PASTA SPAGHETTI 3 500 g,90875089,SIMPLY PASTA,0.50 kg,ko,,1.78,0.89,0.99,0.99,3858884500638,HRANA
LOSOS HLADNO DIMLJ 100g FOOD WITH YOU,90447922,FOOD WITH YOU,0.10 kg,ko,3.49,34.9,,,4.64,5711865703696,HRANA
KROKETI PILEĆI ŠUNKA SIR 600g,90669701,CEKIN,0.60 kg,ko,8.79,14.68,,,8.79,3850159140495,HRANA
PITA MIX 480g VOPEX,90385837,PEKARNA JURE,0.48 kg,ko,4.25,8.85,,,4.25,3830056442700,HRANA
KREKER MED I SENF 70G ELEPHANT,90403892,ELEPHANT,0.07 kg,ko,0.99,14.14,,,0.99,5949040202058,HRANA
RIŽA 3 VRSTE ŽITARICA K PLUS 1KG,90160979,K PLUS,1.00 kg,ko,3.69,3.69,,,3.69,3850334524751,HRANA
KIKIRIKI PRŽEN BEZ ULJA SPICY 125g,90059422,CHIO,0.13 kg,ko,1.79,14.32,,,1.79,3856021302299,HRANA
JUHA OD BUNDEVE 23G FINI MINI,90185598,FINI MINI,0.02 kg,ko,0.79,34.35,,,0.79,3850104281976,HRANA
SIR POLUT BILOGORSKI ZDENKA 400g,90432969,ZDENKA,0.40 kg,ko,6.49,16.23,,,6.49,3858888597962,HRANA
KEKS LEIBNIZ MLIJEČNI 125g BAHLSEN,04149158,BAHLSEN,0.13 kg,ko,3.19,25.52,,,2.85,4017100209833,HRANA
DŽEM EXTRA MALINA 320g PODRAVKA,90572909,PODRAVKA,0.32 kg,ko,3.89,12.16,,,3.89,3856020253042,HRANA
FLIPS HRUSTY TORNADO PAPRIKA 30g,90356905,HRUSTY,0.03 kg,ko,,10.33,0.31,0.39,0.35,3850334001061,HRANA
BUCKET CHICKEN STRIPES 500 g MINUTE,90829757,MINUTE,0.50 kg,ko,,6.98,3.49,3.49,4.49,3850334428431,HRANA
ČEŠNJAK MLJEVENI SPICE CHEF 55g  MLIN,90409993,SPICE CHEF,0.06 kg,ko,1.99,36.18,,,1.99,3850334133908,HRANA
KOKOS BRAŠNO 200g KRESTO,01310469,KRESTO,0.20 kg,ko,1.19,5.95,,,1.19,3858882290807,HRANA
MEDALJONI GLUTEN FREE 600 g VINDIJA,90825184,CEKIN,0.60 kg,ko,8.29,13.84,,,8.29,3850159141126,HRANA
KREMA PARFE ČOKOLADA 200g DOLCELA,90770262,DOLCELA,0.20 kg,ko,3.39,16.95,,,3.39,3856020271329,HRANA
KAVA 100% ARABICA 250 g FRANCK,90082774,FRANCK,0.25 kg,ko,7.19,28.76,,,7.19,3858881087224,HRANA
NAMAZ KIKIRI MASL S KOMADIĆIMA 350 G LINO,90750754,LINO,0.35 kg,ko,4.29,12.26,,,4.29,3856020271107,HRANA
KAKAO LUMPI BOX 800g,90739664,LUMPI,0.80 kg,ko,4.49,5.61,,,4.49,3850334072498,HRANA
BOMBON MENTOS DUGINE BOJE 37.5g,04193161,MENTOS,0.04 kg,ko,0.89,23.73,,,0.89,87311396,HRANA
KEKS DOLCI CANTUCCINI DULCETTI 200g,90400687,DULCETTI,0.20 kg,ko,,7.45,1.49,2.15,2.15,3850334131324,HRANA
ČOKOLADNA JAJA GOLD MOMENTS ROCHER 90g,90734759,FERRERO,0.09 kg,ko,1.5,16.67,,,2,8000500373583,HRANA
KOLAČ MUFFIN ČOKOLADA 62g KLARA,04024070,KLARA,0.06 kg,ko,1.39,22.42,,,1.29,3858881324527,HRANA
KREKER RIŽA INTEG SLANI ACTIVE ZONE 50 g,90775589,ACTIVE ZONE,0.05 kg,ko,,7.8,0.39,0.49,0.45,3838900838235,HRANA
KREKER SEZAM XXL 180g ELEPHANT,90478180,ELEPHANT,0.18 kg,ko,1.89,10.5,,,1.89,5949040201105,HRANA
NAMAZ HUMMUS SHIITAKE 200g RIBELLA,90403181,RIBELLA,0.20 kg,ko,,11.25,2.25,2.25,2.25,8606011898883,HRANA
ŠTRUDLA SPECIAL M ČOKO NARANČA 145g,90825562,SPECIAL MOMENTS,0.15 kg,ko,1.29,8.9,,,1,3850334429254,HRANA
ZAČIN MEDITERAN 100g VEGETA NATUR,90147478,VEGETA NATUR,0.10 kg,ko,1.49,14.9,,,1.49,3850104273483,HRANA
TOFU SVJEŽI EKO 200g ANNAPURNA,90188668,ANNAPURNA,0.20 kg,ko,1.72,8.6,,,1.72,3859890343288,HRANA
UMAK SALSA PIKANTNI 740 g ZVIJEZDA,90770099,ZVIJEZDA,0.74 kg,ko,3.49,4.72,,,3.49,3856015330529,HRANA
ZAČIN TACO MIX 40g LA FIESTA,90731783,LA FIESTA,0.04 kg,ko,1.19,29.75,,,1.19,5412514935191,HRANA
SIR POLUTV NORMANTAL REZ 150g ILE DE FRANCE,90487105,ILE DE FRANCE,0.15 kg,ko,3.69,24.6,,,3.69,3090291119403,HRANA
EKSTRA DJEVIČANSKO MASLINOVO ULJE MIX 0.25L SAN ANTONIO,90404070,SAN ANTONIO,0.25 l,ko,9.49,37.96,,,9.49,3859892822071,HRANA
CAPP NESCAFE VANILIJA 336 g 3PACK,90880125,NESCAFE,0.34 kg,ko,7.98,23.75,,,6.99,8445291599581,HRANA
KAVA MLJEV. ZA MOKU 250G ILLY,90202740,ILLY,0.25 kg,ko,10.29,41.16,,,9.99,8003753915050,HRANA
TJEST REZANCI USKI S JAJ DOM 400g RAGUSA,04350633,PARADISO,0.40 kg,ko,2.19,5.48,,,2.19,3859889154543,HRANA
KEKS SPEKULAS 400g KOESTLIN,90138646,SPEKULAS,0.40 kg,ko,4.09,10.23,,,4.09,3856014116995,HRANA
CAPP NESCAFE ORIGINAL 324 g 3PACK,90880122,NESCAFE,0.32 kg,ko,7.98,24.63,,,6.99,8445291599550,HRANA
SLAD GELATISSIMO SCHWARZWALD 6X115ml,90485271,GELATISSIMO,0.69 l,ko,4.29,6.22,,,4.29,3838900803127,HRANA
SLAD QUATTRO DORINA 1500 ml,90885935,QUATTRO,1.50 l,ko,7.49,4.99,,,7.49,3850116067117,HRANA
PAPAR CAYENNE 38g BOČ KOTANY,04100438,KOTANYI,0.04 kg,ko,2.39,62.89,,,2.39,9001414040089,HRANA
ČAJ MENTA MAXI 40/1 52 g FRANCK,90874928,FRANCK,0.05 kg,ko,2.79,53.65,,,2.79,3850291055435,HRANA
SIR SV KOZJI ROLICA 100 g SPEC MOM,90829912,SPECIAL MOMENTS,0.10 kg,ko,2.49,24.9,,,2.49,3850334562432,HRANA
RAVIOLI VRGANJI 250g NAŠE KLASJE,90352842,AURELIA,0.25 kg,ko,2.99,11.96,,,2.99,3859892780135,HRANA
KREKER RIŽA BIO ZONE 120 g,90779982,BIO ZONE,0.12 kg,ko,1.19,9.92,,,1.19,3838900820292,HRANA
TOAST AMERICAN 750 g XXL KLARA,90810144,KLARA,0.75 kg,ko,2.99,3.99,,,2.99,3856016906945,HRANA
CRIJEVO KOLAGENO FI 55MM CROMA,02032092,CROMA,1.00 ko,ko,1.75,1.75,,,1.75,3859890197751,HRANA
BRAŠNO GLATKO T-550 1kg FARINA,04030358,FARINA,1.00 kg,ko,0.8,0.8,,,0.8,3859890160557,HRANA
NAMAZ DUO PAW PATROL 180g,90809744,HAPPY LAND,0.18 kg,ko,2.99,16.61,,,2.99,3897900401931,HRANA
MINI MUFFINI 250g DR OETKER,90083175,DR OETKER,0.25 kg,ko,3.79,15.16,,,3.79,5997381353960,HRANA
GRIS KNEDLI 60g VREĆ PODRAVKA,04160069,PODRAVKA,0.06 kg,ko,1.49,24.83,,,1.49,3850104048500,HRANA
SALATA S POVRĆEM 160g ARGETA,90825320,ARGETA,0.16 kg,ko,4.19,26.19,,,4.19,3838471055505,HRANA
JUHA PILEĆA KREM 54g MAGGI,90483145,MAGGI,0.05 kg,ko,1.09,20.19,,,1.09,7613287259622,HRANA
KAVA DOLCE GUSTO MACC CARAMEL 16/1 145.6g,90568673,DOLCE GUSTO,0.15 kg,ko,6.49,44.57,,,6.49,7613037788884,HRANA
 PANCETA 100 NAR MA PIK,90563223,PIK VRBOVEC,0.10 kg,ko,2.99,29.9,,,2.99,3850139522037,HRANA
KEKS DIGESTIVE TAMNA ČOK 200g DUPIN,04280051,MCVITIE'S,0.20 kg,ko,2.79,13.95,,,2.65,5000396033335,HRANA
DESERT JAGODA 70g DANONINO,90428382,DANONINO,0.07 kg,ko,0.99,14.14,,,0.99,7350000550214,HRANA
LOVOR LIST 10G ŠAFRAM,90393060,ŠAFRAM,0.01 kg,ko,0.69,69,,,0.66,3859888163690,HRANA
VAFL LOACKER KAKAO MLIJEKO 175G,90236049,LOACKER,0.18 kg,ko,2.49,14.23,,,2.19,8000380180721,HRANA
KOBASICE SUHE ISTAR RUŽMAR 167g BURETIĆ,90404125,BURETIĆ,0.17 kg,ko,7.19,43.05,,,7.19,3859893159091,HRANA
NAPOLITANKA VOĆ KOCKA 180g,90089108,KOESTLIN,0.18 kg,ko,1.85,10.28,,,1.85,3856014114410,HRANA
INSTANT JACOBS MONARCH 100g SOLUB,04074040,JACOBS,0.10 kg,ko,8.69,86.9,,,7.49,8711000532843,HRANA
PERECI SLANI SALTAS 200G,90082088,SALTAS,0.20 kg,ko,1.79,8.95,,,1.59,3856014114908,HRANA
KREMFIX 30g 3X10g DR OETKER,04180508,DR OETKER,0.03 kg,ko,1.19,39.67,,,1.19,5997381321228,HRANA
INSTANT KAVA RITUAL GOLD BK 100 g,90749870,RITUAL,0.10 kg,ko,,42.2,4.22,5.29,5.29,3850334083203,HRANA
ULJE BUČINO ZLOTNO DJEV 0.25L POLJO POSAVEC,90704549,POLJO POSAVEC,0.25 l,ko,6.29,25.16,,,6.29,3859889562546,HRANA
ČAJ VRBOVICA BILJKA 50g AGRISTAR ,90824930,AGRISTAR,0.05 kg,ko,2.49,49.8,,,2.49,3858886500988,HRANA
BOMBON CEDEVITA ŠUM VOĆE 18g,90697812,CEDEVITA,0.02 kg,ko,0.79,43.89,,,0.69,38506246,HRANA
BRAŠNO ZOBENO 800g FARINA SPECIALE,90403546,FARINA,0.80 kg,ko,1.85,2.31,,,1.86,3858887101047,HRANA
ORAH INDIJSKI EC SUHO PRŽ NESLA 125g,90241104,EUROCOMPANY,0.13 kg,ko,3.49,27.92,,,3.49,3872084007957,HRANA
ČAJ KAMILICA CVIJET 50g AGRISTAR,90824928,AGRISTAR,0.05 kg,ko,2.89,57.8,,,2.89,3858886500971,HRANA
KAVA DOLCE GUSTO MOKA 16/1 144g,90362770,DOLCE GUSTO,0.14 kg,ko,6.49,45.07,,,6.49,7613035695610,HRANA
KEKS PLAZMA STIKSI ČOKO PRELJ 125g,90404754,BAMBI,0.13 kg,ko,2.35,18.8,,,2.35,8600043029512,HRANA
BRUSCHETTE GLJIVE/VRHNJE 70g MARETTI,90381969,MARETTI,0.07 kg,ko,0.95,13.57,,,0.95,3800205875208,HRANA
JUHA KREM BROKULA I CVJETAČA 66g,90091508,PODRAVKA,0.07 kg,ko,1.49,22.58,,,1.39,3850104271564,HRANA
PAŠTETA PILEĆA CREAM 95g LINO,90706304,LINO,0.10 kg,ko,1.49,15.68,,,1.49,3856020260439,HRANA
 PIRE VOĆ. FITNESS 200 g NUTRINO LAB,90573488,NUTRINO LAB,0.20 kg,ko,2.25,11.25,,,2.25,8606019652913,HRANA
SIR MEKI MOZZAR BUFALA 125 g SPECIAL MOM,90825196,SPECIAL MOMENTS,0.13 kg,ko,1.99,15.92,,,1.99,3850334430168,HRANA
GRAH SA SLANINOM 400g CARNEX,90220091,CARNEX,0.40 kg,ko,,7.48,2.99,3.99,3.69,8600012700282,HRANA
BRAŠNO OŠTRO T-400 1kg BELJE,04031818,BELJE,1.00 kg,ko,0.82,0.82,,,0.82,3850257015664,HRANA
PANIRANI RIBLJI FILET 240G LEDO,90703206,LEDO,0.24 kg,ko,4.29,17.89,,,4.29,3850116058146,HRANA
MIX RITUAL 3U1 10X18 g VR,90750211,RITUAL,0.18 kg,ko,,6.61,1.19,1.49,1.49,3850334100177,HRANA
KAPSULE SREDNJE PRŽ 120.6g ILLY,90657860,ILLY,0.12 kg,ko,11.29,93.62,,,11.29,8003753198149,HRANA
PIL KRILA KOKA RFZ VINDIJA,02433947,CEKIN,1.00 kg,kg,5.19,5.19,,,5.19,3850159110252,HRANA
AJVAR BLAGI 195g PODRAVKA,01480013,PODRAVKA,0.20 kg,ko,1.85,9.49,,,1.85,3850104022517,HRANA
PRŠUT DALMATINSKI 80 g NAR 18 MJ SPECIAL MOMENTS,90825858,SPECIAL MOMENTS,0.08 kg,ko,2.69,33.63,,,2.49,3850334432025,HRANA
BOMBON SMARTIES MINI 158g NESTLE,90263109,SMARTIES,0.16 kg,ko,4.49,28.42,,,4.49,7613287115782,HRANA
FLIPS TIP TOP CUBICS KETCHUP 50g,90088949,TIP TOP,0.05 kg,ko,1.09,21.8,,,1.09,3856021303708,HRANA
JUNEĆA POTPLEĆKA S KOSTI LOVRIĆ,90648701,LOVRIĆ,1.00 kg,kg,10.59,10.59,,,10.19,,HRANA
ŽV GUMA ORBIT BUBBLEMINT BOČ 64 g,90770773,WRIGLEY,0.06 kg,ko,3.69,57.66,,,3.69,4009900537445,HRANA
ČAJNA KOBASICA GAVRILOVIĆ,02023932,GAVRILOVIĆ,1.00 kg,kg,20.49,20.49,,,20.49,3858881220812,HRANA
LOSOS HLAD DIMLJ 150g LASCHINGER,90670081,LASCHINGER,0.15 kg,ko,9.95,66.33,,,9.95,4010871050048,HRANA
PAPAR MJEŠAVINA 35g MLINAC KOTANY,04100444,KOTANYI,0.04 kg,ko,,75.14,2.63,4.39,4.39,9001414041130,HRANA
PARIZER PIKO S POVRĆEM 200G NAR MA,90145172,PIKO,0.20 kg,ko,,14.25,2.85,2.85,2.85,3850139172003,HRANA
KIKIRIKI HRUSTY U TIJES LUK/VRHNJE 150g,90692847,HRUSTY,0.15 kg,ko,,7.27,1.09,1.09,1.29,3850334035455,HRANA
SLAD MOCHI MANGO LITTLE MOONS 6x32g,90704576,LITTLE MOONS,0.19 kg,ko,6.99,36.41,,,6.99,5027324001839,HRANA
SIR MEKI GRABANCIJAŠ 350G VINDIJA,90268096,VINDIJA,0.35 kg,ko,5.89,16.85,,,5.89,3850108054026,HRANA
PAHULJ LINO PILLOWS MILK 250g PODR,90039261,LINO,0.25 kg,ko,3.49,13.96,,,3.49,3850104259616,HRANA
GRISSINI SEZAM 125g AMOR DI PANE,90325467,AMOR DI PANE,0.13 kg,ko,1.29,10.32,,,1.29,8005803010661,HRANA
BISKVIT SOFT FINESSE 270g,90406544,FINESSE,0.27 kg,ko,2.29,8.48,,,2.29,3850334131638,HRANA
PROTEIN BAR 50% CHOCO-BANANA 50g,90568641,PROSERIES,0.05 kg,ko,1.99,39.8,,,1.99,3858892299340,HRANA
PROTEIN MIX FAMILY PACK EC 300g,90705644,EUROCOMPANY,0.30 kg,ko,4.49,14.97,,,4.49,3872084014504,HRANA
JOGURT SOJIN BOROV 150g ALPRO,90381601,ALPRO,0.15 kg,ko,1.55,10.33,,,1.55,5411188126416,HRANA
ULJE MASL EKS DJEV MIX 0.75L SAN ANTONIO,90513586,SAN ANTONIO,0.75 l,ko,17.29,23.05,,,17.29,3859892822354,HRANA
PUDING VANILIJA 38G 3+1GRAT DR OETK,04180919,DR OETKER,0.11 kg,ko,,11.84,1.35,2.16,2.16,5997381375627,HRANA
TJEST.RIBANA KAŠA JAJA KPLUS 400G,90166212,K PLUS,0.35 kg,ko,,3.11,1.09,1.29,1.29,3850334410542,HRANA
SPARE RIBS VAK PIK,90724811,PIK VRBOVEC,1.00 kg,kg,19.09,19.09,,,19.29,3850139282047,HRANA
KEKS OREO 396g,90599469,OREO,0.40 kg,ko,4.49,11.34,,,4.49,7622210664150,HRANA
LIGNJA PANIRANI KOLUTIĆI 400 g MINUTE,90825290,MINUTE,0.40 kg,ko,,4.98,1.99,2.99,2.99,3850334432315,HRANA
KIKIRIKI VEDRINI PEČ U LJUSCI 400g,90303759,VEDRINI,0.40 kg,ko,2.19,5.48,,,2.19,3858889331572,HRANA
KRUPICA KUKURUZNA 750g TENA,04030157,TENA,0.75 kg,ko,1.49,1.99,,,1.49,3858887101757,HRANA
ČAJ BRUSNICA KUT 20/1 52 g FRANCK,90851191,FRANCK,0.05 kg,ko,2.49,47.88,,,2.49,3850291055428,HRANA
PRALINE LINDT LINDOR MILK BALLS 200g,04219618,LINDT,0.20 kg,ko,8.99,44.95,,,9.99,7610400082549,HRANA
FLIPS BOBI 40g,04149381,BOBI,0.04 kg,ko,0.55,13.75,,,0.45,3858891590004,HRANA
BAKALAR CRNI FILET 400g OCEAN,90704402,OCEAN,0.40 kg,ko,,14.98,5.99,7.99,6.99,3850334043597,HRANA
VJENČIĆI MIX MAR/VIŠNJA 500g FANOLA,90453202,FANOLA,0.50 kg,ko,4.99,9.98,,,4.99,3859888257658,HRANA
VINOBRAN 10g ŠAFRAM,04180344,ŠAFRAM,0.01 kg,ko,0.39,39,,,0.39,3859888163348,HRANA
ČAJ ŠUMSKO VOĆE AHMAD 20X2g,90147008,AHMAD,0.04 kg,ko,3.05,76.25,,,3.05,054881000055,HRANA
ORAH PEKAN VEDRINI 100g,90377889,VEDRINI,0.10 kg,ko,3.29,32.9,,,2.59,3858889332166,HRANA
GROŽĐICA SUHA FP EC99 300 g,90850354,PERFECT DAY,0.30 kg,ko,2.05,6.83,,,1.99,3872084016041,HRANA
SLAD OREO KORNET BALL TOP 4x100ml,90703696,OREO,0.40 l,ko,6.99,17.48,,,6.99,8606018616053,HRANA
KEKS DOLCI CUSCINI DULCETTI 350 g,90749916,DULCETTI,0.35 kg,ko,,4.26,1.49,2.15,2.15,3850334100313,HRANA
PERECI LOMLJENI ROŠTILJ 125g ELEPHANT ,90809868,ELEPHANT,0.13 kg,ko,1.89,15.12,,,1.89,5941035012642,HRANA
GRAH CRVENI GARDEN GOOD 420/240 g,90854719,GARDEN GOOD,0.24 kg,ko,0.79,3.29,,,0.79,3838900842942,HRANA
MLIJEKO ZAMJ HIPP COMB 12+ 600g,90407590,HIPP,0.60 kg,ko,12.85,21.42,,,12.85,4062300447240,HRANA
GRAŠAK EC ZELENI POLOVICE 500G,90286973,EUROCOMPANY,0.50 kg,ko,1.39,2.78,,,1.29,3872084000958,HRANA
TORTA SPECIAL MOMENTS ČOKOLADA 600 g,90885575,SPECIAL MOMENTS,0.60 kg,ko,5.99,9.98,,,5.99,3850334437358,HRANA
PIVO OSJEČKO BLACK RADLER 0.5L PB,90043485,OSJEČKO,0.50 l,ko,1.15,2.3,,,1.15,3858895010003,PIĆE
GAZ PIĆE SCHWEPPES TANGERINA 0.5L,03164152,SCHWEPPES,0.50 l,ko,1.35,2.7,,,1.35,87126068,PIĆE
NAPITAK MONSTER ROSSI 0.5L,90149329,MONSTER,0.50 l,ko,1.95,3.9,,,1.95,5060335633132,PIĆE
PIVO KARLOVAČKO 0.5L BOCA POV AMB KP,03130207,KARLOVAČKO,0.50 l,ko,1.19,2.38,,,1.19,3850103000820,PIĆE
PJENUŠAC FREIXENET CORD NEGRO BRUT 0.75L,03030023,FREIXENET,0.75 l,ko,11.99,15.99,,,11.99,8410036009090,PIĆE
LIKER BOROVNIČKA 1L,03075815,NIMCO,1.00 l,ko,14.05,14.05,,,14.05,4000152003368,PIĆE
LEDENI ČAJ JANA LIMUN 1.5L ,90755061,JANA,1.50 l,ko,1.69,1.13,,,1.69,3856028500223,PIĆE
PIVO BALTAZAR NB 0.5L ,90573257,MEDVEDGRAD,0.50 l,ko,2.35,4.7,,,2.35,3859893357275,PIĆE
LIKER TERANINO BADEL 0.7L,90874793,BADEL 1862,0.70 l,ko,12.99,18.56,,,12.99,3850112112750,PIĆE
VINO PINOT GRIGIO FREIXENET 0.75L,90424811,FREIXENET,0.75 l,ko,10.05,13.4,,,10.05,8410036808433,PIĆE
VINO MERLOT BLATO KV 0.75L ,90754830,BLATO 1902,0.75 l,ko,5.69,7.59,,,5.69,3859888154810,PIĆE
ORAHOVAC 0.75L HARMUND,90404140,HARMUND,0.75 l,ko,16.69,22.25,,,16.69,3859893459085,PIĆE
VINO TERRA ROSA 0.75L LAGUNA,90311360,LAGUNA,0.75 l,ko,7.79,10.39,,,7.79,3858881194151,PIĆE
NEKTAR MOJ DAN MULTIVITAMIN 2L,90513363,MOJ DAN,2.00 l,ko,,0.7,1.39,1.79,1.39,3850334411914,PIĆE
VINO ZLATAN PLAVAC 0.75L PLENKOVIĆ,03022328,ZLATAN OTOK,0.75 l,ko,14.25,19,,,14.25,3859888437029,PIĆE
PIVO LAŠKO ZLATOROG 6PACK 0.5L LIM,90622746,LAŠKO,3.00 l,ko,7.69,2.56,,,7.49,3830001711066,PIĆE
NAPITAK ISO SPORT LIMUN GREJP NEG. 1.5L,90672908,ISO SPORT,1.50 l,ko,2.55,1.7,,,2.55,3850108073171,PIĆE
LIKER PELINKOVAC ANTIQUE 1 l,90764799,BADEL 1862,1.00 l,ko,22.05,22.05,,,22.05,3850112111838,PIĆE
PIVO OSJEČKO CRNI RADLER 1664 0.5 l,90794807,OSJEČKO,0.50 l,ko,1.55,3.1,,,1.55,3858895010010,PIĆE
NEKTAR ANANAS JUICY 1L,90240467,JUICY,1.00 l,ko,2.49,2.49,,,2.49,3858890970999,PIĆE
PIVO PAULANER ORIG. 0.5 L NB,90058397,PAULANER,0.50 l,ko,1.95,3.9,,,1.95,4066600611028,PIĆE
SIRUP MARASKA JABUKA BAZGA 1L,90587850,MARASKA,1.00 l,ko,2.99,2.99,,,2.99,3850158105044,PIĆE
PIVO STAROČEŠKO 2L PET,90755054,STAROČEŠKO,2.00 l,ko,,1.38,2.75,3.25,3.25,3859893750717,PIĆE
NEGAZIRANO PIĆE JABUKA YIPPY  0.2L BRICK,03145123,YIPPY,0.20 l,ko,0.69,3.45,,,0.69,9008700149242,PIĆE
VINO MALVAZIJA AVANGARDE TOMAZ 0.75L,90308539,TOMAZ,0.75 l,ko,13.59,18.12,,,13.59,3857500055019,PIĆE
VINO SILVANAC  ZELENI  KVALITETNI 0.75,90210422,PP ORAHOVICA,0.75 l,ko,6.59,8.79,,,5.55,3858889831201,PIĆE
GAZ PIĆE COCA COLA ZERO 2L,03160278,COCA COLA,2.00 l,ko,,1.1,2.19,2.39,2.29,5449000131843,PIĆE
BADEL DOMAĆI 1 L,90850930,BADEL 1862,1.00 l,ko,11.05,11.05,,,11.05,3850112145109,PIĆE
PIVO 5TH ELEMENT IPA 0.5L LIM,90513929,5TH ELEMENT,0.50 l,ko,,4.9,2.45,2.45,2.45,3859892222345,PIĆE
GAZ PIĆE PIPI MANDAR LUBENICA 0.33L ,90706834,PIPI,0.33 l,ko,1.15,3.48,,,1.15,3859893637087,PIĆE
SIRUP K PLUS LEDENI ČAJ BRESKVA 1L,90703451,K PLUS,1.00 l,ko,2.55,2.55,,,2.55,3850334044174,PIĆE
SIRUP K PLUS BOROVNICA 1L,90703463,K PLUS,1.00 l,ko,2.55,2.55,,,2.55,3850334044310,PIĆE
SOK 100% LUMPI NARANČA 3X0.2L ,90730185,LUMPI,0.60 l,ko,1,1.67,,,1.29,3850334044655,PIĆE
VODA FUNKC JANA VIT REFRESH 0.5L,90363930,JANA,0.50 l,ko,1.19,2.38,,,1.19,3858890874570,PIĆE
MIN VODA JAMNICA 1.5L PET,03180804,JAMNICA,1.50 l,ko,0.99,0.66,,,0.99,3859888152045,PIĆE
 SOK 100% MULTIVITAMIN JUICY 1L,90361250,JUICY,1.00 l,ko,2.29,2.29,,,2.39,3858890977349,PIĆE
PIĆE NEGAZ ALOE V LOTTE BEZ ŠEĆ 0.5l,90484264,LOTTE,0.50 l,ko,1.75,3.5,,,1.75,8801056094409,PIĆE
LIKER MATIS ČOKOLDA 0.70L,03074005,FRUCTAL,0.70 l,ko,12.05,17.21,,,12.05,3838945670326,PIĆE
VINO POŠIP SKARAMUČA 0.75L,90295629,SKARAMUČA,0.75 l,ko,15.39,20.52,,,15.39,3859888214309,PIĆE
VODA DONATURAL ALOE VERA 0.5 L,90889793,DONATURAL,0.50 l,ko,1.69,3.38,,,1.69,3838471056298,PIĆE
NEKTAR JABUKA BRAVO  2L,03141280,BRAVO,2.00 l,ko,3.19,1.6,,,2.99,9008700124195,PIĆE
NEG PIĆE BAZGA LIM JUICY FRUITS 1.5L,90890431,JUICY FRUITS,1.50 l,ko,1.69,1.13,,,1.69,3858890978360,PIĆE
NAPITAK PRO SPORT LIM/GREJP 0.75L,03160421,PRO SPORT,0.75 l,ko,1.59,2.12,,,1.59,3858884601830,PIĆE
SIRUP FRUTTI LIMUN LIMETA 1L,90407071,FRUTTI,1.00 l,ko,1.55,1.55,,,1.55,3850334134370,PIĆE
VINO ZLATNA VRBNIČKA ŽLAHTINA 0.75L,03020074,VRB ŽLAHTINA,0.75 l,ko,10.49,13.99,,,10.49,3859889467018,PIĆE
NEG PIĆE TOCO LIMUN KRASTAVAC 1.5 L,90784808,TOCO,1.50 l,ko,1.69,1.13,,,1.69,3856028501121,PIĆE
PIVO PAN ZLATNI LIM 0.5 l 4 PACK,90166982,PAN,2.00 l,ko,,2.13,4.25,5.15,5.15,3858887580651,PIĆE
ALOE VERA LOTTE ŠIPAK 0.24L,90340511,LOTTE,0.24 l,ko,1.05,4.37,,,1.05,8801056052447,PIĆE
VODKA  38% 0.1L MARASKA,90092263,MARASKA,0.10 l,ko,1.69,16.9,,,1.69,3850158409104,PIĆE
PIĆE GAZ FENTIMANS ROSE LEMON 0.2L,90411292,FENTIMANS,0.20 l,ko,2.39,11.95,,,2.39,5029396003896,PIĆE
VINO SYRAH 0.75L KORLAT,03023334,KORLAT,0.75 l,ko,16.05,21.4,,,16.05,3850112170545,PIĆE
KULTURA KOMBUCHA BOBIČA VOĆE 330 ml,90885455,KULTURA,0.33 l,ko,2.89,8.76,,,2.89,3859893720222,PIĆE
PRAŠK. NAPITAK MOJ DAN LIMUN 500g,90662971,MOJ DAN,0.50 kg,ko,2.39,4.78,,,2.39,8605028604616,PIĆE
SOK FRUVITA VOĆNI JAB LIMETA 330 ml,90809892,FRUVITA,0.33 l,ko,1.49,4.51,,,1.49,8606030051412,PIĆE
BOJA COMPLETE COL N93 MED,90775328,ANNYER,1.00 ko,ko,3.99,3.99,,,3.99,3850177007985,KOZMETIKA
DEO LACTOVIT Ž LACTOUREA 200 ml,90775585,LACTOVIT,0.20 l,ko,4.79,23.95,,,4.79,8411135008939,KOZMETIKA
BOJA COLOR NAT 10 BLOND TRES 5678,06540660,GARNIER COL NATURALS,1.00 ko,ko,,3.49,3.49,4.99,4.99,3600540335678,KOZMETIKA
GLAVA ZAMJ ORAL B ZA EL ČETK SENS UL TH 4 KOM,90453738,ORAL B,4.00 ko,ko,21.25,5.31,,,21.25,8006540847961,KOZMETIKA
GEL TUŠ J&J ADULT MED JOGURT 400 ml,90765096,J&J,0.40 l,ko,4.29,10.73,,,4.09,3574661385730,KOZMETIKA
ZP PHYTODENT BRIGHT&FRESH 75 ml,90775252,PLIDENTA,0.08 l,ko,3.59,47.87,,,3.59,3856007911811,KOZMETIKA
PJENA ZA KOSU  INTESA STRONG HOLD300 2238,06546783,INTESA,0.30 l,ko,3.65,12.17,,,3.49,8003510002238,KOZMETIKA
GEL ZA KUP MIXA BABY 2U1 400ML,90153339,MIXA,0.40 l,ko,6.49,16.23,,,6.49,3600551155173,KOZMETIKA
GEL TUŠ ŠAMP FA DJEV 250ml,06601226,FA,0.25 l,ko,2.79,11.16,,,2.79,9000100662550,KOZMETIKA
BOJA PALETTE DLX 5-68 ZL KEST,90899873,PALETTE,1.00 ko,ko,,4.79,4.79,5.99,5.99,9000101736946,KOZMETIKA
GEL TUŠ LACTOVIT LACTOOIL 600ml,90598360,LACTOVIT,0.60 l,ko,4.09,6.82,,,3.99,8411135351820,KOZMETIKA
ULJE AMBRE SOL  F15 150 ml,90784700,GARNIER AMBRE SOLAIR,0.15 l,ko,14.29,95.27,,,14.29,3600542452434,KOZMETIKA
GEL TUŠ PALM MILK&PROTEIN 750 ml,90810384,PALMOLIVE,0.75 l,ko,5.09,6.79,,,5.09,8718951543874,KOZMETIKA
SERUM EVELIN ANTICEL 4D SCALPEL 250ml,90403243,EVELINE,0.25 l,ko,6.99,27.96,,,6.99,5901761967678,KOZMETIKA
KREMA BIOBAZA BOTANIKA ROSARY 50ml,90704142,BIOBAZA,0.05 l,ko,2.99,59.8,,,2.99,3856020912383,KOZMETIKA
ULJE OLIVAL VLAS RUŽM KLINČIĆ 60ml,90730468,OLIVAL,0.06 l,ko,5.89,98.17,,,5.29,3858892694626,KOZMETIKA
LIP BALM MELEM L&C RUŽA 4.5g,90699307,MELEM,0.01 kg,ko,3.95,877.78,,,3.95,3856007910753,KOZMETIKA
GEL TUŠ PALM NAT MACAD 500 ml,90885378,PALMOLIVE,0.50 l,ko,5.09,10.18,,,5.09,8714789939797,KOZMETIKA
BOJA SYOSS OLEO 6-10 TAMNO PLAVA,90059992,SYOSS OLEO,1.00 ko,ko,7.99,7.99,,,7.99,9000100814645,KOZMETIKA
SET DENIM BLACK AS+DEO+GEL TUŠ,90074539,DENIM BRAND,1.00 ko,ko,11.99,11.99,,,9,8008970038063,KOZMETIKA
KREMA AFR BAD MULTI HRANJ 50 0967,06590365,AFRODITA,0.05 l,ko,10.79,215.8,,,9.99,3831070659938,KOZMETIKA
KREMA NIVEA PROT BORA 45+ DAN 50ml,90299076,NIVEA,0.05 l,ko,,133.8,6.69,10.29,10.29,9005800396378,KOZMETIKA
BOJA COL SENSAT 7,90032867,GARNIER COL SENSATION,1.00 ko,ko,5.29,5.29,,,5.29,3600541136083,KOZMETIKA
ČETKICA ZA ZUBE SLIM SOFT CHARCOAL 3PACK,90234988,COLGATE,1.00 ko,ko,9.29,9.29,,,8.89,8714789940557,KOZMETIKA
ZP BLANX WHITE SHOCK 75ml,90759704,BLANX,0.08 l,ko,4.19,55.87,,,4.19,8017331051573,KOZMETIKA
LOSION NIVEA SUN FINISH SPF50+ 150 m,90887305,NIVEA,0.15 l,ko,17.79,118.6,,,17.79,6001051006267,KOZMETIKA
ČETKICA K PLUS DENTORAL SOFT,06531297,DENTORAL,1.00 ko,ko,0.89,0.89,,,0.89,3850334610171,KOZMETIKA
KREMA MELEM MELT-IN 10 ml,90775261,MELEM,0.01 l,ko,5.89,589,,,5.89,3856007911729,KOZMETIKA
KREMA EVELINE ALOE VERA 125ml,90362474,EVELINE,0.13 l,ko,3.45,27.6,,,3.45,5901761967623,KOZMETIKA
ŠAMPON DRY SYOSS PURE 200ml,90362162,SYOSS,0.20 l,ko,,22.45,4.49,6.49,4.49,9000101231502,KOZMETIKA
MASKA ELSEVE HYALURON 300ml,90598168,LOREAL ELSEVE,0.30 l,ko,6.99,23.3,,,6.99,3600524033552,KOZMETIKA
ČETKICA CURAPROX 3PACK CS3960 SOFT,90702833,CURAPROX,3.00 ko,ko,13.99,4.66,,,13.99,7612412003963,KOZMETIKA
DEO SPRAY Ž NIVEA B&W FRESH 150ml,90281435,NIVEA,0.15 l,ko,5.39,35.93,,,3.99,9005800280400,KOZMETIKA
ŠAMPON SCHAUMA PER INTENS 400ml,06524221,SCHAUMA,0.40 l,ko,,9.98,3.99,4.99,4.99,3838824208985,KOZMETIKA
GEL NIVEA MEN DEFINING 150ml,90377424,NIVEA,0.15 l,ko,6.49,43.27,,,6.49,9005800318325,KOZMETIKA
ŠAMPON H&S APPLE FRESH 800 ml,90771153,HEAD&SHOULDE,0.80 l,ko,12.49,15.61,,,12.49,8700216306782,KOZMETIKA
BOJA EXCELLENCE 5,90154943,LOREAL EXCELLANCE,1.00 ko,ko,8.99,8.99,,,8.99,3600523731879,KOZMETIKA
REGENER ELSEVE COLOR VIV 200ml 1361,06540080,LOREAL ELSEVE,0.20 l,ko,4.39,21.95,,,4.39,3600523327676,KOZMETIKA
KREMA COREGA MAX HOLD FRESH 40G,90669058,COREGA,40.00 ko,ko,7.69,0.19,,,7.69,5054563171610,KOZMETIKA
ZP BIOREPAIR ZAŠTITA DESNI 75ml,90402763,BIOREPAIR,0.08 l,ko,,39.87,2.99,4.35,4.35,8017331076651,KOZMETIKA
LOSION POSL BRIJ SOLEA MEN 115ML0901,06569435,SOLEA,0.12 l,ko,3.75,32.61,,,3.75,7613107420010,KOZMETIKA
DEO BOROTALCO INVISIBLE PINK 150 ml,90850651,BOROTALCO,0.15 l,ko,,19.93,2.99,4.69,3.99,8002410046298,KOZMETIKA
MLIJEKO TIJ OLEA HYDRATING 500ml,90735094,OLEA,0.50 l,ko,1.99,3.98,,,1.99,3850334100108,KOZMETIKA
GEL GILL SER SENSITIV 200ml 4692,06561545,GILLETTE,0.20 l,ko,,19.95,3.99,5.29,4.19,3014260214692,KOZMETIKA
KREMA NIVEA SOFT 300 ML,06520589,NIVEA,0.30 l,ko,10.99,36.63,,,10.99,4005808760466,KOZMETIKA
SAPUN TEK K PLUS OLEA CO/VA 500ml,06510032,OLEA,0.50 l,ko,,1.98,0.99,1.45,1.45,3850334567451,KOZMETIKA
REGEN PANTENE COLOR 275 ml,90850689,PANTENE,0.28 l,ko,5.99,21.78,,,5.99,8700216508933,KOZMETIKA
ČETKICA EL ORAL B iO2 BLACK,90885827,ORAL B,1.00 ko,ko,89.99,89.99,,,89.99,8700216614931,KOZMETIKA
DEO SPRAY NIVEA M ACT ENER 150ml,90483704,NIVEA,0.15 l,ko,5.29,35.27,,,5.29,9005800344799,KOZMETIKA
KREMA ZA RUKE MEDIC 48 125ML,06590938,LEK,0.13 l,ko,3.25,26,,,2.59,3838980810336,KOZMETIKA
VODICA MICELARNA NIVEA SUHA KOŽA 400ml,90258736,NIVEA,0.40 l,ko,,14.13,5.65,8.69,8.69,9005800299914,KOZMETIKA
RETOUCHER SC ROOT TAMNOSMEĐA 120ML,90281696,SYOSS RETUOCHER,0.12 l,ko,6.99,58.23,,,6.99,9000101052794,KOZMETIKA
ŠAMPON AFR RICINUS 950ml,90744826,AFRODITA,0.95 l,ko,5.29,5.57,,,4.79,3831070661658,KOZMETIKA
ŠAMPON H&S CLASSIC CLEAN 250ml,90185476,HEAD&SHOULDE,0.25 l,ko,4.29,17.16,,,4.79,8006540063330,KOZMETIKA
BOJA PALETTE ICC 10-19,90478882,PALETTE ICC,1.00 ko,ko,5.49,5.49,,,3.49,9000101606942,KOZMETIKA
KREMA VASELINE ORIG 100ml,90423265,VASELINE,0.10 l,ko,3.79,37.9,,,3.79,42182634,KOZMETIKA
LOSION NIVEA ORIGINAL 100ML,90064317,NIVEA,0.10 l,ko,,75.5,7.55,10.79,10.79,5900017102443,KOZMETIKA
DEO DOVE M EUCALYPTUS&MINT 150 ml,90775101,DOVE,0.15 l,ko,5.35,35.67,,,5.35,8720181433573,KOZMETIKA
GEL GILL ULTRA MOISTURIZING 200ml,90324322,GILLETTE,0.20 l,ko,,24.45,4.89,6.49,5.19,7702018465156,KOZMETIKA
GEL BLUE ICE 230ml,90670018,INDOR,0.23 l,ko,3.09,13.44,,,3.09,3858885847084,KOZMETIKA
ZP ELMEX SENS WHIT 75ml,90363714,ELMEX,0.08 l,ko,4.99,66.53,,,4.79,8714789926278,KOZMETIKA
BOJA PALETTE DELUXE 575 PLAMENO CRVENA,06542980,PALETTE DELU,1.00 ko,ko,,4.79,4.79,4.79,4.79,3838824176819,KOZMETIKA
BOJA COL SENSAT 6.0,90032863,GARNIER COL SENSATION,1.00 ko,ko,5.29,5.29,,,5.29,3600541136045,KOZMETIKA
GEL TUŠ DOVE W PETAL SOFT 250 ml,90775034,DOVE,0.25 l,ko,2.99,11.96,,,2.99,8720181471568,KOZMETIKA
GEL TAFT V12 HOLD SPEED LOOK 150ml,90037366,TAFT,0.15 l,ko,,29.26,4.39,4.39,5.49,9000101723083,KOZMETIKA
BOJA SYOSS 4/1 SREDNJE SMEĐA,06544307,SYOSS,1.00 ko,ko,6.99,6.99,,,5.59,9000100632744,KOZMETIKA
BLANC ZA IZBJELJ KOSE ANNYER 40g,90704480,ANNYER,0.04 kg,ko,3.19,79.75,,,3.19,3850177008067,KOZMETIKA
TRETMAN SCHAUMA LONG HAIR 300 ml,90885564,SCHAUMA,0.30 l,ko,4.99,16.63,,,4.99,9000101750393,KOZMETIKA
ŠAMPON ELSEVE HYALURON 250ml,90598612,LOREAL ELSEVE,0.25 l,ko,4.49,17.96,,,4.49,3600524029500,KOZMETIKA
DEO FA SPORT ENERGY BOOST 150ml,90035436,FA,0.15 l,ko,3.99,26.6,,,3.99,9000100736763,KOZMETIKA
GEL TUŠ PALM M&P SENSITIVE 500ml,90599461,PALMOLIVE,0.50 l,ko,,5.78,2.89,3.05,4.99,8718951248656,KOZMETIKA
GEL TUŠ FA MYSTIC MOMENTS 400ml DUO,90713858,FA,0.80 l,ko,4.99,6.24,,,4.99,3838824432915,KOZMETIKA
BOJA PALETTE DELUXE 667  2110,06542978,PALETTE DELU,1.00 ko,ko,5.99,5.99,,,4.79,3838824176871,KOZMETIKA
GEL TUŠ NIVEA BABY HEAD TOE 200 ml,90759672,NIVEA,0.20 l,ko,5.49,27.45,,,5.49,9005800369099,KOZMETIKA
ULJE NIVEA BABY 200ml,90764821,NIVEA,0.20 l,ko,5.99,29.95,,,5.99,9005800369242,KOZMETIKA
BRIJAČ FUSION MANUAL GILLETTE 2UP,06630401,GILLETTE,1.00 ko,ko,,13.19,13.19,17.59,13.99,7702018866946,KOZMETIKA
DEO BOROTALCO M AMBER 150ml,90703905,BOROTALCO,0.15 l,ko,,19.93,2.99,4.69,3.99,8002410044539,KOZMETIKA
BOJA SYOSS 10-13 ARKTIČKA PLAVA,90478951,SYOSS,1.00 ko,ko,6.99,6.99,,,5.59,9000101628630,KOZMETIKA
KUPKA K PLUS OLEA ROSE/JOG 750ML,06524212,OLEA,0.75 l,ko,1.89,2.52,,,1.89,3850334568359,KOZMETIKA
GEL TUŠ L'ANG VAN I KAK 500 ml,90829917,L ANGELICA,0.50 l,ko,1.99,3.98,,,1.99,8017331101490,KOZMETIKA
GEL TUŠ PALMOLIVE OLIVE 1L REFIL,90730350,PALMOLIVE,1.00 l,ko,6.79,6.79,,,6.79,8718951509238,KOZMETIKA
REGEN FRUCTIS COCONUT WATER 200ml,90361831,GARNIER FRUCTIS,0.20 l,ko,3.49,17.45,,,3.49,3600541970892,KOZMETIKA
BOJA COLOR SENSATION 7.40 BAKRENO SVIJETLA,90299257,GARNIER COL SENSATION,1.00 ko,ko,5.29,5.29,,,5.29,3600541975156,KOZMETIKA
DEO REXONA W ACTIVE SHIELD FRESH 150ml,90281843,REXONA,0.15 l,ko,4.75,31.68,,,4.75,8710908760716,KOZMETIKA
KREMA ZA RUKE AFRODITA ARGAN 100ml,90341846,AFRODITA,0.10 l,ko,3.99,39.9,,,3.69,3831070655718,KOZMETIKA
ŠAMP&KUPKA BECUTAN 2U1 400ML,90212356,BECUTAN,0.40 l,ko,5.79,14.48,,,5.79,5310001223441,KOZMETIKA
REGENER ELSEVE EXTRAORD OIL 200ml,90154887,LOREAL ELSEVE,0.20 l,ko,4.39,21.95,,,4.39,3600522451303,KOZMETIKA
ŠAMPON PANTENE MIRAC VOLUME 250 ml,90771257,PANTENE,0.25 l,ko,5.99,23.96,,,5.99,8700216323543,KOZMETIKA
SAPUN DOVE BEAUTY CREAM 2X90g,90598305,DOVE,0.18 kg,ko,3.49,19.39,,,3.49,8720181481239,KOZMETIKA
SAPUN TEK K PLUS OLEA SH/ALM 500ml,90097695,OLEA,0.50 l,ko,,1.98,0.99,1.45,1.45,3850334567604,KOZMETIKA
ZP SENSOD PRONAMEL JUN 2-6 GOD 50 ml,90814960,SENSODYNE,0.05 l,ko,4.29,85.8,,,3.99,5054563219251,KOZMETIKA
KUPKA VIOLETA DOUBLE CARE 400ml,90618014,VIOLETA,0.40 l,ko,5.35,13.38,,,5.35,3870128030923,KOZMETIKA
DEO NIVEA Ž BLACK&WHITE CLEAR 250ml,90597880,NIVEA,0.25 l,ko,7.19,28.76,,,7.19,9005800379203,KOZMETIKA
KREMA MIXA HYAL OSJET KOŽA 50ml,90485669,MIXA,0.05 l,ko,8.99,179.8,,,8.99,3600550934922,KOZMETIKA
GEL OLIVAL VRAŽJA KAN 250ml,90115915,OLIVAL,0.25 l,ko,3.49,13.96,,,3.29,3859892751296,KOZMETIKA
SAPUN TEK NICE KOKOS 1L REFIL,90730472,NICE,1.00 l,ko,1.49,1.49,,,1.49,8606107036441,KOZMETIKA
ŠAMPON SYOSS ANTI DANDR 440ml,90424967,SYOSS,0.44 l,ko,,10.2,4.49,6.49,4.49,9000101277173,KOZMETIKA
KREMA NIVEA MEN STYLING 150ML,90185621,NIVEA,0.15 l,ko,7.59,50.6,,,7.59,42277309,KOZMETIKA
PJENA ZA BRIJ MAN MAX FRESH 300ml,90051024,MAN MAX,0.30 l,ko,1.59,5.3,,,1.59,3850334333575,KOZMETIKA
BALZAM TIJ NEUTROGENA SUHA KOŽA 300ml,90037152,NEUTROGENA,0.30 l,ko,9.49,31.63,,,9.09,3574660514643,KOZMETIKA
ŠAMPON OLEA VOĆE I VITAMIN 500ml,90735084,OLEA,0.50 l,ko,,2.1,1.05,1.39,1.39,3850334073341,KOZMETIKA
LOSION OLDSP ORIGINAL 100ml,90158052,OLD SPICE,0.10 l,ko,8.49,84.9,,,8.49,5011321772335,KOZMETIKA
GEL ZA TUŠIRANJE ARGAN AFRODITA 250ml,90168036,AFRODITA,0.25 l,ko,2.99,11.96,,,2.99,3831070651024,KOZMETIKA
PATRONE WILKINS ESSEN 3 HYBRID 4/1,90775549,WILKINSON,4.00 ko,ko,4,1,,,4,4027800503605,KOZMETIKA
OM SILAN MALDIVES 1.364 L,90970231,SILAN,1.36 l,ko,6.59,4.83,,,6.59,9000101582574,SREDSTVA ZA ČIŠĆENJE
OM ORNEL YELLOW 4 L,90930052,ORNEL,4.00 l,ko,4.49,1.12,,,4.49,3850105190468,SREDSTVA ZA ČIŠĆENJE
DET DAX ACTIVE 6.3 kg 90PR,90894663,DAX,6.30 kg,ko,7.99,1.27,,,7.99,3850334432797,SREDSTVA ZA ČIŠĆENJE
DET JAR LEMON 750 ml,90904829,JAR HDW,0.75 l,ko,1.89,2.52,,,1.89,8006540019795,SREDSTVA ZA ČIŠĆENJE
DET JAR TEA TREE & MINT 750 ml,90904832,JAR HDW,0.75 l,ko,1.89,2.52,,,1.89,8006540019856,SREDSTVA ZA ČIŠĆENJE
SAKUPLJAČ VLAGE ORMAR 500 ml PICA,90904924,PICA,0.50 l,ko,0.5,1,,,1.99,8051511998395,SREDSTVA ZA ČIŠĆENJE
DET JAR LEMON 2X850 ml,90920112,JAR HDW,1.70 l,ko,5.49,3.23,,,4.49,8006530124492,SREDSTVA ZA ČIŠĆENJE
OSVJ AMBI PUR EL APA 3V SP APPL+20ml,90954983,AMBI PUR,1.00 ko,ko,9.99,9.99,,,9.99,8700216149204,SREDSTVA ZA ČIŠĆENJE
DET FAKS UNIVERSAL HYG 1.8 L 40PR,90955781,FAKS,1.80 l,ko,11.99,6.66,,,11.99,3850105188878,SREDSTVA ZA ČIŠĆENJE
DET ARIEL FRESH BREEZE 3.87 l=86 PR,90935131,ARIEL,3.87 l,ko,18.99,4.91,,,20.99,8700216981606,SREDSTVA ZA ČIŠĆENJE
DET ARIEL FRESH BREEZE 60 tab,90935134,ARIEL,60.02 ko,ko,18.99,0.32,,,20.99,8700216971225,SREDSTVA ZA ČIŠĆENJE
OSVJ ARW EL KOMPL WINT PUNCH 19 ml,90959816,AIRWICK,0.02 l,ko,7.39,388.95,,,7.39,5999109546241,SREDSTVA ZA ČIŠĆENJE
ERDAL KOŽA 500 ml,90956117,ERDAL,0.50 l,ko,5.89,11.78,,,5.89,4009175163479,SREDSTVA ZA ČIŠĆENJE
DET FAKS SPORT 2.2 kg=40 PRANJA,90954763,FAKS,2.20 l,ko,11.99,5.45,,,11.99,3850105188007,SREDSTVA ZA ČIŠĆENJE
DET FAKS SPORT 1.8 L=40 PRANJA,90954768,FAKS,1.80 l,ko,11.99,6.66,,,11.99,3850105188908,SREDSTVA ZA ČIŠĆENJE
DET FAKS BY OR GO DR 5.5KG=100PR,90965365,FAKS,5.50 kg,ko,17.99,3.27,,,17.99,3850105191670,SREDSTVA ZA ČIŠĆENJE
OSVJ ARW EL REF SPA ROSE&BERRY 19 ml,90959805,AIRWICK,0.02 l,ko,5.49,288.95,,,5.49,5999109544926,SREDSTVA ZA ČIŠĆENJE
DET FAKS COL BY ORN HYG 2.7 L 60PR,90955817,FAKS,2.70 l,ko,,4.44,11.99,17.99,17.99,3850105188991,SREDSTVA ZA ČIŠĆENJE
SOMAT EXCELLENCE 3IN1 60 tab,90955870,SOMAT,6.00 ko,ko,25.99,4.33,,,25.99,9000101832013,SREDSTVA ZA ČIŠĆENJE
SOMAT EXCELLENCE 3IN1 70 tab,90955873,SOMAT,70.03 ko,ko,28.99,0.41,,,28.99,9000101832044,SREDSTVA ZA ČIŠĆENJE
SOMAT EXCELLENCE LEMON 3IN1 88 tab,90955875,SOMAT,89.77 ko,ko,32.99,0.37,,,32.99,9000101832617,SREDSTVA ZA ČIŠĆENJE
DET JAR MIR PLATINUM PLUS 74 TAB,90976208,JAR ADW,74.02 ko,ko,,0.3,22.49,44.99,44.99,8006530101110,SREDSTVA ZA ČIŠĆENJE
DET PERSIL GEL COL FAMI 5.94 L=132P,90969972,PERSIL,1.00 ko,ko,25.99,25.99,,,25.99,9000101846157,SREDSTVA ZA ČIŠĆENJE
TAB FINISH ALL IN1 MAX LEMON 110 tab,90976174,FINISH ADW,110.01 ko,ko,15.99,0.15,,,16.99,5999109582843,SREDSTVA ZA ČIŠĆENJE
WC BREF ROYAL SHINY JOKER 3X50 g,90976190,BREF,0.15 kg,ko,,26.6,3.99,7.99,7.99,9000101839500,SREDSTVA ZA ČIŠĆENJE
DET FAKS AQUAMARINE HYG 1.1 kg 20PR,90959685,FAKS,1.10 kg,ko,,5.17,5.69,8.49,8.49,3850105187826,SREDSTVA ZA ČIŠĆENJE
SHAKE ŠTAPIĆI SPICY VANILLA 125 ml,90955941,SHAKE,0.13 l,ko,,39.92,4.99,7.99,7.99,3858892142653,SREDSTVA ZA ČIŠĆENJE
AJAX ULTRA FRESH 1 l,90955889,AJAX,1.00 l,ko,,1.89,1.89,3.69,3.69,8718951692015,SREDSTVA ZA ČIŠĆENJE
OM DAX MYSTIC LAVANDER 2 L,90976267,DAX,2.00 l,ko,,1,1.99,2.99,2.99,3850334451323,SREDSTVA ZA ČIŠĆENJE
OM DAX LOTUS MIST 2 L,90976269,DAX,2.00 l,ko,,1,1.99,2.99,2.99,3850334451309,SREDSTVA ZA ČIŠĆENJE
WC BREF ROYAL CLEAN QUEEN 3X50 g,90976192,BREF,0.15 kg,ko,,26.6,3.99,7.99,7.99,9000101839821,SREDSTVA ZA ČIŠĆENJE
OSVJ ARW AF KOMPL WINT PUNCH 228 ml,90959803,AIRWICK,0.23 l,ko,14.49,63.55,,,14.49,5999109546302,SREDSTVA ZA ČIŠĆENJE
OM SILAN SENSITIVE 1.672 L,90969989,SILAN,1.67 l,ko,6.59,3.94,,,6.59,9000101590272,SREDSTVA ZA ČIŠĆENJE
OM DAX FRESH BREEZE 2 L,90976272,DAX,2.00 l,ko,,1,1.99,2.99,2.99,3850334451286,SREDSTVA ZA ČIŠĆENJE
OM DAX SENSITIVE 2 L,90976274,DAX,2.00 l,ko,,1,1.99,2.99,2.99,3850334451347,SREDSTVA ZA ČIŠĆENJE
OM VIOLETA GOLD 2X1.55 l,90950090,VIOLETA,3.10 l,ko,5.49,1.77,,,5.59,3870128040519,SREDSTVA ZA ČIŠĆENJE
DET LIKVI BALSAM PEACH&MINT 3.75 l,90965369,LIKVI,3.75 l,ko,5.99,1.6,,,5.99,3850105191618,SREDSTVA ZA ČIŠĆENJE
DET FAKS COLOR HYG 1.8 L 40 PR,90955791,FAKS,1.80 l,ko,11.99,6.66,,,11.99,3850105188847,SREDSTVA ZA ČIŠĆENJE
OSVJ ARW FM REF ROSE&BERRY 250 ml,90959808,AIRWICK,0.25 l,ko,,26.2,6.55,8.19,8.19,5999109544872,SREDSTVA ZA ČIŠĆENJE
OSVJ ARW EL REF WINTER PUNCH 19 ml,90959811,AIRWICK,0.02 l,ko,5.49,288.95,,,5.49,5999109546265,SREDSTVA ZA ČIŠĆENJE
OM ORNEL BLUE 4L,90930049,ORNEL,4.00 l,ko,4.49,1.12,,,4.49,3850105190499,SREDSTVA ZA ČIŠĆENJE
WC NET CARB ACT ANTI ODOR 750 ml,90955827,WC NET,0.75 l,ko,3.45,4.6,,,3.45,8003650030825,SREDSTVA ZA ČIŠĆENJE
PJENA DR BECKMANN WC 3X100 g,90956110,BECKMANN,0.30 kg,ko,5.99,19.97,,,5.99,400845577925,SREDSTVA ZA ČIŠĆENJE
ODSTR MRLJA DR BECKMANN LJUB 650 ml,90956113,BECKMANN,0.65 l,ko,5.59,8.6,,,5.59,4008455067827,SREDSTVA ZA ČIŠĆENJE
OM SILAN PARF BLUE JASMINE 540 ml,90954864,SILAN,0.54 l,ko,,5.54,2.99,5.99,5.99,9000101836783,SREDSTVA ZA ČIŠĆENJE
OSVJ AMBI PUR APPLE KUPAONICA 1/1,90954988,AMBI PUR,1.00 ko,ko,5.69,5.69,,,5.69,8001090752864,SREDSTVA ZA ČIŠĆENJE
OSVJ AMBI PUR EL AP 3V VAN+REF 20ML,90954991,AMBI PUR,1.00 ko,ko,9.99,9.99,,,9.99,8700216154987,SREDSTVA ZA ČIŠĆENJE
DET FAKS BY ORNEL HYG 6.05 kg=110PR,90949719,FAKS,6.05 kg,ko,18.99,3.14,,,18.99,3850105188274,SREDSTVA ZA ČIŠĆENJE
OSVJ AIRWICK EL REF ANTI TABACCO 19ml,90382219,AIRWICK,0.02 l,ko,5.49,288.95,,,5.49,5999109542427,SREDSTVA ZA ČIŠĆENJE
OSVJ AIRWICK GEL MORNING RAIN 150G,90184517,AIRWICK,0.15 kg,ko,2.69,17.93,,,2.69,5999109544544,SREDSTVA ZA ČIŠĆENJE
OSVJ BIS BY ORNEL GOLD DREAM 400ML,90152704,BIS,0.40 l,ko,,8.48,3.39,4.19,4.19,3850105151926,SREDSTVA ZA ČIŠĆENJE
OSVJ BIS CALMING 400ML,90122406,BIS,0.40 l,ko,,8.48,3.39,4.19,4.19,3850105150141,SREDSTVA ZA ČIŠĆENJE
WC SANITAR HYG RINGS OCEAN 2X40g,90602930,SANITAR,0.08 kg,ko,3.69,46.13,,,3.71,3850111901140,SREDSTVA ZA ČIŠĆENJE
OSVJ AMBI PUR EL 3 VOL REF LENOR SPR 20ml,90404913,AMBI PUR,20.00 l,ko,6.99,0.35,,,6.99,8001841227955,SREDSTVA ZA ČIŠĆENJE
OSVJ GLADE DJURDJICA 300ML,90212295,GLADE,0.30 l,ko,3.49,11.63,,,3.29,5000204625998,SREDSTVA ZA ČIŠĆENJE
OSVJ AMBI PUR VANILLA KUPAON 7.5 ml,90830307,AMBI PUR,0.01 l,ko,1,133.33,,,3,8700216552103,SREDSTVA ZA ČIŠĆENJE
GLADE AUTOMATIC MAXI BAZA MIX,90074237,GLADE,0.27 l,ko,11.49,42.71,,,11.39,5000204699241,SREDSTVA ZA ČIŠĆENJE
GLADE ULJNI DIFUZOR NARANČA 80ml,90603203,GLADE,0.08 l,ko,10.79,134.88,,,10.49,5000204227529,SREDSTVA ZA ČIŠĆENJE
OSVJ GOCCE REF ZA APARAT 6609,08080112,GLADE,1.00 ko,ko,5.99,5.99,,,5.79,5000204333169,SREDSTVA ZA ČIŠĆENJE
WC BREF BRILL GEL ARCT OCEAN 2x42 g,90503268,BREF,0.08 kg,ko,6.49,77.26,,,0.1,9000101508727,SREDSTVA ZA ČIŠĆENJE
OSVJ GLADE 300ML RELAXING ZEN,08081145,GLADE,0.30 l,ko,3.49,11.63,,,3.29,3858895411046,SREDSTVA ZA ČIŠĆENJE
OSVJ DAX CVIJEĆE 300ML,08080421,DAX,0.30 l,ko,,2.97,0.89,1.19,1.19,3850334431165,SREDSTVA ZA ČIŠĆENJE
WC BREF POWER AKTIV PINE LAV 4X50g,90332239,BREF,0.20 kg,ko,4.49,22.45,,,3.99,9000101316988,SREDSTVA ZA ČIŠĆENJE
DUCK FRESH DISCS MARINE 36ml,08095048,DUCK,1.00 ko,ko,4.59,4.59,,,4.59,3830063512533,SREDSTVA ZA ČIŠĆENJE
OSVJ FRESH DAY OCEAN 260ml,90785473,FRESH DAY,0.26 l,ko,2.99,11.5,,,2.99,3858893727576,SREDSTVA ZA ČIŠĆENJE
ARW MIRISNI ŠTAPIĆI LINEN 30 ml,90785272,AIRWICK,0.03 l,ko,1,33.33,,,6.49,5011417547885,SREDSTVA ZA ČIŠĆENJE
OSVJ AMBI PUR EL AP 3V VAN+REF 20ml,90732902,AMBI PUR,1.00 ko,ko,1,1,,,6,,SREDSTVA ZA ČIŠĆENJE
OSVJ ARW FM REFILL PURE CHERR BLOSS 250ML,90283214,AIRWICK,0.25 l,ko,,26.2,6.55,8.19,8.19,5997321757964,SREDSTVA ZA ČIŠĆENJE
WC ARF 5 POW DROPS LEMON BOOST 3X55g,90731855,ARF,0.17 kg,ko,5.29,32.06,,,5.29,3850105174925,SREDSTVA ZA ČIŠĆENJE
OSVJ GLADE 150g GEL CVIJ 6517,08080037,GLADE,0.15 kg,ko,3.09,20.6,,,2.99,5000204306972,SREDSTVA ZA ČIŠĆENJE
WC BREF POW AKT PINE 3X50G,90056786,BREF,0.15 kg,ko,6.49,43.27,,,6.49,9000100753340,SREDSTVA ZA ČIŠĆENJE
WC OSVJ DOMESTOS LEMON 3X50 g,90826079,DOMESTOS,0.15 kg,ko,6.45,43,,,6.45,8720182903143,SREDSTVA ZA ČIŠĆENJE
OSVJ GLADE 180g GEL JASMIN I SAND,90569520,GLADE,0.18 kg,ko,4.39,24.39,,,4.19,5000204184983,SREDSTVA ZA ČIŠĆENJE
WC BREF WELLNESS VITALITY 2X50g,90785374,BREF,0.10 kg,ko,6.49,64.9,,,3.24,9000101588613,SREDSTVA ZA ČIŠĆENJE
WC KOŠ DAX DUO FOREST FRESH,90059455,DAX,1.00 ko,ko,0.5,0.5,,,1.59,3850334387899,SREDSTVA ZA ČIŠĆENJE
OSVJ AMB PUR EL AP 3V SUGARPLU 20 ml,90830314,AMBI PUR,0.02 l,ko,1,50,,,6,8700216563789,SREDSTVA ZA ČIŠĆENJE
WC BREF POWER AKTIV LEMON 4X50g,90332252,BREF,0.20 kg,ko,4.49,22.45,,,3.99,9000101308907,SREDSTVA ZA ČIŠĆENJE
ARW FM WHITE FLOWER KOMPL,08080218,AIRWICK,1.00 ko,ko,,9.19,9.19,11.49,11.49,5999109542083,SREDSTVA ZA ČIŠĆENJE
AW SVIJECA APPLE&CINNEMO,90172501,AIRWICK,1.00 ko,ko,7.59,7.59,,,7.59,5999109543493,SREDSTVA ZA ČIŠĆENJE
OSVJ AIRWICK EL REF LAVANDA,08080313,AIRWICK,1.00 ko,ko,5.49,5.49,,,5.49,5999109545930,SREDSTVA ZA ČIŠĆENJE
OSVJEŽIVAČ EL AMBI PUR 3VOL SPRING 20ml,90362947,AMBI PUR,20.00 l,ko,10.49,0.52,,,10.49,8001841125985,SREDSTVA ZA ČIŠĆENJE
WC BREF POWER AKTIV PINE DUOPACK 2X50G,08091319,BREF,0.10 kg,ko,5.49,54.9,,,2.79,9000100656801,SREDSTVA ZA ČIŠĆENJE
OSVJ AMBI PUR EL 3V VANILLA 20ML,90673820,AMBI PUR,0.02 l,ko,1,50,,,4,8001090811455,SREDSTVA ZA ČIŠĆENJE
OSVJ GLADE LAVANDA 300ML,90212290,GLADE,0.30 l,ko,3.49,11.63,,,3.29,3858895412272,SREDSTVA ZA ČIŠĆENJE
WC SANITAR HYG RINGS FLOWER 3X40g,90602939,SANITAR,0.12 kg,ko,5.19,43.25,,,5.19,3850111901195,SREDSTVA ZA ČIŠĆENJE
WC DUCK ACT CLEAN SJAJ LATICE 38.6g,90321150,DUCK,1.00 ko,ko,2.95,2.95,,,2.95,5000204020212,SREDSTVA ZA ČIŠĆENJE
WC BREF POWER AKTIV PINE 50g,08091136,BREF,0.05 kg,ko,2.99,59.8,,,2.99,9000100625074,SREDSTVA ZA ČIŠĆENJE
OSVJ GLADE 150g GEL RELAXING ZEN,08080306,GLADE,0.15 kg,ko,3.09,20.6,,,2.99,5000204306941,SREDSTVA ZA ČIŠĆENJE
GLADE AUTO MAX REF JAS/LAV 269ML,90212301,GLADE,0.27 l,ko,7.99,29.7,,,7.69,5000204300949,SREDSTVA ZA ČIŠĆENJE
OSVJ BIS FLORAL 400ML,90122412,BIS,0.40 l,ko,,8.48,3.39,4.19,4.19,3850105150202,SREDSTVA ZA ČIŠĆENJE
GLADE AUTOMATIC MAX BAZA BOZ I TRES 269ml,90356839,GLADE,0.27 l,ko,11.49,42.71,,,11.39,5000204073645,SREDSTVA ZA ČIŠĆENJE
OSVJ AMBI PUR SPREJ GOLD ORCH 185 ml,90785289,AMBI PUR,0.19 l,ko,5.69,30.76,,,5.69,8700216261623,SREDSTVA ZA ČIŠĆENJE
OSVJ AIRWICK EL REF WHITE FLOWER,08080205,AIRWICK,1.00 ko,ko,5.49,5.49,,,5.49,5999109545886,SREDSTVA ZA ČIŠĆENJE
OSVJ ARW NIGHT AIR LEVENDER 300ml,90487076,AIRWICK,0.30 l,ko,3.69,12.3,,,3.69,5999109541727,SREDSTVA ZA ČIŠĆENJE
WC SANITAR HYG RINGS CITRUS 40g,90602946,SANITAR,0.04 kg,ko,2.25,56.25,,,2.25,3850111901126,SREDSTVA ZA ČIŠĆENJE
OSVJ AMBI PUR SPR VANILLA 185 ml,90834944,AMBI PUR,0.19 l,ko,1,5.41,,,3,8700216552400,SREDSTVA ZA ČIŠĆENJE
SPUŽVA AUTO DAX 1/1,90289997,DAX,1.00 ko,ko,1.19,1.19,,,1.19,3850334608383,PROIZVODI ZA KUĆANSTVO
TOMI MM PILETINA/RAJČICA 100g,90608011,TOMI,0.10 kg,ko,0.99,9.9,,,0.99,4003024490884,PROIZVODI ZA KUĆANSTVO
BUDDY SP JANJETINA RIŽA 10KG,90649409,BUDDY,10.00 kg,ko,11.89,1.19,,,11.89,3850334010001,PROIZVODI ZA KUĆANSTVO
ŽICA INOX REKORD 2/1,05640392,REKORD TIM,2.00 ko,ko,1.49,0.75,,,1.49,3859888122512,PROIZVODI ZA KUĆANSTVO
VREĆA SMEĆE LD 70L 8/1 VEZ GEA,05520604,GEA,8.00 ko,ko,2.25,0.28,,,2.25,3870075004107,PROIZVODI ZA KUĆANSTVO
NADSTOLNJAK PALOMA BOŽIĆ LEAVES 12 m,90800079,PALOMA,1.00 ko,ko,5.99,5.99,,,5.99,3838952034579,PROIZVODI ZA KUĆANSTVO
KRPA VLAŽNA SUPER STRONG FINO 2/1,90869871,FINO,2.00 ko,ko,1.69,0.85,,,1.69,5201314913115,PROIZVODI ZA KUĆANSTVO
VREĆICE SA ZATVARAČEM FINO 3L 12/1  ,90603252,FINO,1.00 ko,ko,2.52,2.52,,,2.52,5201314185710,PROIZVODI ZA KUĆANSTVO
KITTY SM GOVEDINA 2KG,90674233,KITTY,2.00 kg,ko,3.45,1.73,,,3.45,3850334010919,PROIZVODI ZA KUĆANSTVO
SALVETE VIOLETA 38X38 2SL BIJELE 25/1,90053686,VIOLETA,25.00 ko,ko,1.59,0.06,,,1.59,3870128001169,PROIZVODI ZA KUĆANSTVO
POSLAST VK ROLLIS ZA GLODAVCE 500g,90707364,VITAKRAFT,0.50 kg,ko,4.49,8.98,,,4.49,4008239252470,PROIZVODI ZA KUĆANSTVO
SHEBA MM IZBOR RIBE U UMAKU 4X85 g,90765276,SHEBA,0.34 kg,ko,3.29,9.68,,,3.29,4770608255725,PROIZVODI ZA KUĆANSTVO
GOURMET NATURE'S MM PILETINA 85g,90573106,GOURMET,0.09 kg,ko,1.09,12.82,,,1.09,7613038059853,PROIZVODI ZA KUĆANSTVO
ALU FOLIJA 30mX29cm ALUFIX,05610042,ALUFIX,30.00 m,ko,6.69,0.22,,,6.69,5949509000072,PROIZVODI ZA KUĆANSTVO
KRPA SPUŽVA VILEDA 8+2,90364710,VILEDA,10.00 ko,ko,,0.62,6.22,8.89,8.89,3838447000195,PROIZVODI ZA KUĆANSTVO
VREĆICA JUMBO BOŽIĆ,90739813,K PLUS,1.00 ko,ko,0.2,0.2,,,0.2,3850334450005,PROIZVODI ZA KUĆANSTVO
MG MM GOV GRAŠAK MRKVA 85 g VR,90775148,MIGLIOR,0.09 kg,ko,0.55,6.47,,,0.55,8007520027359,PROIZVODI ZA KUĆANSTVO
ŽICA ČELIČNA DAX 2/1,90290000,DAX,2.00 ko,ko,0.65,0.33,,,0.66,3850334608444,PROIZVODI ZA KUĆANSTVO
ALU POSUDA+POKL F&P 920ml 4/1,90513610,FRESH&PACK,1.00 ko,ko,1.79,1.79,,,1.79,3850334395856,PROIZVODI ZA KUĆANSTVO
POSLAS DOG STICKIES GOVEDIN 4X11G VK,90161915,VITAKRAFT,0.04 kg,ko,1.99,45.23,,,1.99,4008239289155,PROIZVODI ZA KUĆANSTVO
WHISKAS TEMPTAT PIL SIR 60g,01641143,WHISKAS,0.06 kg,ko,1.89,31.5,,,1.89,5998749146798,PROIZVODI ZA KUĆANSTVO
FRISKIES MM PIL. GOV. JANJ. PAČ 12X85g,90381996,FRISKIES,1.02 kg,ko,6.09,5.97,,,6.09,7613036974301,PROIZVODI ZA KUĆANSTVO
CESAR MP TELETINA PERAD 150g,90062968,CESAR,0.15 kg,ko,1.59,10.6,,,1.59,4008429158766,PROIZVODI ZA KUĆANSTVO
ČETKA HIGIJENSKA DAX,90276250,DAX,1.00 ko,ko,0.8,0.8,,,0.8,3850334599582,PROIZVODI ZA KUĆANSTVO
RUČNIK VIOLETA XXL 2/1 3SL,05081015,VIOLETA,2.00 ko,ko,3.18,1.59,,,3.18,3859892288136,PROIZVODI ZA KUĆANSTVO
BUDDY SP MINI PIL RIŽA 2kg,90138599,BUDDY,2.00 kg,ko,3.99,2,,,3.99,3850334400000,PROIZVODI ZA KUĆANSTVO
SALV PALOMA BOŽIĆ CARTOON 33X33 20/1,90726735,PALOMA,1.00 ko,ko,2.29,2.29,,,2.39,3838952034913,PROIZVODI ZA KUĆANSTVO
HRANA ZA ZLATNE RIBE GOLD 100ML,90280091,VITAKRAFT,0.10 kg,ko,2.79,27.9,,,2.79,4008239598097,PROIZVODI ZA KUĆANSTVO
SALV NATUR PREM ŽUTA 33X33 3SL 30/1,90894724,NATUR,30.00 ko,ko,0.99,0.03,,,0.99,3850334432179,PROIZVODI ZA KUĆANSTVO
VREĆA SMEĆE MD VEZ LAV 35 L 15/1 DAX,90800103,DAX,15.00 ko,ko,0.99,0.07,,,0.99,3850334101594,PROIZVODI ZA KUĆANSTVO
ONE MP MINI WEIGHT CONTROL 4X85G,90719811,ONE,0.34 kg,ko,3.49,10.26,,,3.49,8445290299079,PROIZVODI ZA KUĆANSTVO
MY PETS MM PERAD 405G,90648699,MY PETS,0.41 kg,ko,0.79,1.95,,,0.79,3850334011237,PROIZVODI ZA KUĆANSTVO
SALV NATUR PREM BIJ 33X33 3SL 30/1,90894720,NATUR,30.00 ko,ko,0.89,0.03,,,0.89,3850334432070,PROIZVODI ZA KUĆANSTVO
ŽICA EKO ČISTI BAKAR REKORD 1/1,90364699,REKORD TIM,1.00 ko,ko,0.7,0.7,,,0.99,3858882681872,PROIZVODI ZA KUĆANSTVO
GOURMET GOLD MM TUNA 85G,90052110,GOURMET,0.09 kg,ko,0.89,10.47,,,0.89,7613032814526,PROIZVODI ZA KUĆANSTVO
ADVENTUROS TRAINING DIVLJAČ 115 g,90771303,ADVENTUROS,0.12 kg,ko,2.69,23.39,,,2.69,8445290990808,PROIZVODI ZA KUĆANSTVO
MOČO VILEDA MICROFIBRE ECO RESE REFIL,90382691,VILEDA,1.00 ko,ko,,9.28,9.28,13.25,13.25,4023103218550,PROIZVODI ZA KUĆANSTVO
HOBBY VIT PAPIGE  500g,01640520,HOBBY,0.50 kg,ko,1.89,3.78,,,1.89,3838964001200,PROIZVODI ZA KUĆANSTVO
VREĆICA ZAMR LD 3L 25/1 ROYAL,90090473,ROYAL,25.00 ko,ko,1.52,0.06,,,1.52,3858888961015,PROIZVODI ZA KUĆANSTVO
VUNA ZA POTPALU 24/1 FLASH EKO,90377371,FLASH,24.00 ko,ko,3.79,0.16,,,3.79,4007467903420,PROIZVODI ZA KUĆANSTVO
PEDIGREE RODEO DUO 123g,90707533,PEDIGREE,0.12 kg,ko,,11.63,1.43,1.79,1.79,5998749144299,PROIZVODI ZA KUĆANSTVO
SALV PALOMA CHI&WAT 33X33 3SL 20/1,90885072,PALOMA,1.00 ko,ko,1.69,1.69,,,2.29,3838952035989,PROIZVODI ZA KUĆANSTVO
SUPER MOČO VILEDA RESE  4352,05354997,VILEDA,1.00 ko,ko,,6.5,6.5,9.29,9.29,4023103072213,PROIZVODI ZA KUĆANSTVO
KRPA MAGIČNA MIKROFIBRA DAX 2/1,90289986,DAX,2.00 ko,ko,2.39,1.2,,,2.39,3850334608055,PROIZVODI ZA KUĆANSTVO
POESIE DELISAUCE PIL.FILE 85g VITAKRAFT,90307705,VITAKRAFT,0.09 kg,ko,0.85,10,,,0.85,4008239366627,PROIZVODI ZA KUĆANSTVO
CESAR MP PURETINA GOVEDINA 150g,90062969,CESAR,0.15 kg,ko,1.59,10.6,,,1.59,4008429041013,PROIZVODI ZA KUĆANSTVO
KOBASICA VITAKRAFT PILETINA 1000 g,90886214,VITAKRAFT,1.00 kg,ko,3.85,3.85,,,3.85,4008239230201,PROIZVODI ZA KUĆANSTVO
BUDDY SP GOVEDINA POVRĆE 10KG,90649411,BUDDY,10.00 kg,ko,11.89,1.19,,,11.89,3850334009982,PROIZVODI ZA KUĆANSTVO
MJEŠ ZAČ MEX TORTILLA 27 g MAGGI,90991343,MAGGI,0.03 kg,ko,1.49,55.19,,,1.49,8445292011228,HRANA
USKRS JAJA MLIJEČ KREMA 150 g MANNER,90990551,MANNER,0.15 kg,ko,5.99,39.93,,,5.99,9000331615950,HRANA
PAHULJ LINO PILLOWS WHITE XXL 700 g,90992083,LINO,0.70 kg,ko,4.69,6.7,,,4.69,3856020287306,HRANA
MEDENE KUGLICE MARELICA 235 g MARL,90980532,MARLENKA,0.24 kg,ko,6.99,29.74,,,6.99,8594071653194,HRANA
NAPOLEONKY CLASSIC 300 g MARLENKA,90980535,MARLENKA,0.30 kg,ko,7.99,26.63,,,7.99,8594071650711,HRANA
UMAK BBQ BLAGI 500 g ZVIJEZDA,90991452,ZVIJEZDA,0.50 kg,ko,3.99,7.98,,,3.99,3856015319692,HRANA
UMAK BBQ LJUTI 500 g ZVIJEZDA,90991456,ZVIJEZDA,0.50 kg,ko,3.99,7.98,,,3.99,3856015320698,HRANA
KAVA RITUAL ZRNO CLASSIC 1000 g,90991569,RITUAL,1.00 kg,ko,14.99,14.99,,,14.99,3850334451361,HRANA
BOMBON BRONHI VALUE PACK 120 g,90990367,KIKI,0.12 kg,ko,0.99,8.25,,,0.99,3850102016785,HRANA
NAPITAK PROT CHOC COOK UHT 0.3 L VIN,90980467,Z BREGOV,0.30 l,ko,1.79,5.97,,,1.79,3850108023961,HRANA
FILET TUNE 200 g SKIN,90989806,MEDUZA,0.20 kg,ko,5.39,26.95,,,5.39,3859893662591,HRANA
SIR SVJEŽI ZRNATI 200 g DAIRLY,90991575,DAIRLY,0.20 kg,ko,1.39,6.95,,,1.39,5900531001512,HRANA
TELEĆE MESO ZA PEČ CCA 1.5 kg MAP,90980680,DILMAR,1.00 kg,kg,10.99,10.99,,,10.99,,HRANA
KISELO VRHNJE 24% MM 900 g,90979662,Z BREGOV,0.90 kg,ko,4.49,4.99,,,4.49,3850108036381,HRANA
ČAJ CRNI S VAN/CIME/JAB AHMAD 20X2 g,90990071,AHMAD,0.04 kg,ko,3.69,92.25,,,3.69,054881028295,HRANA
KEKS DOMAĆICA ORG VALENTINOVO 300 g,90991605,DOMAĆICA,0.30 kg,ko,3.49,11.63,,,3.49,3850102017126,HRANA
BOMBON HARIBO BUNNY&FRIENDS 80 g,90992288,HARIBO,0.08 kg,ko,1.59,19.88,,,1.59,5996379001555,HRANA
DESERT CARNEVAL PUSICE U KANTI 450 g,90990424,CARNIVAL KISSES,1.00 ko,ko,3.99,3.99,,,3.99,3830041975954,HRANA
VAFL ROLICE FINESSE LJEŠ/KIKI 150 g,90992021,FINESSE,0.15 kg,ko,0.99,6.6,,,0.99,3850334450104,HRANA
KAVA RITUAL ESPRESSO NS 10/1 56 g,90991544,RITUAL,0.06 kg,ko,2.59,46.25,,,2.59,3850334451460,HRANA
KAVA RITUAL RISTRETTO NS 10/1 56 g,90991546,RITUAL,0.06 kg,ko,2.59,46.25,,,2.59,3850334451484,HRANA
BOMBON PAPIR VOĆNI MONEY 8 g YUMMY,90992142,YUMMY,0.01 kg,ko,0.99,123.75,,,0.99,8720707810079,HRANA
BOMBON PAPIR VOĆNI SOUR 20 g YUMMY,90992144,YUMMY,0.02 kg,ko,1.29,64.5,,,1.29,8720707810130,HRANA
BUĐOLA DALMATINSKA 1/1,90991775,DRNIŠKA TRADICIJA,1.00 kg,kg,16.99,16.99,,,16.99,,HRANA
GOVEĐI BIFTEK ,90990135,PIK VRBOVEC,1.00 kg,kg,24.99,24.99,,,24.99,3850139470130,HRANA
BOMBON KISELI MIX 125 g HITSCHIES,90991973,HITSCHIES,0.13 kg,ko,2.59,20.72,,,2.59,4100250008064,HRANA
SENF KRIGLA 250 g JUTRO,90989877,JUTRO,0.25 kg,ko,2.59,10.36,,,2.59,4025891136153,HRANA
HOBOTNICA KUHANA 250 g,90989892,FIORITAL,0.25 kg,ko,11.49,45.96,,,11.49,8005634003320,HRANA
MLJEVENO MESO ZA KOBASICE,90979862,DILMAR,1.00 kg,kg,4.11,4.11,,,4.99,,HRANA
BOMBON SOFT JUIZZ MIX 90 g HITSCHIES,90991988,HITSCHIES,0.09 kg,ko,1.99,22.11,,,1.99,4003840003909,HRANA
SRDELA BG PANIRANA ADRIA MARE 400 g,90990206,ADRIA MARE,0.40 kg,ko,3.99,9.98,,,3.99,3850334113993,HRANA
PLOČICA LJEŠNJAK 45 g NUTTY,90989879,NUTTY BARICA,0.05 kg,ko,2.99,66.44,,,2.99,3857500171306,HRANA
USKRSNI KOLAČ JANJE ČOKOLADA 750 g,90990505,BATTISTERO,0.75 kg,ko,6.99,9.32,,,6.99,8002734102403,HRANA
USKRS ČOKO ZEC BANANE 250 g CASALI,90990558,CASALI,0.25 kg,ko,4.99,19.96,,,4.99,9000332837597,HRANA
VAFL MINI NAPOLITANKE 150 g MANNER,90990560,MANNER,0.15 kg,ko,2.99,19.93,,,2.99,9000331617091,HRANA
JEGER FUĆAK,90990101,FIVAS,1.00 kg,kg,8.99,8.99,,,8.99,,HRANA
USKRSNI KOLAČ RONDORO CLASSIC 500 g,90990518,BATTISTERO,0.50 kg,ko,4.99,9.98,,,4.99,8002734103226,HRANA
ČIPS PRINGLES MYSTERY 165 g,90991870,PRINGLES,0.17 kg,ko,3.49,21.15,,,3.49,5053990190034,HRANA
ODREZAK SABLJARKE 170 g,90989897,FIORITAL,0.17 kg,ko,5.49,32.29,,,5.49,8005634003290,HRANA
SIR ZRNATI NATUR XXL 380 g MEGGLE,90990371,MEGGLE,0.38 kg,ko,2.69,7.08,,,2.69,8585002519511,HRANA
USKRSNI KOLAČ JANJE CLASSIC 750 g,90990511,BATTISTERO,0.75 kg,ko,6.49,8.65,,,6.49,8002734102397,HRANA
USKRSNI KOLAČ GOLUBICA RUČNO M 900 g,90990514,BATTISTERO,0.90 kg,ko,10.99,12.21,,,10.99,8002734103264,HRANA
DOMAĆA KOBASICA ZA SUŠENJE ,90979857,DILMAR,1.00 kg,kg,5.99,5.99,,,5.99,,HRANA
KAVA LAVAZZA QUALITA ROSSA 2X250 g,90984772,LAVAZZA,0.50 kg,ko,13.49,26.98,,,13.49,8000070036598,HRANA
MJEŠ ZAČ PILETINA PAPRIKA 44 g MAGGI,90991339,MAGGI,0.04 kg,ko,1.49,33.86,,,1.49,8445292009102,HRANA
TORTILLA PŠEN 8x20cm 320 g HRUSTY,90990863,HRUSTY,1.00 ko,ko,1.59,1.59,,,1.59,3850334453228,HRANA
ČAJ PEPPERMINT 20/1 30 g TEEKANNE,90990599,TEEKANNE,0.03 kg,ko,1.79,59.67,,,1.79,5901086000104,HRANA
KAVA STARBUCKS HAZELN DG 12/1 123 g,90991508,STARBUCKS,0.12 kg,ko,6.49,52.76,,,6.49,8445292260640,HRANA
KAVA DG CAPP SKINNY 16/1 161.6 g,90991505,DOLCE GUSTO,0.16 kg,ko,6.49,40.16,,,6.49,8445292252089,HRANA
JUNEĆI SMASH BURGER 320 g MAP,90984654,DILMAR,0.32 kg,ko,,11.22,3.59,3.99,3.99,3859894430229,HRANA
JUNEĆI FILE BIFTEK STEAK 200 g SKIN,90984657,DILMAR,0.20 kg,ko,9.99,49.95,,,9.99,3859894430243,HRANA
JUNEĆI BIFTEK TRAKICE 200 g SKIN,90984659,DILMAR,0.20 kg,ko,8.99,44.95,,,8.99,3859894430267,HRANA
KAVA ZLATNA DŽEZVA 300 g,90991570,ZLATNA DŽEZVA,0.30 kg,ko,4.99,16.63,,,4.99,3870007015058,HRANA
MED CVJETNI XXL ST 1400 g APIMEL,90991582,APIMEL,1.40 kg,ko,4.99,3.56,,,4.99,3859888851825,HRANA
KEKS PLAZMA 300G+100 g,90929770,BAMBI,0.30 kg,ko,2.99,9.97,,,2.99,8600043039788,HRANA
BOMBONI TIC TAC DRAGON FRUIT 54 g,90950380,FERRERO,0.05 kg,ko,2.15,39.81,,,2.15,8000500453766,HRANA
BOŽIĆNA POKLON KUT 479.5 g,90970404,FILIR,0.48 kg,ko,6.99,14.58,,,6.99,3858891166322,HRANA
TVRD SIR KOZJI 150 g CAPRA DOMESTICA,90950428,CAPRA DOMESTICA,0.15 kg,ko,4.49,29.93,,,4.49,3859893605598,HRANA
RIŽA DUGO ZRNO EXTRA 1  kg SCOTTI,90954975,SCOTTI,1.00 kg,ko,1.99,1.99,,,1.99,8001860259401,HRANA
BOŽIĆNA VREĆICA MILKA 126 g,90974753,MILKA,0.13 kg,ko,1,7.94,,,4.99,7622202277061,HRANA
ČOKOLADNI SNJEGOVIĆ MILKA 50 g,90974856,MILKA,0.05 kg,ko,0.5,10,,,1.89,7622210644725,HRANA
PARTY CHIO MAXI MIX 225 g,90955401,CHIO,0.23 kg,ko,2.39,10.62,,,2.39,5996253002852,HRANA
ČAJ ADVENT KALENDAR SPEC M 24/1 48 g,90955514,SPECIAL MOMENTS,0.05 kg,ko,5,104.17,,,9.99,3850334430298,HRANA
INSTANT JACOBS CREMA 2X200 g,90929827,JACOBS,0.40 kg,ko,19.98,49.95,,,21.98,3858893904786,HRANA
DESERT MARZIPAN 100 g SCHLUCKWERDER,90959683,SCHLUCKWERDER,0.10 kg,ko,0.5,5,,,1.99,4023800062104,HRANA
OSLIĆ ARGENTINSKI BG EVA 800 g,90955713,EVA,0.70 kg,ko,,6.71,4.7,5.89,5.89,3856020283704,HRANA
INSTANT JACOBS MONARCH 2X200 g,90929829,JACOBS,0.40 kg,ko,19.98,49.95,,,21.98,3858893908838,HRANA
KINDER SCHOKO BONSI SEZONA 200 g,90950449,FERRERO,0.20 kg,ko,2,10,,,5.89,8000500247792,HRANA
ČOKOLADA LINDT EX CREAMY DARK 80 g,90935142,LINDT,0.08 kg,ko,3.69,46.13,,,3.69,3046920021470,HRANA
ADVENTSKI KALENDAR OREO 284 g,90974782,MILKA,0.28 kg,ko,2,7.04,,,10.99,7622201747411,HRANA
KRUH LOVAČKI 430 g SMRZ,90935177,ŽITOPROIZVOD,0.43 kg,ko,1.25,2.91,,,1.25,3858894930388,HRANA
RIŽA BASMATI PREMIUM 4.5 kg HAMADA,90954951,HAMADA GARDEN,4.50 kg,ko,15.99,3.55,,,15.99,8720165587575,HRANA
NAMAZ PROTEIN SVJEŽI SIR VIVIS 100 g,90955148,VIVIS,0.10 kg,ko,1.29,12.9,,,1.29,3850108058918,HRANA
MEDENJACI FINESSE SELECTI MIX 600 g,90955234,FINESSE,0.60 kg,ko,1.5,2.5,,,4.99,3850334444523,HRANA
VIŠNJA O'PLANT 300 g,90960266,O PLANT,0.30 kg,ko,3.49,11.63,,,3.49,3856020279417,HRANA
BOMBON PJEN MARSHMAL DUO 90 g MOND,90955423,MOND,0.09 kg,ko,0.99,11,,,0.99,3859894460011,HRANA
ŠTRUKLI DOMAĆI 1 kg ZP,90960233,ZLATO POLJE,1.00 kg,ko,6.99,6.99,,,6.99,3838700369267,HRANA
JOG DUKATOS SELECTION STRACCI 150 g,90930110,DUKATOS,0.15 kg,ko,1.09,7.27,,,1.09,3850354019169,HRANA
BOMBON PJEN MARSHMAL TRIO 90 g MOND,90955427,MOND,0.09 kg,ko,0.99,11,,,0.99,3859894460028,HRANA
BOMBON GUM STRAWBERRY 70 g MOND,90955442,MOND,0.07 kg,ko,0.99,14.14,,,0.99,6298042781306,HRANA
KEKS OREO CHOCO PRELIVENI 41 g,90934938,OREO,0.04 kg,ko,1.15,28.05,,,1.15,7622202319488,HRANA
MUES CRUNC SM BJE/MLJE/TAM ČOK 300 g,90955217,SPECIAL MOMENTS,0.30 kg,ko,1.5,5,,,2.39,3850334444547,HRANA
PANZEROTTI CACIO PEPE 250 g SPEC MOM,90959971,SPECIAL MOMENTS,1.00 ko,ko,2.49,2.49,,,2.49,3850334445643,HRANA
ČIPS PRINGLES ORGINAL 165 g+35 g,90944662,PRINGLES,0.17 kg,ko,3.49,21.15,,,3.49,5053990151585,HRANA
ČIPS PRINGLES SOUR&CREAM 165 g+35 g,90944664,PRINGLES,0.17 kg,ko,3.49,21.15,,,3.49,5053990154555,HRANA
MASLINE ZEL S PAPR 700/400 g OLYMP,90950567,OLYMP,0.40 kg,ko,4.49,11.23,,,4.49,5201409804601,HRANA
MEDVJEDIĆ LINDT MLIJEČNA ČOK 100 g,90970340,LINDT,0.10 kg,ko,3,30,,,5.99,4000539727009,HRANA
TIJESTO SVJ LISNAT MINUTE MAXX 375 g,90976041,MINUTE,0.38 kg,ko,1.49,3.97,,,1.49,3850334449986,HRANA
PILEĆA KRILA CCA 800 g XXL,90976082,PERUTNINA PT,1.00 kg,kg,3.49,3.49,,,3.49,3850220431156,HRANA
PANETTONE SM MINI COLLECTION 3X100 g,90955224,SPECIAL MOMENTS,0.30 kg,ko,2,6.67,,,6.99,3850334442369,HRANA
MASLINE ZELENE BADEM 320/170 g OLYMP,90950541,OLYMP,0.17 kg,ko,3.49,20.53,,,3.49,5201409810930,HRANA
ANDRO KRAČICA CCA 1000 g,90950572,ANDRO,1.00 kg,kg,5.79,5.79,,,5.79,,HRANA
MASLINE KALAMATA 320/170 g OLYMP,90950548,OLYMP,0.17 kg,ko,3.49,20.53,,,3.49,5201409810961,HRANA
BOMBON KAR KIKI XMAS 100 g,90970612,KIKI,0.10 kg,ko,,9.9,0.99,1.29,1.29,3850102016426,HRANA
ČOKOLADA KIT KAT DOUBLE CHOC 99 g,90939874,KIT KAT,0.10 kg,ko,,28.18,2.79,2.79,2.79,3800020491478,HRANA
ČIPS LAY'S SIR I BRUSNICA 130 g,90970246,PEPSICO,0.13 kg,ko,0.5,3.85,,,2.29,5900259140227,HRANA
UMAK TACO 230 g POCO LOCO,90970538,POCO LOCO,0.23 kg,ko,2.49,10.83,,,2.49,5412514931735,HRANA
VAFL NAPOLITANKA ČOK PRELJ NAR 250 g,90970588,KRAŠ,0.25 kg,ko,3.99,15.96,,,3.99,3850102016198,HRANA
KEKS DOMAĆICA NARAN CIMET BNG 275 g,90970592,DOMAĆICA,0.28 kg,ko,,9.05,2.49,3.49,3.49,3850102016419,HRANA
AFTER EIGHT LEMON MINTS 400 g,90974713,AFTER EIGHT,0.40 kg,ko,3,7.5,,,9.99,8445291775299,HRANA
AFTER EIGHT JAGODA MINTS 400 g,90974716,AFTER EIGHT,0.40 kg,ko,3,7.5,,,9.99,7613036262095,HRANA
MEDENJACI FINESSE BLACK&WHITE 600 g,90955245,FINESSE,0.60 kg,ko,1.5,2.5,,,4.99,3850334444509,HRANA
KEKS SPECIAL MOMENTS CUP COOK 180 g,90955279,SPECIAL MOMENTS,0.18 kg,ko,1,5.56,,,2.99,3850334444684,HRANA
DESERT LEO MILKA 48 g X3 kom,90976146,MILKA,0.14 kg,ko,2,13.89,,,2.69,3858891165851,HRANA
DESERT PROTEIN MOUSSE ČOK 200 g ZOTT,90976185,ZOTT,0.20 kg,ko,1.59,7.95,,,1.59,4014500520858,HRANA
KAVA SUBLIME ARABICA NS 10/1 50 g,90929651,HAUSBRANDT,0.05 kg,ko,4.29,85.8,,,4.29,8006980370357,HRANA
KAKAO KIT KAT DOLCE GUSTO 16/1 256 g,90939880,DOLCE GUSTO,0.26 kg,ko,6.49,25.35,,,6.49,8445291756649,HRANA
ORIGANO 5g ŠAFRAM,04100238,ŠAFRAM,0.01 kg,ko,0.49,98,,,0.46,3859888163140,HRANA
ADVENTSKI KALENDAR KINDER 184g,90674844,FERRERO,0.18 kg,ko,3,16.3,,,2,8000500237601,HRANA
LARDO 90 g NAR SPECIAL MOMENTS,90825709,SPECIAL MOMENTS,0.09 kg,ko,2.79,31,,,2.79,3850334429131,HRANA
LUK U GRANULAMA 22 g KOTANYI,90890551,KOTANYI,0.02 kg,ko,1.19,54.09,,,1.19,9001414021804,HRANA
UMAK BBQ CLASSIC 345g PODRAVKA,90703022,PODRAVKA,0.35 kg,ko,2.99,8.67,,,2.99,3856020264321,HRANA
TIJESTO PENNE 500g BRAGAGNOLO,90706279,BRAGAGNOLO,0.50 kg,ko,1.99,3.98,,,1.99,8004350003843,HRANA
BOMBON MENTOS LEMON MELISSA 21g,90809887,MENTOS,0.02 kg,ko,1.3,61.9,,,1.3,80999300,HRANA
KREMA ACETO BALZ TARTUF 0.25L CARAND,03120197,CARANDINI,0.25 l,ko,5.39,21.56,,,5.39,8014347006849,HRANA
BRUSNICA SEEBERGER SUHA 125g,90705722,SEEBERGER,0.20 kg,ko,3.39,16.95,,,3.39,4008258185001,HRANA
PIRE VOĆNI JABUKA ŠLJIVA 100 g FRULLA,90839933,FRULLA,0.10 kg,ko,1.19,11.9,,,1.19,8024985000826,HRANA
PAPRIKA DIMLJENA SLATKA 50 g KOTANYI,90890545,KOTANYI,0.05 kg,ko,1.99,39.8,,,1.99,9001414704981,HRANA
BOMBONI HARIBO ŠUMSKE BOBICE 100g,90361631,HARIBO,0.10 kg,ko,1.59,15.9,,,1.59,9002975328548,HRANA
ČAJ GREEN TEA 100 g RINFUZA AHMAD,90047798,AHMAD,0.10 kg,ko,3.45,34.5,,,3.45,054881008020,HRANA
HRENOVKA JUNEĆA 180 g HISTRIS,90824954,HISTRIS,0.20 kg,ko,4.19,20.95,,,4.19,3858895020255,HRANA
TIJESTO PENNE DURUM 500 g ZP,90890103,ZLATO POLJE,0.50 kg,ko,1.99,3.98,,,1.99,3838700021462,HRANA
PIZZA MOZZARELLA LEDO 325 g,90887021,LEDO,0.33 kg,ko,3.99,12.28,,,3.99,3850116067957,HRANA
KAVA CREMA RICCO NS 10/1 55 g LAVAZZ,90869960,LAVAZZA,0.06 kg,ko,5.79,105.27,,,5.99,8000070059832,HRANA
MLIJEKO ZAMJ BEBIMIL 1 300g,90386018,BEBIMIL,0.30 kg,ko,6.49,21.63,,,6.49,9007253105064,HRANA
OKRUGLICE VEGAN GARDEN GOURMET 300g,90622722,GARDEN GOURMET,0.30 kg,ko,5.49,18.3,,,5.49,7613287515469,HRANA
SIR TVRDI BOVIDUR 2.5kg VINDIJA,02055062,Z BREGOV,1.00 kg,kg,19.99,19.99,,,18.99,3850108052510,HRANA
MASLAC K PLUS 250 g,90869682,K PLUS,0.25 kg,ko,2.79,11.16,,,2.79,3850334432278,HRANA
KOMPOT ANANAS KOM 850/430 g EXCELS,90886681,EXCELSIOR,0.43 kg,ko,2.99,6.95,,,2.99,9001397500686,HRANA
TIJESTO SPIRULITELLE 250 g MARODI,90890020,MARODI,0.25 kg,ko,2.99,11.96,,,2.99,3859894191120,HRANA
ČOKOLADA MILKA ALPSKA 190 g,90889935,MILKA,0.19 kg,ko,4.49,23.63,,,4.49,7622202305658,HRANA
STUDENT MIX 300 g NATURA PLUS,90895303,NATURA,0.30 kg,ko,5.49,18.3,,,5.49,3858893922629,HRANA
UMAK RAJČICA BOSILJ 330 g AGROMONTE,90886570,AGROMONTE,0.33 kg,ko,3.99,12.09,,,3.99,8032817246045,HRANA
TUNA STEAK BILJ ULJE 4X80/4X52 g EVA,90904753,EVA,0.21 kg,ko,6.99,33.61,,,6.99,3856020278403,HRANA
VAFL MANNER MALINA 185g,90600224,MANNER,0.19 kg,ko,1.5,8.11,,,1,9000331628356,HRANA
ČAJ ŠUMSKO VOĆE 40/1 100 g PODRAVKA,90869776,PODRAVKA,0.10 kg,ko,3.39,33.9,,,3.09,3856020201531,HRANA
ORAH BRAZILSKI JEZGRA 100 g NATURA,90850572,NATURA,0.10 kg,ko,4.49,44.9,,,4.49,3859893124235,HRANA
ČOK TAMNA 71% SA NARA 85g RAJSKA PTICA,90412504,RAJSKA PTICA,0.09 kg,ko,,65.65,5.58,6.59,6.59,3830042990062,HRANA
ČAJ ZELENI 60 g AGRISTAR,90874720,AGRISTAR,0.06 kg,ko,2.89,48.17,,,2.89,3858886504795,HRANA
POLLEO SHAKER LOGO LIGHT BLUE 0.6L,90678265,POLLEO,0.60 l,ko,4.99,8.32,,,3.49,3856026804699,HRANA
KAŠA ZOB RISE&SMILE ČOKO CHIA 65 g,90854779,RISE&SMILE,0.07 kg,ko,,6.62,0.43,0.55,0.55,3850334431882,HRANA
RIŽA ARBORIO 500g GALLO,04060067,RISO GALLO,0.50 kg,ko,2.99,5.98,,,3.49,8001420002140,HRANA
DESERT ROCHER SRCE T8 100 g,90869760,FERRERO,0.10 kg,ko,7.79,77.9,,,7.79,8000500430064,HRANA
UMAK CHERRY RAJČICA I BOSI 350g SACLA,90484173,SACLA,0.35 kg,ko,3.69,10.54,,,3.69,8001060008397,HRANA
MJEŠAV ZAČINA S PAPROM 60g ST KOTANY,04100440,KOTANYI,0.06 kg,ko,3.59,59.83,,,3.59,9001414040669,HRANA
ŠEĆER KOCKA SMEĐI 250 g LARA,90890572,LARA,0.25 kg,ko,1.79,7.16,,,1.79,3859892259907,HRANA
DESERT ČOK ŽIV CARSTVO 15gX5KOM KRAŠ,90486243,ŽIVOTINJSKO CARSTVO,0.08 kg,ko,2.79,37.2,,,2.79,3850102010738,HRANA
SLAD QUATTRO LINO LADA 1500 ml,90764757,QUATTRO,1.50 l,ko,7.49,4.99,,,7.49,3850116064239,HRANA
KRUH POLUBIJELI 700g KLARA,90675402,KLARA,0.70 kg,ko,1.04,1.49,,,1.04,3858881320291,HRANA
VRHNJE KISELO DOMAĆE ZB 25% 300g,02334090,Z BREGOV,0.30 kg,ko,1.99,6.63,,,1.89,3850108036480,HRANA
PRŠUT NARESCI 90G,90280107,DOBRO,0.09 kg,ko,3.39,37.67,,,3.39,3850133800773,HRANA
KOLAČI MIJEŠANI 500g MLINAR,90400680,MLINAR,0.50 kg,ko,10.99,21.98,,,10.09,3858889892509,HRANA
ČOKOLADA TOBLERONE MLIJ 100g,04210054,TOBLERONE,0.10 kg,ko,3.09,30.9,,,3.09,7614500010013,HRANA
INSTANT NES GOLD 95g NESTLE,90699127,NESCAFE,0.10 kg,ko,7.99,84.11,,,7.49,8445290492722,HRANA
RAJČICA PASIRANA 500g PODRAVKA,01570044,PODRAVKA,0.50 kg,ko,1.09,2.18,,,1.09,3850104073656,HRANA
ŠUNKA PUREĆA STANCIJA VAK GAVRILOVIĆ,90264181,GAVRILOVIĆ,1.00 kg,kg,16.99,16.99,,,13.99,3859892502942,HRANA
ULJE MASLINOVO 1 L TRENTON,90110034,TRENTON,1.00 l,ko,7.99,7.99,,,9.49,3859888906051,HRANA
SALATA KRISTAL KOMAD,01403008,,0.20 kg,ko,0.79,3.95,,,0.35,3850334240026,HRANA
ŠUNKA PUREĆA PEČENA PIK VAK,90570273,PIK,1.00 kg,kg,20.99,20.99,,,17.19,3850139522143,HRANA
TIROLSKA KOBASICA GAVRILOVIĆ,02034058,GAVRILOVIĆ,1.00 kg,kg,12.49,12.49,,,12.49,3858881229075,HRANA
UMAK TARTAR 260g STAKLO ZVIJEZDA,90713485,ZVIJEZDA,0.26 kg,ko,2.49,9.58,,,2.05,3856015328441,HRANA
SIR TVR BIOGAL BIBEREK 380 g,90829890,BIOGAL,0.38 kg,ko,8.69,22.87,,,8.69,3857500129369,HRANA
CIMET MLJEVENI 10g ŠAFRAM,04100689,ŠAFRAM,0.01 kg,ko,0.49,49,,,0.4,3859888163300,HRANA
CHICKEN STRIPS CEKIN 600 g,90899995,CEKIN,0.60 kg,ko,8.29,13.82,,,8.29,3850159141171,HRANA
VOĆNI ŠTAPIĆ NATURE ADD MALINA 16g,90733606,NATURE ADDICTS,1.00 ko,ko,1.35,1.35,,,1.35,3609200010757,HRANA
BOMBON WACKY STICKS JAG VAN 75g BEBETO,90829651,BEBETO,0.08 kg,ko,0.99,13.2,,,0.99,8690146134343,HRANA
GELATISSIMO SUN&FUN 5x73 ml,90899923,GELATISSIMO,0.37 l,ko,2.99,8.19,,,2.99,3850334434203,HRANA
SLAD GELATISSIMO VANILIJA 700 ml,90900012,GELATISSIMO,0.70 l,ko,2.29,3.27,,,2.29,3850334433909,HRANA
LEĆA GARDEN GOOD 420/240 g,90854707,GARDEN GOOD,0.24 kg,ko,0.79,3.29,,,0.79,3838900842850,HRANA
KEKS JIMMY KAKAO NARANČA 135 g,90887286,JIMMY FANTASTIC,0.14 kg,ko,2.69,19.93,,,2.69,8600939843628,HRANA
VANILICE SA DŽEMOM OD ŠLJIVA 230 g,90890378,PIRAMIDA,0.23 kg,ko,2.99,13,,,2.99,8606104138957,HRANA
KREMA ACETO BALSAM FIG 0.240 L PONTI,90890421,PONTI,0.24 l,ko,3.99,16.62,,,3.99,8001010115847,HRANA
PAPALINA SVJ PAK KONZUM,02199548,,1.00 kg,kg,2.39,2.39,,,2.39,,HRANA
KEKS FINESSE KOLUTI ČOKO KOKOS 300 g,90889890,FINESSE,0.30 kg,ko,,7.97,2.39,2.99,2.99,3850334436931,HRANA
NAPITAK RIŽA BIO ACTIVE ZONE 1 l,90895347,ACTIVE ZONE,1.00 l,ko,,0.99,0.99,1.15,1.15,3850334433077,HRANA
KRUH PRIMORSKI 500g PAK MLINAR,90703613,MLINAR,0.50 kg,ko,2.19,4.38,,,2.09,3858889899973,HRANA
FILE OD PRSA K PLUS,90270057,K PLUS,1.00 kg,kg,,7.39,7.39,7.89,7.89,3850159118081,HRANA
SIR POLUTV RIB ZA PIZZU K PLUS 250g,90598281,K PLUS,0.25 kg,ko,,9.96,2.49,3.19,3.19,3850334001016,HRANA
BUĐOLA 1/2 VAK SLJEME,90361709,PIK VRBOVEC,1.00 kg,kg,24.99,24.99,,,24.99,3850139181111,HRANA
LIGNJA PATAGONICA OČIŠĆ 400g LEDO,02197810,LEDO,0.40 kg,ko,9.99,24.98,,,7.99,3850116877341,HRANA
ĐUMBIR,01402174,,1.00 kg,kg,3.99,3.99,,,5.49,3850334173270,HRANA
JUN MLJEVENA 540G (MA),90276065,PIK VRBOVEC,0.54 kg,ko,6.59,12.2,,,5.99,3850139540611,HRANA
PILEĆI RASJ ZA POH TOP KRILA CCA 1100g,02434348,CEKIN,1.00 kg,kg,7.39,7.39,,,5.31,3850159110641,HRANA
RIŽA K PLUS ARBORIO 1kg KUTIJA,90056510,K PLUS,1.00 kg,ko,3.69,3.69,,,3.69,3850334339188,HRANA
JAJA SVJ SLOB UZGOJ M 10/1,90423579,K PLUS,10.00 ko,ko,3.12,0.31,,,3.12,3850334234186,HRANA
PECIVO PUTER ŠTANGICE 3/1 180 g,90749652,PET MINUTA,0.18 kg,ko,1.99,11.06,,,1.99,3858885565612,HRANA
VAFL PRUTIĆI FINESSE LJEŠNJAK 250g,90698067,FINESSE,0.25 kg,ko,,5.96,1.49,1.89,1.89,3850334035967,HRANA
SV CARSKO MESO NEOB  III KAT,02400080,PIK VRBOVEC,1.00 kg,kg,,2.79,2.79,2.89,5.19,3850139523508,HRANA
SLAD QUATTRO HAPPINESS 1650ml,02351152,QUATTRO,1.65 l,ko,7.49,4.54,,,7.49,3850116036083,HRANA
KEČAP BLAGI 1000g ZVIJEZDA,01490072,ZVIJEZDA,1.00 kg,ko,2.99,2.99,,,2.79,3858882210881,HRANA
VRAT DIMLJ K PLUS BK 1/2 VAC,02015902,K PLUS,1.00 kg,kg,,7.49,7.49,6.49,9.79,3850139285512,HRANA
JAJA SVJEŽA K PLUS M 6/1,02510669,K PLUS,6.00 ko,ko,2.29,0.38,,,1.99,3850334186942,HRANA
ŠUNKA KUHANA 5.448kg PIK,02160059,PIK VRBOVEC,1.00 kg,kg,,10.99,10.99,10.99,13.39,3850139350043,HRANA
FRISEE-RADIČ-MRKVA 400 grama,90260870,KONZUM,0.40 kg,ko,1.99,4.98,,,1.99,3850334586438,HRANA
SV VRAT SK NAR 640g PIK VRBOVEC,02404367,PIK VRBOVEC,0.64 kg,ko,4.99,7.79,,,4.59,3850139437508,HRANA
SIR POLUTVRDI TRAPIST K PLUS VAC,90052150,K PLUS,1.00 kg,kg,12.95,12.95,,,12.95,3858888594527,HRANA
OSLIĆ BEZ GLAVE 400g HUBSI LEDO,90607785,LEDO,0.40 kg,ko,3.89,9.73,,,3.89,3850116048659,HRANA
PAŠTETA ČAJNA 50g  GAVRILOVIĆ,02166094,GAVRILOVIĆ,0.05 kg,ko,1.09,21.8,,,1.09,3858881220096,HRANA
GRAŠAK-MRKVA 400g LEDO,90668439,LEDO,0.40 kg,ko,1.12,2.8,,,1.99,3850116053370,HRANA
SLAD LEDO KORNET VANILIJA 120ML,02350169,LEDO,0.12 l,ko,1.79,14.92,,,1.79,3850116037820,HRANA
KEFIR 3.5%MM 1000G VINDIJA,90513935,Z BREGOV,1.00 kg,ko,2.59,2.59,,,2.55,3850108037531,HRANA
PAPRIKA PEČENA K PLUS 680g/390g,90350384,K PLUS,0.39 kg,ko,2.99,7.67,,,2.79,3850334148629,HRANA
VAFL NAPOLITANKA ČOK PRELJ 500g KRAŠ,04150558,KRAŠ,0.50 kg,ko,,9.98,4.99,4.99,6.29,3850102320073,HRANA
TRIPICE KUHANE 500g PIVAC,90307731,PIVAC,0.50 kg,ko,4.19,8.38,,,3.99,3858881611351,HRANA
KAKAO KRAŠ EXPRES SP 330g KRAŠ,04211206,KRAŠ EXPRESS,0.33 kg,ko,3.99,12.09,,,3.99,3850102111152,HRANA
KEKS GRANCEREALE CLASSICO 250g,04140499,BARILLA,0.25 kg,ko,1.99,7.96,,,1.99,8076809540124,HRANA
SIR SVJEZI ZRNATI PRESIDENT 200g,02398927,PRESIDENT,0.20 kg,ko,2.49,12.45,,,2.29,3850355000814,HRANA
LIMUN EKO 500 grama,90052485,,0.50 kg,ko,1.49,2.98,,,1.29,8019796770204,HRANA
SLAD LEDO M6 NJOFRA 6x65ml,90704209,LEDO,0.39 l,ko,5.99,15.36,,,5.99,3850116056869,HRANA
PECIVO LIZIKA 180g KLARA,04010166,KLARA,0.18 kg,ko,0.75,4.17,,,0.75,3858881321076,HRANA
KESTEN DESERT PREMIUM 140g ČAŠICA LEDO,02351421,LEDO,0.14 kg,ko,3.09,22.07,,,2.49,3850116887937,HRANA
KREKER TUC ORIGINAL SLANI 100g,90063038,TUC,0.10 kg,ko,1.15,11.5,,,1.15,5410041435702,HRANA
ČIPS HRUSTY SLANI XCUT 150g,90705105,HRUSTY,0.15 kg,ko,,6.07,0.91,1.15,1.15,3850334044686,HRANA
TUNJ SALATA KUKURUZ 160g BOWL RIO MA,02198507,RIO MARE,0.16 kg,ko,,13.44,2.15,4.69,4.69,8004030022010,HRANA
SV BUT BK 4D I KAT ,02402389,PIK VRBOVEC,1.00 kg,kg,,2.99,2.99,3.29,5.79,3850139281453,HRANA
UMAK PESTO 100g AGROMONTE,90814794,AGROMONTE,0.10 kg,ko,3.99,39.9,,,3.99,8032817244584,HRANA
KAVA PERFETTO CAPPUCC DG 10/1 120g BAR,90363508,BARCAFFE,0.12 kg,ko,4.49,37.42,,,3.98,3838471037778,HRANA
LASAGNE BOLOGNESE RANA 350g,90734772,RANA,0.35 kg,ko,3.49,9.97,,,3.49,8001665127684,HRANA
ČAJ CRNI CEYLON 20X2g AHMAD,04092714,AHMAD,0.04 kg,ko,3.45,86.25,,,3.45,054881005630,HRANA
RIŽA BASMATI KUT ZL POLJE 500g,90282431,ZLATO POLJE,0.50 kg,ko,,4.38,2.19,3.59,3.59,3838700540499,HRANA
PEKMEZ ŠLJIVA DOORA 680g,90731139,DOORA,0.68 kg,ko,4.65,6.84,,,4.65,3858894541751,HRANA
JOG ČVRSTI 3.2% M.M. 180G KRAVICA,90713396,KRAVICA KRALJICA,0.18 kg,ko,0.44,2.44,,,0.44,3856015328939,HRANA
LIZ CHUPA CHUPS PUCKETAVA JAG 14g,90089210,CHUPA CHUPS,0.01 kg,ko,0.89,63.57,,,0.89,8410031920970,HRANA
PRŠUT ISTARSKI ZOI 50 g NAR 24 MJ SPEC MOM,90834719,SPECIAL MOMENTS,0.05 kg,ko,3.19,63.8,,,3.19,3850334431127,HRANA
PRAŠAK CREATINE MONOHYDRATE LIM 250 g,90839998,POLLEO,0.25 kg,ko,27.99,111.96,,,27.99,3856026808819,HRANA
GAVELINO ODR OD PILEĆEG FILEA 400 g,90890587,CEKIN,0.40 kg,ko,6.49,16.23,,,6.49,3850159112874,HRANA
MJEŠ ZAČINA TALIJAN 48g MLIN KOTANY,04100447,KOTANYI,0.05 kg,ko,,49.79,2.39,3.99,3.98,9001414041178,HRANA
MUFFINS 360g DR OETKER,04182081,DR OETKER,0.36 kg,ko,3.85,10.69,,,3.85,5997381372152,HRANA
SLAD GELATISSIMO VANILIJA 4x110 ml,90765062,GELATISSIMO,0.28 l,ko,2.99,10.67,,,2.99,3850334112408,HRANA
PAPAR CRNI ZRNO 50 g VEGETA MAESTRO,90770291,VEGETA MAESTRO,0.05 kg,ko,2.39,47.8,,,2.39,3856020202071,HRANA
BOMBONI SMARTIES WHITE 34g NESTLE,90731244,SMARTIES,0.03 kg,ko,1.35,39.71,,,1.35,3800020432976,HRANA
SIR TOPLJ TROK CHEDDAR PRESIDENT 140g,90568186,PRESIDENT,0.14 kg,ko,2.29,16.36,,,1.99,3850355006434,HRANA
MLIJ NAM DUKATELA POVRĆE 70g DUKA,02100623,DUKATELA,0.07 kg,ko,0.99,14.14,,,0.89,3850354015079,HRANA
DESERT CORNY SLANA KARAMELA 40g,90764972,SCHWARTAU,0.04 kg,ko,1.19,29.75,,,1.19,4011800587314,HRANA
LED KOCKE PREMIUM 1kg REBUS,90704560,REBUS,1.00 kg,ko,2.99,2.99,,,2.99,8717953068538,HRANA
MLINCI 250G GOTES,90256091,,0.25 kg,ko,1.23,4.92,,,1.23,3859888335349,HRANA
TUNJ RAJČICA EVA 100g/70g,90732352,EVA,0.07 kg,ko,2.39,34.14,,,2.39,3856020263218,HRANA
DESERT LINO KEKS 200g,90290016,LINO,0.20 kg,ko,2.29,11.45,,,2.29,3850104294143,HRANA
ŠTRUDLA SMOKVA 400g LASTA,90826470,LASTA,0.40 kg,ko,3.99,9.98,,,3.99,3870128037908,HRANA
CAPP NESCAFE IRISH 336 g 3PACK,90880120,NESCAFE,0.34 kg,ko,7.98,23.75,,,6.99,8445291599710,HRANA
DRESSING SA ZAČINIMA 230ml DEVELEY,90326157,DEVELEY,0.23 l,ko,2.49,10.83,,,2.49,4006824991490,HRANA
KEKS LEIBNIZ BUTTER 200g BAHLSEN,04142553,BAHLSEN,0.20 kg,ko,2.99,14.95,,,2.65,4017100107566,HRANA
MARELICA SUHA PREM PERFECT DAY 400 g,90854849,PERFECT DAY,0.40 kg,ko,5.29,13.23,,,4.99,3872084015891,HRANA
TUBA NAT GERBER JAB BAN JAG 90 g,90759687,GERBER,0.09 kg,ko,1.39,15.44,,,1.39,8445290256539,HRANA
ULJE BUČINO TOPLO PREŠA 0.25L OPG CESAREC,90377955,OPG CESAREC,0.25 l,ko,7.99,31.96,,,6.99,3859893456367,HRANA
SIR MEKI BRIE PLAVI 125g ILE DE FRANCE,90487115,ILE DE FRANCE,0.13 kg,ko,4.38,35.04,,,4.38,3161712996153,HRANA
TJESTENINA PŠEN GNIJEZDA GO TAN 250g,90150247,GO-TAN,0.25 kg,ko,2.79,11.16,,,2.79,8710605028492,HRANA
MREŽICA 18 OKA 5M CROMA,02032093,CROMA,1.00 ko,ko,1.85,1.85,,,1.69,3859890197485,HRANA
SIR POLUTVRDI 250g LEERDAMMER,90770437,LERRDAMMER,0.25 kg,ko,5.69,22.76,,,5.69,8721800082110,HRANA
ULJE ZA WOK 250ML YOUWOK,01491666,YOUWOK.COM,0.25 l,ko,3,12,,,5.31,8717228380105,HRANA
NAPITAK BADEM 1L VIVICOSI,90705107,VIVICOSI,1.00 l,ko,2.29,2.29,,,2.29,8032625480464,HRANA
PUREĆA PRSA 750g AIA,90071436,AIA,0.75 kg,ko,7.59,10.12,,,7.59,8008110003067,HRANA
KULEN KVRGAVI 1/2 K PLUS,90484270,K PLUS,1.00 kg,kg,,17.49,17.49,16.99,16.99,3850334387776,HRANA
JUHA DALMATINSKA 60g PODRAVKA,04160519,PODRAVKA,0.06 kg,ko,,13.17,0.79,0.99,0.99,3850104003837,HRANA
KUKURUZ ŠEĆERAC 285g ZVIJEZDA,01550503,ZVIJEZDA,0.29 kg,ko,,4.88,1.39,1.39,1.79,3858882217071,HRANA
PRŠUT JOMI 500 g NAREZAK,90810524,JOMI,0.50 kg,ko,13.99,27.98,,,13.99,8052440301188,HRANA
TIJESTO PUŽIĆI 1kg GRANO DORO,90296102,GRANO DORO,1.00 kg,ko,1.69,1.69,,,1.69,3850334349781,HRANA
PIK SENDVIČ SALAMA MA PIK VRBOVEC,90092028,PIK VRBOVEC,1.00 kg,kg,15.99,15.99,,,14.99,3850139011630,HRANA
SIR MEKI MOZZARELLA 125g MEGGLE,02390982,MEGGLE,0.13 kg,ko,1.89,15.12,,,1.99,3870085050019,HRANA
KRUH PAN CARRE 430g BARILLA,04016531,BARILLA,0.43 kg,ko,2.29,5.33,,,2.29,8076809582162,HRANA
MLIJEKO LAG JUTRO 0% 1L DUKAT,90602724,DUKAT,1.00 l,ko,,1.69,1.69,1.99,1.99,3850354017080,HRANA
SIR MEKI FETA SALAKIS DOP 150g PRESIDENT,90487280,PRESIDENT,0.15 kg,ko,4.19,27.93,,,4.19,3850355006779,HRANA
ULJE MASLIN EX DJ 0.5L ZVIJEZDA,03210019,ZVIJEZDA,0.50 l,ko,7.49,14.98,,,7.49,3858882211574,HRANA
KULEN K PLUS NAR 250G,90648011,K PLUS,0.25 kg,ko,4.59,18.36,,,4.59,3850334011527,HRANA
JUHA KREM OD GLJIVA 54g PODRAVKA,90160136,PODRAVKA,0.05 kg,ko,1.39,25.74,,,1.39,3850104274596,HRANA
SIR NAM ABC VLASAC 100g BELJE,02390925,ABC,0.10 kg,ko,1.35,13.5,,,1.15,3856015324191,HRANA
SLAD TWICE JAG VAN ČOK 1.7L LEDO,02351092,TWICE,1.70 l,ko,4.49,2.64,,,4.49,3850116768441,HRANA
FANT GULAŠ I PAPRIKAŠ 65g VREĆ PODR,04163600,FANT,0.07 kg,ko,1.39,21.38,,,1.39,3850104075537,HRANA
KRUPICA PŠENIČNA 400g FRANCK,04030074,FRANCK,0.40 kg,ko,1.69,4.23,,,1.69,3858881081598,HRANA
SIR TVRDI RIB MIX GRAN AGRIFORM 100g,90409872,AGRIFORM,0.10 kg,ko,1.99,19.9,,,1.89,8003518100516,HRANA
KAVA NOTA CAPPUCCINO DG 16/1 192g FRANCK,90569629,FRANCK NOTA,0.19 kg,ko,,24.9,4.78,5.99,5.99,3850291053035,HRANA
SV MESNATA SLANINA OBR B KL ,02400214,PIK VRBOVEC,1.00 kg,kg,5.99,5.99,,,6.25,3850139523072,HRANA
RIŽA SMEĐA PARBOILED VAKUUM 800g ZLATO POLJE,90290267,ZLATO POLJE,0.80 kg,ko,4.69,5.86,,,4.69,3838700640960,HRANA
TIJESTO ŠKOLJKICE S JAJ 400g KOLEDA,90060201,KOLEDA,0.40 kg,ko,2.25,5.63,,,2.25,3859888433250,HRANA
HIMALAJSKA SOL BOČ 120G KOTANYI,90268081,KOTANYI,0.12 kg,ko,2.15,17.92,,,2.15,9001414040034,HRANA
TIJESTO PACCHERI 125 500g DE CECCO,90705015,DE CECCO,0.50 kg,ko,3.89,7.78,,,3.89,8001250121257,HRANA
VRHNJE KISELO 12% MM 200G VERONIKA,90267803,VERONIKA,0.20 kg,ko,1.15,5.75,,,0.99,3859889622028,HRANA
MUESLI GRAN BOOM BOX COCO/ALM/WC 300g,90623117,BOOM BOX,0.30 kg,ko,,9.3,2.79,3.99,3.99,3858890479287,HRANA
SIR GRILL CHILI 200g DIVAN GARDEN,90770458,DIVAN GARDEN,0.20 kg,ko,2.99,14.95,,,2.99,3858894600137,HRANA
LIZALICA CHUPA CHUPS XXL 29g,90063388,CHUPA CHUPS,0.03 kg,ko,0.89,30.69,,,0.89,84460547,HRANA
VODA HIPP BABY 1L,90733331,HIPP,1.00 l,ko,1.25,1.25,,,1.25,9062300000662,HRANA
KAŠ INST LINO ZOBELINO SA ŠLJIVOM 200g,90361361,LINO,0.20 kg,ko,2.89,14.45,,,2.89,3856020225216,HRANA
TJEST SPAGHETTINI INTEGR 500g BARILLA,90599483,BARILLA,0.50 kg,ko,3.15,6.3,,,3.15,8076809583275,HRANA
KEKS ADRIA SMOKVENJAK 100g,90236162,ADRIA,0.10 kg,ko,1.5,15,,,4.29,3858890262568,HRANA
ŠAFRAN 0.12g KOTANYI,04100172,KOTANYI,0.00 kg,ko,2.25,18750,,,2.25,9001414010082,HRANA
KEKS BOOM BOX ZOB BOROV VANILIJA 50g,90599762,BOOM BOX,0.05 kg,ko,1.19,23.8,,,0.99,3858890479409,HRANA
UMAK BBQ SPICY HOT 345g,90703028,PODRAVKA,0.35 kg,ko,2.99,8.67,,,2.99,3856020264352,HRANA
SLAD HAAGEN DAZS BELG CHOCO 460 ML,90360180,HAAGEN DAZS,0.46 l,ko,7.49,16.25,,,7.49,3415581113839,HRANA
TUBA NUTRINO JAB/KRU/BRES 100g,90707859,NUTRINO,0.10 kg,ko,1.05,10.5,,,1.05,8606019650544,HRANA
TJEST LASAGNE BEZ JAJA 250g BARILLA,90770561,BARILLA,0.25 kg,ko,2.79,11.16,,,2.79,8076809542517,HRANA
LUK U GRANULAMA 40g BOČ KOTANYI,04100225,KOTANYI,0.04 kg,ko,2.39,59.75,,,2.39,9001414040577,HRANA
MLIJEKO ČOKOLADNO JUNIOR 0.2L DUKAT,90759878,DUKAT JUNIOR,0.20 l,ko,1.09,5.45,,,1.09,3850354018124,HRANA
TJEST FETTUCCINE 400 g MARODI,90769990,MARODI,0.40 kg,ko,2.99,7.48,,,2.99,3859893944369,HRANA
PAPAR CRNI MLJEV 50g KOTANYI,90412444,KOTANYI,0.05 kg,ko,2.35,47,,,2.35,9001414707371,HRANA
KAŠA ZOB BOOM BOX MALINA/VANIL 60g,90570801,BOOM BOX,0.06 kg,ko,,11.5,0.69,0.99,0.99,3858890478136,HRANA
SLAD HAAGEN DAZS VANILIJA 460ml,90408233,HAAGEN DAZS,0.46 l,ko,7.49,16.28,,,7.49,3415581101836,HRANA
TJESTENINA  FUSILLI  500g RUMMO,90402859,RUMMO,0.50 kg,ko,1.99,3.98,,,1.99,8008343200486,HRANA
KREMA ZA KOLAČE ČOK 150g DOLC,90064155,DOLCELA,0.15 kg,ko,1.99,13.27,,,1.99,3850104263644,HRANA
MAJONEZA WASABI 85g ZVIJEZDA,90673896,ZVIJEZDA,0.09 kg,ko,1.19,14,,,0.85,3856015326621,HRANA
KESTEN PIRE 72% VANIL RUM 250g SANA,90675045,SANA,0.25 kg,ko,,13.12,3.28,3.99,3.99,3858892321911,HRANA
SIR MEKI MINI BRIE MREŽ 125g ILE DE FRANCE,90487112,ILE DE FRANCE,0.13 kg,ko,4.38,35.04,,,4.38,3161712002113,HRANA
MAJČINA DUŠICA 14g VREĆ KOTANYI,90405960,KOTANYI,0.01 kg,ko,0.99,70.71,,,0.99,9001414015599,HRANA
KOBASICE SUHE ISTAR MASLINE 167g BURETIĆ,90404124,BURETIĆ,0.17 kg,ko,7.19,43.05,,,7.19,3859893159114,HRANA
TORTA DELLA NON 500 g SPECIAL MOMENTS,90825110,SPECIAL MOMENTS,0.50 kg,ko,,9.98,4.99,9.99,9.99,3850334430144,HRANA
PAPAR CRNI MLJEV 17g VREĆ KOTANY,04100234,KOTANYI,0.02 kg,ko,1.49,87.65,,,1.49,9001414015469,HRANA
KAVA LUNGO CLASS JULIUS M 10/1 NS 56g,90409308,JULIUS MEINL,0.06 kg,ko,5.69,101.61,,,5.29,9000403940317,HRANA
SIR MEKI SLANI KOZJI 200g GABRIEL,90320970,GABRIEL,0.20 kg,ko,4.99,24.95,,,4.99,3859892805067,HRANA
KAŠICA HIPP MARELICE 190g,03140017,HIPP,0.19 kg,ko,1.69,8.89,,,1.69,9062300101680,HRANA
BADEM JEZGRA EUROCOMPANY 100g,01311160,EUROCOMPANY,0.10 kg,ko,1.89,18.9,,,1.89,3872084000392,HRANA
NAMAZ HUMMUS NATURAL 80g RIBELLA,90290945,RIBELLA,0.08 kg,ko,1.19,14.88,,,1.19,8606011898913,HRANA
SIR  POLUTV KOZJI CAPRA DOM,90408975,CAPRA DOMESTICA,1.00 kg,kg,31.85,31.85,,,31.85,,HRANA
MJEŠAVINA ZA DOMAĆI KRUH 400g DIGO,90725706,DIGO,0.40 kg,ko,2.99,7.48,,,2.99,3858887683093,HRANA
NAMAZ HUMMUS CLASSIC 100G SANA,90148353,SANA,0.10 kg,ko,1.59,15.9,,,1.59,3859892873028,HRANA
KUS KUS 500g KUT TIPIAK,04055023,TIPIAK,0.50 kg,ko,2.99,5.98,,,2.99,3165440007082,HRANA
GRAH POVRTNI MINUTE 400g,90735135,MINUTE,0.40 kg,ko,,5.73,2.29,2.69,2.69,3850334070302,HRANA
MJEŠAV BUNDEVA HELJDA 400g BONDUELLE,90732240,BONDUELLE,0.40 kg,ko,2.99,7.48,,,2.99,3083681138634,HRANA
AROMA NARANČA 38ml DR OETKER ,90572106,DR OETKER,0.04 l,ko,1.79,47.11,,,1.79,5907707053184,HRANA
TJEST SIMPLY PASTA SPIRALI MINI 500g,90875093,SIMPLY PASTA,1.00 ko,ko,,0.99,0.99,1.29,1.29,3850334377715,HRANA
ČAJ BOROVNICA PODRAVKA 50g,90299639,PODRAVKA,0.05 kg,ko,2.29,45.8,,,2.06,3856020204884,HRANA
KOKICE MIKROV MASLAC 3/1 300g MOGYI,90826541,MOGYI,0.30 kg,ko,2.19,7.3,,,2.19,5997347556800,HRANA
SIR KOC U ULJU S MASL 100 g SPEC MOM,90829916,SPECIAL MOMENTS,0.10 kg,ko,1.79,17.9,,,1.79,3838900842485,HRANA
VRBOVEČKA KOBASICA NAR 100g PIK,02018178,PIK,0.10 kg,ko,2.85,28.5,,,2.19,3850139010466,HRANA
OCAT JABUČNI S MEDOM 0.5L MAUTNER,03120041,MAUTNER MARK,0.50 l,ko,3.59,7.18,,,3.59,9011900105222,HRANA
BOMBONI KISELI CRVI 100g TROLLI,90153620,TROLLI,0.10 kg,ko,1.65,16.5,,,1.65,4003084319385,HRANA
RIBLJI ŠTAPIĆI PANIRANI 250g FRESCO,02197789,FRESCO,0.25 kg,ko,1.89,7.56,,,1.89,3850116738796,HRANA
BEČKA SLJEME NAR 80g MA,90298680,SLJEME,0.08 kg,ko,1.99,24.88,,,1.85,3850139012385,HRANA
MLIJEKO ZAMJ BEBIMIL JUNIOR 500g,04172619,BEBIMIL,0.50 kg,ko,,15.38,7.69,8.95,8.95,9007253000017,HRANA
JEGER IVANEČKI PIKANT 300g IMISIMO,90498762,IMISIMO,0.30 kg,ko,3.69,12.3,,,3.69,3859893866012,HRANA
UMAK BOLOGNESE 400g BARILLA,01495020,BARILLA,0.40 kg,ko,,7.48,2.99,4.69,4.69,8076809513678,HRANA
KVIKI GRIC PR SL 50g PODRAVKA,04145686,KVIKI,0.05 kg,ko,0.89,17.8,,,0.89,3850104007781,HRANA
LINZER VIŠNJA 500g K PLUS,90320621,K PLUS,0.50 kg,ko,3.99,7.98,,,3.99,3850334325860,HRANA
PEČENICA 420g (MA) PIK VRBOVEC,90344877,PIK VRBOVEC,0.42 kg,ko,3.45,8.21,,,3.49,3850139443615,HRANA
DESERT M&M KIKIRIKI 90g,90088899,MARS,0.09 kg,ko,2.25,25,,,2.25,5900951247897,HRANA
KVASAC SUHI 7g 4+1 DIGO,04180257,DIGO,0.03 kg,ko,3,107.14,,,3,3859889940153,HRANA
SIR TVRDI KRAVLJI 230G ŠPIN,90289836,ŠPIN,0.23 kg,ko,5.79,25.17,,,5.69,3858881194885,HRANA
ŠTRUDLA FINESSE MIJEŠANO VOĆE 252g,90410777,FINESSE,0.25 kg,ko,,3.53,0.89,1.09,1.09,3850334229588,HRANA
BOMBONI SKITTLES CRAZY SOURS VR 38g,90055419,WRIGLEY,0.04 kg,ko,0.95,25,,,0.95,5000159376792,HRANA
HRENOVKE U PRIR OVITKU 240g VINDIJA,02044259,CEKIN,0.24 kg,ko,2.75,11.46,,,2.75,3850159121302,HRANA
TUBA FRUTOLINO KRUŠ/MAR 100g,90568390,LINO,0.10 kg,ko,1.39,13.9,,,1.39,3856020248123,HRANA
SLAD GELATISSIMO COOKIE SAND 6x80 ml,90765030,GELATISSIMO,0.29 l,ko,3.99,13.85,,,3.99,3850334106483,HRANA
ŠTRUDLA JABUKA/CIMET 250 g LASTA,90850753,LASTA,0.25 kg,ko,2.39,9.56,,,2.39,3870128039322,HRANA
MANGO SEEBERGER SUHI 100g,90705720,SEEBERGER,0.20 kg,ko,3.79,18.95,,,3.79,4008258276006,HRANA
PRŠUT DALMATINSKI BK 1/2 VOŠTANE,90080342,VOŠTANE,1.00 kg,kg,33.99,33.99,,,33.99,3858889491931,HRANA
TORTELLONI PRŠUT 250g CA PRICCI,90702767,CA PRICCI,0.25 kg,ko,1.69,6.76,,,1.69,8003427012153,HRANA
FANOLICE ZA NAJDRAŽE 730g FANOLA,90732631,FANOLA,0.73 kg,ko,7.29,9.99,,,6.49,3859888257030,HRANA
FANT LOVAČKI UMAK 40g PODRAVKA,04160711,FANT,0.04 kg,ko,1.19,29.75,,,1.09,3850104036590,HRANA
JELO U ČAŠI JAPANSKI CURRY 90g AJINOMOTO,90483154,AJINOMOTO,0.09 kg,ko,1.89,21,,,1.89,5901384504854,HRANA
VAFL NAPOLITANKA KAKAO PRELJ 200g ,90670032,OPP NAPOLITANKE,0.20 kg,ko,1.79,8.95,,,1.59,3857500120021,HRANA
BRAŠNO RAŽENO T-1250 900g FARINA,90674713,FARINA,0.90 kg,ko,1.39,1.54,,,1.39,3858887101351,HRANA
PROSCIUTTO COTTO 120 g NAR SPECIAL MOMENTS,90825725,SPECIAL MOMENTS,0.12 kg,ko,2.39,19.92,,,2.39,3850334429414,HRANA
SIR TVRDI SNACK MR BOKUNIĆ 100g,90432975,PAŠKA SIRANA,0.10 kg,ko,2.39,23.9,,,2.19,3859892884789,HRANA
PAPAR CRNI ZRNO VREĆICA VEGETA MAESTRO 15 g,90282181,VEGETA MAESTRO,0.02 kg,ko,1.49,99.33,,,1.49,3850104294419,HRANA
KRVAVICA VAC SLJEME PIK VRBOVEC,02038124,SLJEME,1.00 kg,kg,4.99,4.99,,,4.99,3850139330199,HRANA
MASLINE ZELENE 350g/ 200g PODRAVKA,90187710,PODRAVKA,0.20 kg,ko,2.79,13.95,,,2.79,3850104279270,HRANA
NAMAZ HUMMUS ITALIANO 200g RIBELLA,90403176,RIBELLA,0.20 kg,ko,,11.25,2.25,2.25,2.25,8606011890030,HRANA
CROISSANT 7DAYS MIDI VAN COOKIES 60g,90360278,CHIPITA,0.06 kg,ko,0.86,14.33,,,0.86,7622201391614,HRANA
KOLAČ OBLATNE MIX 450g SUNCE,90703983,SUNCE,0.45 kg,ko,6.99,15.53,,,6.99,3859892656805,HRANA
KIKIRIKI VREĆICA 125g NUTLINE,90607715,CHIO,0.13 kg,ko,1.79,14.32,,,1.79,3856021305214,HRANA
SLAD MOCHI ČOKO LITTLE MOONS 6x32g,90704573,LITTLE MOONS,0.19 kg,ko,6.99,36.41,,,6.99,5027324002928,HRANA
RIŽA BASMATI 500g GALLO,04060070,RISO GALLO,0.50 kg,ko,3.59,7.18,,,3.59,8001420002744,HRANA
NAMAZ FINESS DUO LJEŠ MLIJ MAXX 900g,90851041,FINESSE,0.90 kg,ko,,3.76,3.38,3.99,3.99,8605028614745,HRANA
BOMBON KOMPRIMAT VAU VAU 20g,04195225,CEDEVITA,0.02 kg,ko,1.29,64.5,,,1.19,3850322000564,HRANA
PLOČICA KIKIR MED 50g NUTTY ,90708070,NUTTY BARICA,0.05 kg,ko,2.39,47.8,,,2.39,3857500109606,HRANA
DESERT DUPLO KINDER T2 36.4g,90392986,FERRERO,0.04 kg,ko,1.09,29.94,,,0.99,4008400305424,HRANA
BOMBONI TOFFIX KARAMELE MIX 300g,90698395,ELVAN,0.30 kg,ko,1.99,6.63,,,1.99,8693029030091,HRANA
DESERT M&M CRISPY 77 g,90770611,MARS,0.08 kg,ko,2.25,29.22,,,2.25,5000159562263,HRANA
TUBA VOĆNA HIPP JAB BAN MAL ŽIT 100g,90290035,HIPP,0.10 kg,ko,1.35,13.5,,,1.35,4062300278608,HRANA
MEDENJACI FINESSE ČOKO MARELICA 150g,90825501,FINESSE,0.15 kg,ko,1.19,7.93,,,1.19,3850334420381,HRANA
KREKER RIŽA ACTIVE ZONE 120 g,90779998,ACTIVE ZONE,0.12 kg,ko,,6.58,0.79,0.99,0.99,3838900837436,HRANA
MJEŠAVINA SKANDINAVIJA 480 g LEDO,90825001,LEDO,0.48 kg,ko,3.99,8.3,,,3.99,3850116065267,HRANA
KRUPICA PŠENIČNA 1kg MLINETA,90033646,MLINETA,1.00 kg,ko,1.15,1.15,,,1.15,3859888419032,HRANA
SIR TVRDI OVČJI OVIDUR 2.5kg VINDIJA,02055066,Z BREGOV,1.00 kg,kg,34.99,34.99,,,29.99,3850108053722,HRANA
SIR MEKI BRIE FRANC 200g EUROS,90083566,FRENCHI,0.20 kg,ko,3.39,16.95,,,3.39,5902431270166,HRANA
TIJESTO K PLUS REFIOLI PREMIUM 500g,90072952,K PLUS,0.50 kg,ko,,1.98,0.99,1.39,1.39,3850334363282,HRANA
KAVA CLAS ESP NS 10/1 57g LAVAZZA,90725313,LAVAZZA,0.06 kg,ko,5.79,101.58,,,5.59,8000070053625,HRANA
ŠUNKA PUREĆA DALMATINKA NAR 100g,90732789,VINDON,0.10 kg,ko,2.59,25.9,,,2.59,3850159128936,HRANA
BOMBON GUM KIKI SOUR WORMS 180g KRAŠ,90704692,KIKI,0.18 kg,ko,2.29,12.72,,,2.29,3850102006649,HRANA
KROASAN SUNNY MINI KAKAO ČOK 60g,90705759,SUNNY,0.06 kg,ko,0.59,9.83,,,0.59,3850334043221,HRANA
ČAJ UVIN INST 180g NATURAVITA,90213019,NATURAVITA,0.18 kg,ko,6.69,37.17,,,5.89,3858884090719,HRANA
KURKUMA 50g BOČ KOTANY,04100643,KOTANYI,0.05 kg,ko,3.19,63.8,,,3.19,9001414040171,HRANA
PAH FITNESS FRUITS NESTLE 375g,90087406,NESTLE ŽITAR,0.38 kg,ko,4.99,13.31,,,4.69,7613034608628,HRANA
KEKS FINESSE LIMUN BIJELA ČOK 150g,90730973,FINESSE,0.15 kg,ko,2.19,14.6,,,2.19,3838900830178,HRANA
KOMPOT ANANAS KOL GARDEN G 340g,90720075,GARDEN GOOD,0.34 kg,ko,,4.38,1.49,1.99,1.99,3850334062963,HRANA
KEKS OREO RASPBERRY&VANILLA 157g,90599708,OREO,0.16 kg,ko,2.19,13.95,,,2.19,7622201505059,HRANA
OCAT BALZAMSKI 0.25L PONTI,03120001,PONTI,0.25 l,ko,2.49,9.96,,,2.49,80522621,HRANA
UMAK SWEET&SOUR SQUEEZE 250ML DEVELEY,90140646,DEVELEY,0.25 l,ko,2.99,11.96,,,2.99,4006824000970,HRANA
UMAK PESTO GENOVESE 135g PONTI,90069092,PONTI,0.14 kg,ko,3.29,24.37,,,3.29,8001010033721,HRANA
BOMB SKITTLLES FRUITS VREĆ 152 g,90770872,WRIGLEY,0.15 kg,ko,2.55,16.78,,,2.55,4009900482967,HRANA
TUBA FRUTOLINO VOĆE/ZOB 100g,90568463,LINO,0.10 kg,ko,1.39,13.9,,,1.39,3856020248154,HRANA
PLATA ISTARSKA 8 OSOBA KONZUM,90204839,,0.83 kg,ko,19.91,23.89,,,19.91,,HRANA
ORAH BRAZILSKI EUROCOMPANY 125g,90286917,EUROCOMPANY,0.13 kg,ko,5.29,42.32,,,3.29,3872084007926,HRANA
VOĆNE KUGLICE DAT KAK LJEŠ 144g FITFIT,90675278,FIT&FIT,1.00 ko,ko,4.49,4.49,,,4.49,8681917255831,HRANA
AJVAR BLAGI 300g GURMANO,90732547,GURMANO,0.30 kg,ko,5.69,18.97,,,5.69,5319991599376,HRANA
TIROLSKA KOBASICA 125g NAR GAVRILOVIĆ,90428329,GAVRILOVIĆ,0.13 kg,ko,1.95,15.6,,,1.95,3858890203219,HRANA
VANILIN ŠEĆER 8g DOLCELA,90703048,DOLCELA,0.01 kg,ko,0.2,25,,,0.1,3856020258511,HRANA
ULJE MASLIN BIJELI TARTUF 100ML,90039052,ZIGANTE,0.10 l,ko,9.99,99.9,,,9.99,3859892291884,HRANA
SEZAM 150g NATURA,90311342,NATURA,0.15 kg,ko,1.55,10.33,,,1.55,3859891427680,HRANA
FLIPS TIP TOP CUBICS 2X100 g,90887139,TIP TOP,0.20 kg,ko,2.49,12.45,,,2.49,3856021307430,HRANA
JUN BIFTEK MARTINJAK,90729681,,1.00 kg,kg,39.49,39.49,,,38.09,3859893702600,HRANA
BAKALAR MANTECATO CLASSIC 150g ALDEN,90570611,ALDEN,0.15 kg,ko,4.09,27.27,,,4.09,3859891792832,HRANA
MLIJEKO UHT 2.8% M.M. 0.5L KRAVICA,90713394,KRAVICA KRALJICA,0.50 l,ko,1.09,2.18,,,1.09,3856015328892,HRANA
BISKVIT JAFFA CHOCO MILK 158g,90428077,JAFFA,0.16 kg,ko,1.39,8.8,,,1.29,8600114009931,HRANA
FRITESI GLUTEN FREE 600 g VINDIJA,90825186,CEKIN,0.60 kg,ko,,11.66,6.98,8.29,8.29,3850159141119,HRANA
TJESTENINA U VREĆICI PILETINA 121g MAGGI,90814898,MAGGI,0.12 kg,ko,3.19,26.36,,,3.19,8585002442734,HRANA
TARALLI DULCETTI CLASSIC 300 g,90851026,DULCETTI,0.30 kg,ko,,4.77,1.43,1.79,1.79,3850334431264,HRANA
KEKS DOMAĆICA ORIGINAL VR 170 g,90875330,DOMAĆICA,0.17 kg,ko,1.99,11.71,,,1.99,3850102014613,HRANA
COOKIE BAKED 75g CHOCOLATE,90344829,POLLEO,0.08 kg,ko,2,26.67,,,2.99,5055936839540,HRANA
PRALINE I LOVE MILKA HAZELNUT SRCE 44g,90745666,MILKA,0.04 kg,ko,2.99,67.95,,,2.99,7622202032790,HRANA
VOĆNI NAMAZ MIJEŠANI SUNNY 700g,90360216,SUNNY,0.70 kg,ko,,4.27,2.99,2.99,2.99,3850334153005,HRANA
KUGLICE VOĆ ŠLJI DAT ACTIVE ZONE 144 g,90749755,ACTIVE ZONE,0.14 kg,ko,2.79,19.37,,,2.79,8605028609567,HRANA
CAPP NES ORIG MANJE ŠEĆERA 125G KUT,90442879,NESCAFE,0.13 kg,ko,,23.92,2.99,4.19,2.99,7613037084696,HRANA
ŠEĆER TAMNI MUSCO 500g ENCIAN,04120027,ENCIAN,0.50 kg,ko,3.49,6.98,,,3.99,3859889425063,HRANA
MAHUNA ŽUTA FRESCO 400g L LEDO,02361585,FRESCO,0.40 kg,ko,1.6,4,,,1.79,3850116876351,HRANA
CAPPUCCINO NESCAFE IRISH 8/1 112 g,90869937,NESCAFE,0.11 kg,ko,,26.7,2.99,3.99,2.99,8445291532236,HRANA
GRAH S KOBASICOM MINUTE 400g,90735132,MINUTE,0.40 kg,ko,,5.73,2.29,2.69,2.69,3850334070265,HRANA
KOBASICA EXTRA 360g KUDELIĆ,90731683,KUDELIĆ,0.36 kg,ko,4.19,11.64,,,3.79,3859891672738,HRANA
JUHA DOMAĆA MESNA 62g PODRAVKA,90730831,PODRAVKA,0.06 kg,ko,1.39,22.42,,,1.39,3856020262952,HRANA
SLAD KORNET TIRAMISU 110 ml LEDO,90885773,LEDO,0.11 l,ko,1.79,16.27,,,1.79,3850116065946,HRANA
PAHULJ LINO CRUNCH VR PODR 500g,90059724,LINO,0.50 kg,ko,4.99,9.98,,,4.99,3850104263521,HRANA
PAŠTETA JETRENA K PLUS 95G LO,90153733,K PLUS,0.10 kg,ko,0.85,8.95,,,0.85,3850334524478,HRANA
BOMBON KAR KIKI PUNI JAGO TWIST 90 g,90915026,KIKI,0.09 kg,ko,,11,0.99,1.29,1.29,3850102015412,HRANA
SIR NAM ABC MEDITERAN 100 g,90904835,ABC,0.10 kg,ko,1.35,13.5,,,1.35,3850257061890,HRANA
PIL BATAK I ZABATAK NA POD VINDIJA,02431376,CEKIN,1.00 kg,kg,5.49,5.49,,,5.49,3850159110054,HRANA
DESERT MILKY WAY 21.5g,04221408,MARS,0.02 kg,ko,0.79,36.74,,,0.79,5000159550567,HRANA
SLAD GELATISSIMO COOL PARTY 10x75 ml,90769680,GELATISSIMO,0.29 l,ko,3.79,13.15,,,3.79,3838900837375,HRANA
SALATA FRANCUSKA 500g ZVIJEZDA,02202141,ZVIJEZDA,0.50 kg,ko,4.49,8.98,,,4.49,3856015300331,HRANA
MLIJEKO ZAMJ APTAMIL 2 PRONUTRA 800g,90303522,APTAMIL,0.80 kg,ko,21.99,27.49,,,21.99,4056631001240,HRANA
PLJESKAVICA PUNJENA ŠUN I SIR 465g PPK,90499171,PPK,0.47 kg,ko,5.19,11.16,,,4.59,3858890186512,HRANA
MJEŠAVINA QUINOA 400g LEDO,90378067,LEDO,0.40 kg,ko,2.99,7.48,,,2.99,3850116034041,HRANA
ŠEĆER LIMUN DOLCELA 10g 3PAK    ,90114752,DOLCELA,0.01 kg,ko,0.89,89,,,0.69,3850104272103,HRANA
VAFL LOACKER MINIS WINTER MIX 120g,90830445,LOACKER,0.12 kg,ko,1.5,12.5,,,1,8000380214389,HRANA
DRESSING FRENCH 75ml VREĆ DEVELEY TR,01491292,DEVELEY,0.08 l,ko,0.79,10.53,,,0.79,4006824008013,HRANA
VEGAN COOKIE BAKED 75G CHOCOLATE CHIP,90674564,POLLEO,0.08 kg,ko,2.49,33.2,,,2.49,3856026804378,HRANA
AJVAR DOMAĆI LJUTI 290g DOORA,90765132,DOORA,0.29 kg,ko,5.59,19.28,,,5.59,3858894540495,HRANA
DŽEM K PLUS EXTRA MALINA MANJE Š 330g,90794840,K PLUS,0.33 kg,ko,,6.03,1.99,2.99,1.99,3850334111821,HRANA
PAHULJ LINO CRUNCH DUO PODR 225g,90059721,LINO,0.23 kg,ko,3.45,15.33,,,3.19,3850104263149,HRANA
KREKER RIŽA SLANI BIO ZONE 120 g,90779986,BIO ZONE,0.12 kg,ko,1.19,9.92,,,1.19,3838900820285,HRANA
ULJE BUČINO SPECIAL MOMENTS 0.25L,90825706,SPECIAL MOMENTS,0.25 l,ko,2.5,10,,,5.99,3850334428592,HRANA
MEDALJONI BROKULA O'PLANT 400g,90704585,O PLANT,0.40 kg,ko,3.99,9.98,,,3.99,3856020261269,HRANA
LISTOVI SVJ ZA LASAGNE 250g AURELIA,90570625,AURELIA,0.25 kg,ko,2.19,8.76,,,2.19,3859893533563,HRANA
ZAČIN CIMET VR.70g VEGETA MAESTRO,90599242,VEGETA MAESTRO,0.07 kg,ko,2.69,38.43,,,2.69,3856020203092,HRANA
JUNETINA MLJEVENA,02403748,KONZUM,1.00 ko,ko,10.69,10.69,,,10.69,,HRANA
KAŠICA FRUTEK MAREL KRUŠ 120g,03140007,FRUTEK,0.12 kg,ko,1.25,10.42,,,1.25,3838945502979,HRANA
PIRE VOĆNI  JAB KRUŠ KIWI 200 g BB,90800609,BOOM BOX,0.20 kg,ko,,8.45,1.69,2.19,1.99,3856027801307,HRANA
SENDVIČ TUNJEVINA PAK 230g MLINAR,90325413,MLINAR,0.23 kg,ko,3.69,16.04,,,3.49,3858881124493,HRANA
GRAŠAK BONDUELLE LIM 265g,01550053,BONDUELLE,0.27 kg,ko,1.99,7.51,,,1.99,3083680047364,HRANA
KIKIRIKI HRUSTY PAPRIKA SUHO PRŽ 150g,90493301,HRUSTY,0.15 kg,ko,1.19,7.93,,,1.19,3838900988046,HRANA
ČOKOLADA MILKA MILKINIS 100g,90829852,MILKA,0.10 kg,ko,2.49,24.9,,,2.49,7622300041496,HRANA
SNACK VOĆ JAB/BAN/KEKS 100g NUTRINO,90825371,NUTRINO,0.10 kg,ko,1,10,,,1.19,8606019651558,HRANA
MAESTRO MAHUN ŽITARICE EC MIX 500g,90312143,EUROCOMPANY,0.50 kg,ko,2.19,4.38,,,2.19,3872084000934,HRANA
TJESTENINA GOVEDINA CUP 60g SAIKEBON,90325225,SAIKEBON,0.06 kg,ko,1.49,24.83,,,1.49,8000050019436,HRANA
TJESTENI U ČAŠI SWEET CHILLY  75g MAGGI,90483136,MAGGI,0.08 kg,ko,2.09,27.87,,,2.09,8445291260054,HRANA
BOMBON ŠUMI JABUKA 100g ŽITO,04196761,ŠUMI,0.10 kg,ko,1.39,13.9,,,1.39,3838700040432,HRANA
SIR TVRDI OLD AMST REZ 150g VELDZUYZEN,02055427,VELDHUYZEN,0.15 kg,ko,5.19,34.6,,,4.99,8717545620236,HRANA
TIJESTO FUSILLI 34 500g DE CECCO,04050312,DE CECCO,0.50 kg,ko,2.79,5.58,,,2.79,8001250120342,HRANA
KOMPOT VOĆNI MIX 250g DEL MONTE,90623153,DEL MONTE,0.25 kg,ko,2.29,9.16,,,2.29,024000024675,HRANA
BOMBON IBON 1000g ELVAN,90648048,ELVAN,1.00 kg,ko,6.29,6.29,,,6.29,8693029604353,HRANA
TIJESTO TAGLIATELLE PIR 400g SIMPLY PASTA,90735124,SIMPLY PASTA,0.40 kg,ko,,3.23,1.29,1.59,1.59,3838900831977,HRANA
KAVA MUST CORTADO DG 16/1 102.4g,90553368,MUST,0.10 kg,ko,5.69,55.57,,,5.29,8056370761340,HRANA
PRIPRAVAK ZA ŠLAG HOPLA 200ml,90303681,HOPLA,0.20 l,ko,1.29,6.45,,,1.13,8000005048504,HRANA
REZANCI SITNI 400g LAURA PTO,90412466,LAURA,0.40 kg,ko,2.15,5.38,,,2.15,3859893592041,HRANA
UMAK RAJČICA SIR RICOTTA 400g BARILL,01490223,BARILLA,0.40 kg,ko,,7.48,2.99,4.69,4.69,8076809521543,HRANA
PAŠTETA KOKOŠJA 50g K PLUS,90335285,K PLUS,0.05 kg,ko,0.49,9.8,,,0.5,3850334325709,HRANA
SAVIJAČA ŠPINAT 600 g MINUTE,90810837,MINUTE,0.60 kg,ko,,2.82,1.69,1.69,2.29,3850334429841,HRANA
KROASAN SUNNY MIDI VANILI 50g,90705709,SUNNY,0.05 kg,ko,0.49,9.8,,,0.49,3850334043184,HRANA
ČIPS TORTILLA CHIO ORIGINAL 110g,90669555,CHIO,0.11 kg,ko,1.99,18.09,,,1.99,4001242106334,HRANA
ČAJ EARL GREY TWININGS 50g,04095846,TWININGS,0.05 kg,ko,4.51,90.2,,,4.51,0070177077563,HRANA
MAJONEZA THOMY 85g TUBA,90395762,THOMY,0.09 kg,ko,1.59,18.71,,,1.59,7613287084620,HRANA
SOL KAMENA 5kg TUZLA,04110552,TUZLA,5.00 kg,ko,2.69,0.54,,,2.45,3870009000328,HRANA
ZAČIN GRILL CLASSIC 100g VEGETA NATUR,90599380,VEGETA NATUR,0.10 kg,ko,1.79,17.9,,,1.79,3856020251611,HRANA
PAPRIKA SLATKA MLJ VR 50g VEGETA MAESTRO,90282097,VEGETA MAESTRO,0.05 kg,ko,0.99,19.8,,,0.99,3850104294594,HRANA
BAKE ROLLS ČEŠNJAK 80g,04141124,CHIPITA,0.08 kg,ko,0.82,10.25,,,0.82,7622202016479,HRANA
MLIJEKO ČOK OKUS BIJ ČOK 0.5L DUKAT,90363178,DUKAT,0.50 l,ko,,2.78,1.39,1.69,1.39,3850354014652,HRANA
SLAD CARTE D'OR SCHWARZWALD 825ML,90785144,ALGIDA CD OR,0.83 l,ko,7.99,9.68,,,7.99,8711327617575,HRANA
KRUMPIR 1 kg BIO ZONE,90810467,BIO ZONE,1.00 kg,ko,1.99,1.99,,,2.49,3856028689348,HRANA
SIR POLUTVRDI NAREZ 140g LEERDAMMER,90770428,LERRDAMMER,0.14 kg,ko,3.49,24.93,,,3.49,8721800401294,HRANA
FERRERO ROCHER CUBETTO T6 75g,90571864,FERRERO,0.08 kg,ko,1.5,20,,,1.5,8000500160466,HRANA
MJEŠAVINA HELJDA I BROKULA 350g,90669496,LEDO,0.35 kg,ko,2.99,8.55,,,2.99,3850116057774,HRANA
KEKS JIMMY ČOKOLADA 145g,90770539,JIMMY FANTASTIC,0.15 kg,ko,2.69,18.55,,,2.69,8600939843468,HRANA
KULEN NAREZAK 100g DOBRO,90390910,DOBRO,0.10 kg,ko,2.79,27.9,,,2.79,3850133809462,HRANA
SALATA PILETINA PIKANT 160g ARGETA ,90825318,ARGETA,0.16 kg,ko,4.19,26.19,,,4.19,3838471055499,HRANA
PECIVO PET KOMADA 300g        KLARA,04010223,KLARA,0.30 kg,ko,1.45,4.83,,,1.35,3858881321304,HRANA
PIŠKOTE MANNER 200g,04390321,MANNER,0.20 kg,ko,3.69,18.45,,,3.69,9000331608013,HRANA
PAŠTETA PAČJA KONJAK 100g GAVRILOVIĆ,90849775,GAVRILOVIĆ,0.10 kg,ko,3.99,39.9,,,3.99,3858892726686,HRANA
ŠTRUDLA SPECIAL M ČOKO MALINA 145 g,90880144,SPECIAL MOMENTS,0.15 kg,ko,1,6.9,,,1.29,3850334437112,HRANA
AJVAR DOMAĆI BLAGI 290g DOORA,90765122,DOORA,0.29 kg,ko,5.59,19.28,,,5.59,3858894540488,HRANA
ČOKOLADA RITTER RUM/LJEŠNJ/GROŽĐ 100g,90406053,RITTER SPORT,0.10 kg,ko,2.39,23.9,,,1.79,4000417012005,HRANA
MLIJEKO ZAMJENSKO NAN HA 400g,90406776,NAN,0.40 kg,ko,11.49,28.73,,,11.49,7613036056434,HRANA
SIR NAM PHILADELPHIA ZAČINI 175g KRAFT,90707937,PHILADELPHIA,0.18 kg,ko,3.49,19.94,,,3.49,7622300756413,HRANA
PROTEIN PROSERIES COOKIE 85g WHITE CHOC,90344618,POLLEO,0.09 kg,ko,2.99,35.18,,,2.99,3859893008849,HRANA
KAVA MUST MACCHIATO DG 16/1 144g,90386155,MUST,0.14 kg,ko,5.69,39.51,,,5.29,8056370761487,HRANA
KAŠA HELJDA 500g BIO ZONE,90225661,BIO ZONE,0.50 kg,ko,,4.78,2.39,2.99,2.99,3838900841174,HRANA
SLAD CARTE D'OR BLUEBERRY DREAM 825 ml,90765372,CARTE D OR,0.83 l,ko,7.99,9.68,,,7.99,8711327617841,HRANA
GRAŠAK 450g DUKAT,90350729,DUKAT,0.45 kg,ko,1.59,3.53,,,1.59,3850354013730,HRANA
 PUDING BOROVNICA  PREM 40g DOLCELA,90484287,DOLCELA,0.04 kg,ko,0.99,24.75,,,0.99,3856020248000,HRANA
FRITESI PANIRANI PILEĆI 350g SVJ,02435507,CEKIN,0.35 kg,ko,,15.11,5.29,5.29,5.29,3850159140471,HRANA
KEKS ČAJNI KOLUTIĆI 750g LASTA,90704636,LASTA,0.75 kg,ko,2.59,3.45,,,3.32,3870128029996,HRANA
KAVA INTENSO NS 10/1 50g HAUSBRANDT,90443055,HAUSBRANDT,0.05 kg,ko,4.29,85.8,,,3.71,8006980281059,HRANA
TIJESTO ŠIROKE LAZANJE 500g KLARA M,04050510,KLARA M,0.50 kg,ko,4.79,9.58,,,4.39,3859888499027,HRANA
JELEN GULAŠ 450g NIMROD,90350674,NIMROD,0.45 kg,ko,7.3,16.22,,,7.3,3830034366080,HRANA
TUBA FRULLÀ BIO JAB/MAN/BAN 100g,90734715,FRULLA,0.10 kg,ko,0.89,8.9,,,0.89,8024985012362,HRANA
INĆUN JADRANSKI  PANIRANI FILETI 250g,90453064,PELAGOS,0.25 kg,ko,3.99,15.96,,,3.99,3859893545580,HRANA
UMAK RAJČICA I BOSILJAK GENOVESE 400g MUTTI,90704975,MUTTI,0.40 kg,ko,1.5,3.75,,,3.19,8005110517006,HRANA
TIJESTO PENNE PIR 500g SIMPLY PASTA,90735120,SIMPLY PASTA,0.50 kg,ko,,2.58,1.29,1.59,1.59,3838900831953,HRANA
KAVA MUST RISTRETTO NS 10/1 50g,90307015,MUST,0.05 kg,ko,3.49,69.8,,,3.15,8056370761036,HRANA
POMMES FRITES MINUTE 2.5Kg,90478410,MINUTE,2.50 kg,ko,5.69,2.28,,,5.69,3858884500010,HRANA
REZANCI 400g LAURA PTO,90412465,LAURA,0.40 kg,ko,2.15,5.38,,,2.15,3859893592010,HRANA
TIJESTO PENNE 47 500g PASTA ZARA,04050183,PASTA ZARA,0.50 kg,ko,1.59,3.18,,,1.59,8004350130471,HRANA
DŽEM JAGODA 420g DOORA,01500025,DOORA,0.42 kg,ko,2.79,6.64,,,2.79,3858894541225,HRANA
KAŠICA HIPP ML LN BANANA 190g,03140043,HIPP,0.19 kg,ko,1.69,8.9,,,1.69,9062300133025,HRANA
TIJESTO ISTARSKE LAZANJE No.10 250g KLARA MARIĆ,90603049,KLARA M,0.25 kg,ko,2.59,10.36,,,2.25,3859888499843,HRANA
SIRNI NAMAZ PIKANT 150g ZDENKA,02398990,ZDENKA,0.15 kg,ko,2.29,15.27,,,2.29,3858888596958,HRANA
MLIJEKO ZAMJ HIPP 2 BIO 600g,90054342,HIPP,0.60 kg,ko,11.99,19.98,,,11.99,4062300355422,HRANA
 PASTA POVRĆE TUBA 190g PODRAVKA,90730903,PODRAVKA,0.19 kg,ko,1.99,10.47,,,1.99,3856020263416,HRANA
SIR TVRDI OLD AMSTERDAM 150g VELDHUYZEN,90052301,VELDHUYZEN,0.15 kg,ko,4.19,27.95,,,3.99,8717545623077,HRANA
ČAJ KAMILICA 20X1g NATURAVITA,90212952,NATURAVITA,0.02 kg,ko,,61.5,1.23,1.55,1.55,3858884090528,HRANA
KIKIRIKI HRUSTY PRŽENI SLANI 100 g,90749994,HRUSTY,0.10 kg,ko,0.89,8.9,,,0.89,3850334415134,HRANA
FANT ZA ZAPEČ PILETINU  4 SIRA 40G PODRAV,90403260,FANT,0.04 kg,ko,1.39,34.75,,,1.39,3856020236502,HRANA
KAVA MUST NAPOLI NS 10/1 50g,90494636,MUST,0.05 kg,ko,3.49,69.8,,,3.15,8056370761043,HRANA
BRUSNICA SUHA 200G NATURA,90850595,NATURA,0.20 kg,ko,3.29,16.45,,,3.29,3859892798468,HRANA
PIRE VOĆ JAB BIO 100g FRULLA,90705136,FRULLA,0.10 kg,ko,1.19,11.9,,,1.19,8024985000833,HRANA
RIŽINI REZANCI 225g MAMA,90713895,MAMA,0.23 kg,ko,2.89,12.84,,,2.89,8851876201549,HRANA
CDO SLADOLED LEMON PIE 825ml,90785142,ALGIDA CD OR,0.46 l,ko,7.99,17.5,,,7.99,8711327617407,HRANA
KEKS DIGESTIVE CLASSIC 400g GULLON,90569780,GULLON,0.40 kg,ko,2.39,5.98,,,2.39,8410376016789,HRANA
MED LIPA 720g DOMED,90698382,DOMED OBRT,0.72 kg,ko,11.99,16.65,,,11.99,3859893707100,HRANA
KAVA MUST LUNGO NS 10/1 50g,90494633,MUST,0.05 kg,ko,3.49,69.8,,,3.15,8056370761050,HRANA
PAPAR CRNI MLJEVENI 50 g SPICE CHEF,90770540,SPICE CHEF,0.05 kg,ko,0.79,15.8,,,0.79,3850334100801,HRANA
 TJEST. FETTUCCINE 8 JAJ 400g ZLATOPOLJE ,90571912,ZLATO POLJE,0.40 kg,ko,2.69,6.73,,,2.69,3838700010480,HRANA
MEDALJONI VEGAN GARDEN GOURMET 300g,90598344,GARDEN GOURMET,0.30 kg,ko,5.49,18.3,,,5.49,7613287745705,HRANA
MARELICA SUHA VEDRINI 250 g,90850507,VEDRINI,0.25 kg,ko,2.69,10.76,,,2.79,3859890630388,HRANA
PISTACIO SUHO PRŽENI SLANI HRUSTY 75g,90363785,HRUSTY,0.08 kg,ko,2.09,27.87,,,1.89,3850334154200,HRANA
PAPAR CRNI MLJEVENI 50g  FRANCK,04100346,FRANCK,0.05 kg,ko,1.89,37.8,,,1.89,3858881083103,HRANA
KURKUMA MLJEVENA 35G KOTANYI,90185494,KOTANYI,0.04 kg,ko,1.29,36.86,,,1.29,9001414104316,HRANA
RAJČICA PELAT 400g BIO ZONE ,90599657,BIO ZONE,0.40 kg,ko,1,2.5,,,1.29,3838900807286,HRANA
TARTUFI I ŠAMPINJONI 180g ZIGANTE,01600106,ZIGANTE,0.18 kg,ko,9.29,51.61,,,9.29,3859889179423,HRANA
RAHAT LOKUM ORAH 180g ADRIA,90705494,ADRIA,0.18 kg,ko,1.35,7.5,,,1.35,3858890261868,HRANA
UMAK PAD THAI 65g MAGGI,90769815,MAGGI,0.07 kg,ko,1.79,27.54,,,1.79,8445291189409,HRANA
NEG PIĆE FRUCTAL CLASSIC NARANČA 2L,90698017,FRUCTAL,2.00 l,ko,2.19,1.1,,,2.19,3838945041010,PIĆE
CIDER SOMERSBY MANGO LIMETA 0.5L LIM,90607711,SOMERSBY,0.50 l,ko,1.79,3.58,,,1.79,3858887584185,PIĆE
CIDER SOMERSBY MANGO LIMETA 0.33L NB,90607713,SOMERSBY,0.33 l,ko,1.65,5,,,1.65,3858887583683,PIĆE
NEKTAR VINDI JABUKA 1L,03140290,VINDI,1.00 l,ko,1.59,1.59,,,1.59,3850108078756,PIĆE
PIVO ZLATNI MEDVJED 0.5L CYRKON,90150816,MEDVEDGRAD,0.50 l,ko,2.05,4.1,,,2.05,3857500003256,PIĆE
BOLERO CLASSIC JAGODA 9g,90325848,BOLERO,0.01 kg,ko,0.89,98.89,,,0.89,3800048200212,PIĆE
VINO MALVAZIJA 1L KK ISTRAVINO,90311361,LAGUNA,1.00 l,ko,7.55,7.55,,,7.55,3858881193321,PIĆE
NAPITAK HELL CLASSIC 4PACK 0.25L,90759793,HELL,1.00 l,ko,2.99,2.99,,,0.7,5999884034193,PIĆE
PIVO BAVARIA 0.5L PREMIUM LIM BAVARI,03040039,BAVARIA,0.50 l,ko,1.59,3.18,,,1.55,8600105004013,PIĆE
SIRUP MENTA 470ml KAPRONCA,90410441,KAPRONCA,0.47 l,ko,6.29,13.38,,,6.29,3859892896218,PIĆE
PIVO 5TH ELEMENT GERWEISS 0.5L NB,90298339,5TH ELEMENT,0.50 l,ko,2.05,4.1,,,2.05,3859892222994,PIĆE
NEKTAR MOJ DAN NARANČA 2L,90513368,MOJ DAN,2.00 l,ko,,0.7,1.39,1.79,1.39,3850334411907,PIĆE
PIVO GUINNESS TAMNO 0.44L LIM,03040056,GUINNESS,0.44 l,ko,2.69,6.11,,,2.65,5000213101872,PIĆE
VINO MALVAZIJA PLANTAŽE 0.75 L,90874728,PLANTAŽE,0.75 l,ko,12.49,16.65,,,12.49,3899003002213,PIĆE
CIDER SOMERSBY KRUŠKA 0.5L LIM,90607839,SOMERSBY,0.50 l,ko,1.79,3.58,,,1.79,3858887583850,PIĆE
PIĆE NEGAZ CAPPY LEMONADE 0.4L PET,90407736,CAPPY,0.40 l,ko,1.19,2.98,,,1.19,5449000275639,PIĆE
PIVO KARLOVAČKO 0.0% 0.5L POV,90295806,KARLOVAČKO,0.50 l,ko,1.19,2.38,,,1.19,3850103901196,PIĆE
NEG PIĆE FRUC LIMUNADA 1.5 L,90889978,FRUCTAL,0.50 l,ko,1.89,3.78,,,1.89,3838945043359,PIĆE
GAZ PIĆE COCA COLA 2X2L SUPER PONUDA,90078658,COCA COLA,4.00 l,ko,4.49,1.12,,,4.45,5449000059338,PIĆE
LIKER MATISS PINA COLADA 0.7L,90360745,FRUCTAL,0.70 l,ko,12.05,17.21,,,12.05,3838945029582,PIĆE
PIVO STELLA ARTOIS 4PACK LIM 0.5L,90330621,STELLA ARTOIS,2.00 l,ko,6.39,3.2,,,6.15,3850131483374,PIĆE
SOK 100% MOJ DAN JABUKA 1L,90683067,MOJ DAN,1.00 l,ko,,1.35,1.35,1.59,1.29,3850334020840,PIĆE
LEDENI ČAJ JANA BRESKVA 1.5L,03169973,JANA,1.50 l,ko,1.69,1.13,,,1.69,3858884601045,PIĆE
NAPITAK ISO SPORT AZZURRO NEG. 0.5L,90672901,ISO SPORT,0.50 l,ko,1.29,2.58,,,1.29,3850108073188,PIĆE
RAKIJA TRAVA RICA V DEGENIJA 1L,90404785,DEGENIJA,1.00 l,ko,13.85,13.85,,,13.85,3859889693127,PIĆE
PIVO KOZEL PREMIUM LIM 0.5L,90232964,ASAHI,0.50 l,ko,1.59,3.18,,,1.59,8594404005782,PIĆE
VINO MALVAZIJA 0.75L FRANC ARMAN,03020803,FRANC ARMAN,0.75 l,ko,13.59,18.12,,,12.55,3859891697021,PIĆE
CEDEVITA LIMUN 900g,90571946,CEDEVITA,0.90 kg,ko,6.69,7.43,,,6.39,3850322015001,PIĆE
PIĆE GAZ PEPSI LIMETA  2L PET,90361518,PEPSI,2.00 l,ko,1.99,1,,,2.05,3830065021132,PIĆE
GAZ PIĆE PIPI MANDARINA-LUBENICA 0.5L,90571833,PIPI,0.50 l,ko,1.15,2.3,,,1.15,3870183100050,PIĆE
LIKER OD ORAHA 0.7L ZVEČEVO,90085640,ZVEČEVO,0.70 l,ko,9.35,13.36,,,9.35,3858894170586,PIĆE
RAKIJA STARA ŠLJIVOVICA 0.1L BADEL,90130361,BADEL 1862,0.10 l,ko,1.75,17.5,,,1.75,3850112121301,PIĆE
VINO ŽDREPČEVA KRV 0.75L STOL ČOKA,03024246,VIN ČOKA,0.75 l,ko,4.29,5.72,,,4.29,8600102938083,PIĆE
SIRUP MARASKA BOROVNICA 1L,90587852,MARASKA,1.00 l,ko,2.99,2.99,,,2.99,3850158105020,PIĆE
VINO MALVAZIJA TERRA VINEA 0.75L,90528188,TERRA VINEA,0.75 l,ko,,5.85,4.39,6.49,4.99,3850334519610,PIĆE
LEDENI ČAJ ŠUMSKO VOĆE 1.5L FUZETEA,90311881,FUZETEA,1.50 l,ko,1.79,1.19,,,1.75,5449000239303,PIĆE
PIVO EFES PILSENER 0.5 L LIM,90814665,EFES,0.50 l,ko,1.49,2.98,,,0.7,8690520019907,PIĆE
PJENUŠAC MONTE CHRISTO 0.75 L,90851061,MONTE CHRISTO,0.75 l,ko,1.5,2,,,1.5,4002391120776,PIĆE
NAPITAK RED BULL 0.25L,03163559,RED BULL,0.25 l,ko,1.69,6.76,,,1.19,9002490100070,PIĆE
VINO MALVAZIJA KOPER 0.75l,90425170,VINA KOPER,0.75 l,ko,9.59,12.79,,,9.59,3830000700122,PIĆE
NEKTAR JABUKA TO 2 L,90890085,TO,2.00 l,ko,2.39,1.2,,,2.39,3858890973839,PIĆE
VINO BLATINA CRNO KV 1L KK,03019105,HERCEGOVINAVINO,1.00 l,ko,4.89,4.89,,,4.19,3870083000559,PIĆE
VINO CHARDONNAY BIANCA 2L PET,90725981,CHARDONAY,2.00 l,ko,5.49,2.75,,,4.75,3859893101748,PIĆE
VODA MINERALNA JANA  5+1 1.5L PET ,90714217,JANA,7.50 l,ko,4.75,0.63,,,1,3858890874082,PIĆE
LEDENI ČAJ FUZETEA BRESKVA RUŽA 0.5L,90572199,FUZETEA,0.50 l,ko,1.25,2.5,,,1.25,5449000270139,PIĆE
VINO PLAVAC DONJA BANDA 0.75L ,90484958,PZ POSTUP,0.75 l,ko,7.39,9.85,,,7.39,3859893014703,PIĆE
LIKER ORAHOVAC 1L MARASKA,03070600,MARASKA,1.00 l,ko,15.05,15.05,,,15.05,3850158406004,PIĆE
VINO PINOT BIJELI 0.75L ILOČKI PODRU,03020077,ILOČKI PODRUMI,0.75 l,ko,7.05,9.4,,,7.05,3859889556507,PIĆE
PELINKOVAC GORKI PLJOSKA 0.2/12 BAD,90462918,BADEL 1862,0.20 l,ko,3.79,18.95,,,3.79,3850112111654,PIĆE
NEKTAR VINDI DISNEY BRESKVA 0.2 L,90826111,VINDI,0.20 l,ko,0.75,3.75,,,0.75,3850108078305,PIĆE
VINO MERLOT PLANTAŽE 0.75L VRH,90296262,PLANTAŽE,0.75 l,ko,6.65,8.87,,,6.65,3899003001025,PIĆE
COCKT RTD OLD PILOT'S VOD SOD 0.25 L,90800766,OLD PILOT S,0.25 l,ko,2.49,9.96,,,2.49,3859894018359,PIĆE
CEDEVITA NARANČA 900g,90571925,CEDEVITA,0.90 kg,ko,6.69,7.43,,,6.39,3850322014981,PIĆE
BOLERO CLASSIC CVIJET BAZGE 9g,90325863,BOLERO,0.01 kg,ko,0.89,98.89,,,0.89,3800048223488,PIĆE
KREMA BAD DUO POWER 80G,90670003,BLEND-A-DENT,0.08 kg,ko,7.59,94.88,,,7.59,8006530000031,KOZMETIKA
SAPUN TEK PALM BLACK ORCHID 300ml,06510247,PALMOLIVE,0.30 l,ko,3.35,11.17,,,3.19,8714789639987,KOZMETIKA
ZP AQF MILD&MINTY 125ML,06530461,AQUAFRESH,0.13 l,ko,2.99,23.92,,,2.99,5054563199645,KOZMETIKA
SAPUN TEK GENERA INTIMO NEVEN I AL VERA 300ml,90312008,GENERA,0.30 l,ko,2.49,8.3,,,2.39,8003693401910,KOZMETIKA
DEO OLD SPICE NIGHT PANTHER 150ml,90598674,OLD SPICE,0.15 l,ko,4.99,33.27,,,4.99,8006540377321,KOZMETIKA
STICK DEO OLD SPICE WHITE 2x50ML,90425032,OLD SPICE,0.10 l,ko,9.49,94.9,,,9.49,8006530049023,KOZMETIKA
KREMA LICE AFRODITA KAMIL HID 50ml,90729662,AFRODITA,0.05 l,ko,12.99,259.8,,,12.99,3830001297683,KOZMETIKA
GEL AXE SUNSET FRESH 400 ml,90885118,AXE,0.40 l,ko,4.99,12.48,,,4.99,8720181598616,KOZMETIKA
GEL TUŠ L'ANGELICA PAMUK 500ml,90341608,L ANGELICA,0.50 l,ko,3.25,6.5,,,3.25,8017331077061,KOZMETIKA
ČETKICA ELMEX UL SOFT 3/1,90363662,ELMEX,3.00 ko,ko,11.89,3.96,,,11.89,8718951188075,KOZMETIKA
SET MELEM KIKI LJUBIČASTI,90895160,MELEM,1.00 ko,ko,9.49,9.49,,,9.49,3856007912962,KOZMETIKA
ŠAMPON AFRODITA MASNA KOSA 320 ml,90771122,AFRODITA,0.32 l,ko,6.99,21.84,,,6.49,3831070661887,KOZMETIKA
GEL TUŠ L'ANG LAV VAN 500 ml,90885490,L ANGELICA,0.50 l,ko,3.25,6.5,,,3.25,8017331102862,KOZMETIKA
DEO REXONA PURE SILV 150ml 2607,06555326,REXONA,0.15 l,ko,4.75,31.67,,,4.75,8712561319171,KOZMETIKA
MIXA MLIJEKO ZA TIJELO OSJET/SUHA 400ML,90115162,MIXA,0.40 l,ko,7.49,18.73,,,7.49,3600551164199,KOZMETIKA
KREMA ZOR MAST MICROBIOT SPF30 50 ml,90775300,ZORINA MAST,0.05 l,ko,16.29,325.8,,,16.29,3859894008480,KOZMETIKA
PATRONE GILL FUSION 12/1,90703269,GILLETTE,12.00 ko,ko,51.09,4.26,,,51.09,8006540986141,KOZMETIKA
48 ZAŠTITNA KREMA ZA LICE I TIJELO 150ML,90299204,ILIRIJA,0.15 l,ko,4.09,27.27,,,3.39,3838980813849,KOZMETIKA
KREMA ZA RUKE OLEA KAMILICA 100ml,90735100,OLEA,0.10 l,ko,,8.9,0.89,1.1,1.19,3850334100146,KOZMETIKA
KREMA COREGA EKSTRA JAKO NEUTRAL 40g,06513703,COREGA,0.04 kg,ko,6.19,154.75,,,6.19,5054563203106,KOZMETIKA
BOJA SYOSS 8/7 MED PLAVA,06544294,SYOSS,1.00 ko,ko,6.99,6.99,,,5.59,9000100633260,KOZMETIKA
ČETKICA ORAL B KIDS 3 21 SOFT,90887402,ORAL B,1.00 ko,ko,3.99,3.99,,,3.99,8700216749497,KOZMETIKA
BALZAM NIVEA PB SENS 100ML,06560148,NIVEA,0.10 l,ko,,79.9,7.99,11.89,11.89,4005808228706,KOZMETIKA
KREMA DJ BECUTAN VITAMINSKA 200ML,06601053,BECUTAN,0.20 l,ko,6.25,31.25,,,6.25,5310001204150,KOZMETIKA
KREMA ČUPKO ZA OSJ KOŽU 125ml,90403540,ČUPKO,0.13 l,ko,2.75,22,,,2.59,3859888495302,KOZMETIKA
ŠAMPON GEL 2U1 MELEM MAN LIM 260 ml,90874860,MELEM,0.26 l,ko,3.89,14.96,,,3.89,3856007912702,KOZMETIKA
ROLL ON NIVEA BL&WHI M 50ml,90298984,NIVEA,0.05 l,ko,5.59,111.8,,,5.59,42332466,KOZMETIKA
BOJA PALETTE PNC 9-1,90310586,PALETTE PNC,1.00 ko,ko,4.49,4.49,,,4.49,9000101206630,KOZMETIKA
SPREJ AMBRE S KIDS SENS SPF50 270ml,90705906,GARNIER AMBRE SOLAIR,0.27 l,ko,21.49,79.59,,,21.49,3600542522915,KOZMETIKA
VODA MICELARNA SKIN NATUR MJES OSJ 400ML,90214824,GARNIER,0.40 l,ko,6.99,17.48,,,6.99,3600541595248,KOZMETIKA
BOJA PALETTE DELUXE 555,06540560,PALETTE DELU,1.00 ko,ko,,4.79,4.79,4.79,4.79,3838824176796,KOZMETIKA
ŠAMPON LUMPI BEBE 500ML,90674639,LUMPI,0.50 l,ko,2.25,4.5,,,2.25,3838900823972,KOZMETIKA
GEL TUŠ PALM OS OLIVE 250ml,06520985,PALMOLIVE,0.25 l,ko,2.99,11.96,,,2.99,5996175230975,KOZMETIKA
ŠAMPON AFR KAM BIOTIN 950ml,90744837,AFRODITA,0.95 l,ko,5.99,6.31,,,5.59,3831070661634,KOZMETIKA
ČETKICA COLG 360 MEDIUM 3800,06530065,COLGATE,1.00 ko,ko,4.89,4.89,,,4.89,8718951561441,KOZMETIKA
SET ZIAJA KAŠMIR 2017,90263245,ZIAJA,1.00 ko,ko,7.19,7.19,,,5,5901887038573,KOZMETIKA
ZP KALODONT MICROGRANULE 125ML,90111994,KALODONT,0.13 l,ko,2.49,19.92,,,2.49,3850105145574,KOZMETIKA
ZP PLIDENTA HERBAL 125 ml + ČETKICA,90795178,PLIDENTA,1.00 ko,ko,2.69,2.69,,,2.69,3856007912078,KOZMETIKA
GEL TUŠ L'ANGELICA MAKAD 500ml,90341617,L ANGELICA,0.50 l,ko,3.25,6.5,,,3.25,8017331077085,KOZMETIKA
VODA MICELARNA SKIN NATURALS DVOFAZNA 400ML,90214828,GARNIER,0.40 l,ko,7.79,19.48,,,7.79,3600541744493,KOZMETIKA
GEL TUŠ PALM OS MLIJ MED 250ml 2313,06520410,PALMOLIVE,0.25 l,ko,2.99,11.96,,,2.99,5996175232313,KOZMETIKA
SPREJ AMBRE SOL SENS ADV SPF50+ 150 ml,90784691,GARNIER AMBRE SOLAIR,0.15 l,ko,18.99,126.6,,,18.99,3600542520423,KOZMETIKA
BRIJAČ GILLETTE SENSOR 3 H+ 8/1,90885733,GILLETTE,8.00 ko,ko,11.99,1.5,,,11.99,8700216639606,KOZMETIKA
VODICA LISTERINE COOL MINT 1l,90408941,LISTERINE,1.00 l,ko,10.49,10.49,,,10.29,3574661661056,KOZMETIKA
GEL TUŠ DOVE W DEEP NOUR XXL 400 ml,90775076,DOVE,0.40 l,ko,7.49,18.73,,,7.49,8720181457425,KOZMETIKA
LIP BALM LABELLO ORIGINAL 4.8g,90726926,LABELLO,0.01 kg,ko,3.59,747.92,,,3.59,9005800362861,KOZMETIKA
VODICA LACALUT MICEL MULTI-EF 500 ml,90775494,LACALUT,0.50 l,ko,5.59,11.18,,,5.59,4016369541975,KOZMETIKA
GEL VENUS SATIN CARE 190 ml,90885689,VENUS,0.19 l,ko,13.29,69.95,,,13.29,8700216026635,KOZMETIKA
TRETMAN GLISS NIGHT UL REPAIR 100 ml,90775219,GLISS,0.10 l,ko,,79.9,7.99,9.99,9.99,5410091767334,KOZMETIKA
PATRONE GILL FUS PROGLIDE 8KOM,90598826,GILLETTE,8.00 ko,ko,43.39,5.42,,,43.39,8700216066587,KOZMETIKA
ZP PLIDENTA SUPERFR 125 ml+ ČETKICA,90795175,PLIDENTA,1.00 ko,ko,2.79,2.79,,,2.69,3856007912054,KOZMETIKA
BRIJAČ VENUS SUGARBERRY,90775160,VENUS,1.00 ko,ko,,8.99,8.99,11.99,11.99,8700216130516,KOZMETIKA
PEKMEZ OLIVAL SPF10 100 ml,90785106,OLIVAL,0.10 l,ko,7.99,79.9,,,7.99,3858892694817,KOZMETIKA
IDEAL PASTA 500g ZA RUKE0175,08032326,IDEAL,0.50 kg,ko,2.55,5.1,,,2.55,3859888110175,KOZMETIKA
DEO MADELENE MYSTIC 75ml,90598962,MADLENE,0.08 l,ko,1.99,26.53,,,1.99,5997001715123,KOZMETIKA
ZP COLGATE TRIPLE ACTION 125ML,90068534,COLGATE,0.13 l,ko,2.95,23.6,,,2.79,7891024128831,KOZMETIKA
ZP PLID SUPERFR 125ml,90725240,PLIDENTA,0.13 l,ko,2.79,22.32,,,2.69,3856007910784,KOZMETIKA
BRIJAČ GILL MACH3       9626,06630201,GILLETTE,1.00 ko,ko,,8.99,8.99,12.59,9.99,7702018020676,KOZMETIKA
ZP PARADONT HERBAL 75ml,90370039,PARODONTAX,0.08 l,ko,5.95,79.33,,,5.55,5054563949615,KOZMETIKA
ZP SIGNAL FAM DAILY WHITE 75 ml,90051131,SIGNAL,0.08 l,ko,2.75,36.67,,,2.75,5900300856794,KOZMETIKA
KREMA LOREAL AGE SPEC 55+ NOĆ 50ML,90089984,LOREAL,0.05 l,ko,9.99,199.8,,,9.99,3600523458400,KOZMETIKA
ULJE AMBRE SOL KOKOS 200ml,06592083,GARNIER AMBRE SOLAIR,0.20 l,ko,12.99,64.95,,,12.99,3600542450645,KOZMETIKA
ŠAMPON PALM PROTIV PRHUTI 350ml,90077206,PALMOLIVE,0.35 l,ko,3.89,11.11,,,3.89,8718951576919,KOZMETIKA
ROLL ON NIVEA M B&W ULTIM IM 50ml,90407677,NIVEA,0.05 l,ko,5.59,111.8,,,5.59,42397717,KOZMETIKA
ULJE ZA NJEGU HIPP BABYS 200ML,06600203,HIPP,0.20 l,ko,3.29,16.45,,,3.29,4062300419445,KOZMETIKA
GEL ZA BRIJANJE MAN MAX 200ml,90051019,MAN MAX,0.20 l,ko,2.25,11.25,,,2.25,3850334333636,KOZMETIKA
ŠAMPON J&J PURE&GENTLE 750ml,90403551,J&J,0.75 l,ko,,10.47,7.85,10.49,9.69,3574669907781,KOZMETIKA
BOJA PALETTE PNC 500 50+2X25ml,06543336,PALETTE PNC,0.10 l,ko,4.49,44.9,,,4.49,3838824171326,KOZMETIKA
ČETKICA CURAPROX CS 3960 SUPER SOFT,90332144,CURAPROX,1.00 ko,ko,5.99,5.99,,,5.99,7612412396003,KOZMETIKA
ROLL ON BOROTALCO INVISIBLE 50 ML,90042500,BOROTALCO,0.05 l,ko,,59.8,2.99,4.69,3.99,80844044,KOZMETIKA
GEL TUŠ PALM COCO 250ml,06521320,PALMOLIVE,0.25 l,ko,2.99,11.96,,,2.99,8714789732923,KOZMETIKA
BRIJAČ GILLETTE FUSION+5 PATRONA  ,90805002,GILLETTE,1.00 ko,ko,,22.59,22.59,28.99,23.19,8700216356794,KOZMETIKA
REGEN PANTENE INFINITE LENGTH 275 ml,90850693,PANTENE,0.28 l,ko,5.99,21.78,,,5.99,8700216508957,KOZMETIKA
ŠAMPON FRUCTIS GOODBYE D 250ML,90064620,GARNIER FRUCTIS,0.25 l,ko,3.49,13.96,,,3.49,3600541309081,KOZMETIKA
GEL TUŠ OLDSP WHITE 2x400ml,90425039,OLD SPICE,0.80 l,ko,9.29,11.61,,,9.29,8700216980319,KOZMETIKA
ŠAMPON SCHAUMA 250ml 7LJ TR 7612,06523223,SCHAUMA,0.25 l,ko,3.39,13.56,,,3.39,4012800167612,KOZMETIKA
ROLL ON NIVEA PROTECT&CARE 50ml,90213344,NIVEA,0.05 l,ko,5.59,111.8,,,4.19,42289005,KOZMETIKA
BOJA COLOR NAT 9N NUDE EXT L BLD,90800415,GARNIER COL NATURALS,1.00 ko,ko,,3.99,3.99,4.99,4.99,3600542617321,KOZMETIKA
BOJA PALETTE DELUXE 400  2035,06542981,PALETTE DELU,1.00 ko,ko,,4.79,4.79,4.79,4.79,3838824176734,KOZMETIKA
LOSION NIV SUN S KAROT SPF 6 200ml,06592261,NIVEA,0.20 l,ko,12.99,64.95,,,12.99,4005900247186,KOZMETIKA
GEL TUŠ BIOB BOTANIKA ROSARY 250ml,90599312,BIOBAZA,0.25 l,ko,2.99,11.96,,,2.99,3856020910358,KOZMETIKA
SAPUN TEK GENERA NEUTRO REFIL 1L,90391285,GENERA,1.00 l,ko,2.75,2.75,,,2.59,8003693400470,KOZMETIKA
PATRONE GILL FUS POWER 4/1,06630398,GILLETTE,4.00 ko,ko,23.99,6,,,23.99,7702018867219,KOZMETIKA
TRAKE ČUP DEP LICA 16 KOM SENSITIV,06590984,ČUPKO,16.00 ko,ko,3.95,0.25,,,3.59,3859888495159,KOZMETIKA
BOJA SYOSS 3/1 TAMNO SMEĐA,06544309,SYOSS,1.00 ko,ko,6.99,6.99,,,5.59,9000100632706,KOZMETIKA
REGEN BOTAN THER MAGNET CHAR 200ml,90702774,BOTANIC THERAPY,0.20 l,ko,3.59,17.95,,,3.59,3600542512268,KOZMETIKA
LOSION BIOBAZA FROSTED 200 ml,90839840,BIOBAZA,0.20 l,ko,3.65,18.25,,,3.65,3856020915759,KOZMETIKA
GEL TUŠ NIVEA CARE ORANGE 500ml,90478525,NIVEA,0.50 l,ko,6.29,12.58,,,6.29,9005800263687,KOZMETIKA
ŠAMPON PALM CITRUS 350ml,90078234,PALMOLIVE,0.35 l,ko,3.89,11.11,,,3.89,8714789880464,KOZMETIKA
DEO BOROTALCO M UNIQUE 150ml,90703920,BOROTALCO,0.15 l,ko,,19.93,2.99,4.69,3.99,8002410044546,KOZMETIKA
KREMA OLIVAL NEVEN 250ml,90402837,OLIVAL,0.25 l,ko,4.29,17.16,,,3.99,3859892751661,KOZMETIKA
GEL TUŠ NIVEA FOR MEN ORIGINAL CARE 500ML,90235109,NIVEA,0.50 l,ko,6.69,13.38,,,6.69,9005800224473,KOZMETIKA
GEL ZA TUŠIRANJE OLDSPICE WOLFTHORN 400ml,90298835,OLD SPICE,0.40 l,ko,4.99,12.48,,,4.99,4084500978973,KOZMETIKA
TEKUĆI PEK TROPIC SUN BIOBAZA 250ml,90707466,BIOBAZA,0.25 l,ko,13.29,53.16,,,13.29,3856020909772,KOZMETIKA
DEO DOVE CLEAN COMFORT 150ML,06552589,DOVE,0.15 l,ko,5.35,35.67,,,5.35,8720181284335,KOZMETIKA
BOJA EXCELLENCE 5.3,90154950,LOREAL EXCELLANCE,1.00 ko,ko,8.99,8.99,,,8.99,3600523724871,KOZMETIKA
BOJA SYOSS 12-53 PLATIN BISER PLAVA,90775221,SYOSS,1.00 ko,ko,6.99,6.99,,,5.59,9000101731989,KOZMETIKA
SERUM GARNIER VIT C SN 30ML,90669016,GARNIER,1.00 ko,ko,12.49,12.49,,,12.49,3600542433327,KOZMETIKA
SET DENIM DUOPACK ORIG GEL+DEO,90427858,DENIM BRAND,1.00 ko,ko,6.29,6.29,,,5,8008970036830,KOZMETIKA
DEO DOVE W INVISIBLE DRY 200ml,90702964,DOVE,0.20 l,ko,6.49,32.45,,,6.49,8720181291951,KOZMETIKA
MLIJEKO OLEA SPF15 SPRAY 200ml,90360495,OLEA,0.20 l,ko,5.99,29.95,,,5.99,3850334153838,KOZMETIKA
GEL TUŠ BIOBAZA FROSTED 265 ml,90839860,BIOBAZA,0.27 l,ko,3.99,15.06,,,3.99,3856020915711,KOZMETIKA
LOSION RALON 85ML SPORT PB 2849,06560192,RALON,0.09 l,ko,3.99,46.94,,,3.79,3856007900990,KOZMETIKA
SET DENIM ORIGINAL AS+DEO+GEL TUŠ,90074544,DENIM BRAND,1.00 ko,ko,11.99,11.99,,,9,8008970038056,KOZMETIKA
OM ORNEL NO 1 2.4 L,90949726,ORNEL,2.40 l,ko,4.29,1.79,,,4.29,3850105191489,SREDSTVA ZA ČIŠĆENJE
OSVJ AMBI PUR SPR SPICE APPLE 185 ml,90954994,AMBI PUR,0.19 l,ko,5.69,30.76,,,5.69,8700216552240,SREDSTVA ZA ČIŠĆENJE
OM SILAN PARF CHERRY BLOS 540 ml,90954868,SILAN,0.54 l,ko,,5.54,2.99,5.99,5.99,9000101836905,SREDSTVA ZA ČIŠĆENJE
OM SILAN PARF DIAMOND ORC 540 ml,90954872,SILAN,0.54 l,ko,,5.54,2.99,5.99,5.99,9000101836738,SREDSTVA ZA ČIŠĆENJE
DOMINOL UNIV 750 ml + KAMEN 750 ml,90949803,DOMINOL,1.00 ko,ko,3.99,3.99,,,3.99,3850376498669,SREDSTVA ZA ČIŠĆENJE
KH-7 ODMAŠ+KAMEN+ODST MRLJ 3X750 ml,90975915,KH-7,1.00 ko,ko,8.99,8.99,,,8.99,3858893723943,SREDSTVA ZA ČIŠĆENJE
OM SILAN FRANGIPANI 1.364 L,90970233,SILAN,1.36 l,ko,6.59,4.83,,,6.59,9000101582642,SREDSTVA ZA ČIŠĆENJE
AJAX LAVANDA 1 l,90955896,AJAX,1.00 l,ko,,1.89,1.89,3.69,3.69,8718951680074,SREDSTVA ZA ČIŠĆENJE
DET FAKS SUPERAKTIV HYG 1.1 kg 20PR,90959690,FAKS,1.10 kg,ko,,5.17,5.69,8.49,8.49,3850105187857,SREDSTVA ZA ČIŠĆENJE
OSVJ ARW AF REF WINTER PUNCH 228 ml,90959794,AIRWICK,0.23 l,ko,10.29,45.13,,,10.29,5999109546326,SREDSTVA ZA ČIŠĆENJE
DET JAR PLATINUM PLUS LEMON 71 TAB,90969694,JAR ADW,71.02 ko,ko,17.99,0.25,,,19.99,8006530073790,SREDSTVA ZA ČIŠĆENJE
DET FAKS BY ORNEL HYG 3.3 kg 60 PR,90959716,FAKS,3.30 kg,ko,,3.63,11.99,17.99,17.99,3850105188120,SREDSTVA ZA ČIŠĆENJE
DET FAKS AQUAMARINE HYG 3.3 kg 60 PR,90959728,FAKS,3.30 kg,ko,,3.63,11.99,17.99,17.99,3850105188069,SREDSTVA ZA ČIŠĆENJE
WC BREF ROYAL SPLASH JACK 3X50 g,90976197,BREF,0.15 kg,ko,,26.6,3.99,7.99,7.99,9000101839555,SREDSTVA ZA ČIŠĆENJE
DET JAR MIR PLATINUM PLUS 31 TAB,90976199,JAR ADW,31.01 ko,ko,,0.48,14.99,29.99,29.99,8006530100977,SREDSTVA ZA ČIŠĆENJE
DET JAR MIR PLATINUM PLUS 60 TAB,90976202,JAR ADW,60.02 ko,ko,,0.37,21.99,43.99,43.99,8006530101059,SREDSTVA ZA ČIŠĆENJE
DET JAR MIR PLATINUM PLUS 54 TAB,90976205,JAR ADW,54.03 ko,ko,,0.37,19.99,39.99,39.99,8006530101080,SREDSTVA ZA ČIŠĆENJE
DET PERSIL UNIVERSAL 4.4 kg=80PR,90954772,PERSIL,4.40 kg,ko,18.99,4.32,,,18.99,9000101809749,SREDSTVA ZA ČIŠĆENJE
DOMESTOS CITRUS 750ML   9780,08030271,DOMESTOS,0.75 l,ko,,3.05,2.29,3.29,2.95,5996037079780,SREDSTVA ZA ČIŠĆENJE
PRONTO TRIGGER ALOE VERA 500ML,08030703,PRONTO,0.50 l,ko,5.39,10.78,,,5.39,5000204238242,SREDSTVA ZA ČIŠĆENJE
LENOR MIRISNE PERLICE GOLD ORCHID 210g,90382262,LENOR,0.21 ko,ko,4,19.05,,,4,8001841182285,SREDSTVA ZA ČIŠĆENJE
OM LENOR NORTHERN SOLSTICE 770ml,90731340,LENOR,0.77 l,ko,5,6.49,,,5,8700216162555,SREDSTVA ZA ČIŠĆENJE
ODSTRANJ MRLJA DR BECKM 200ml,08035964,BECKMANN,0.20 l,ko,3.65,18.25,,,3.65,4008455342313,SREDSTVA ZA ČIŠĆENJE
DET LIKVI ULTRA ORIGINAL 450ml,90369958,LIKVI,0.45 l,ko,1.39,3.09,,,1.39,3850105170231,SREDSTVA ZA ČIŠĆENJE
DET FAKS GEL COL SMART CLEAN 900ml=18 PR,90553341,FAKS,0.90 l,ko,5,5.56,,,6.99,3850105178206,SREDSTVA ZA ČIŠĆENJE
DET PERWOLL LIGHT COLOR 3 L=60PR,90864734,PERWOLL,3.00 l,ko,16.49,5.5,,,16.49,9000101827163,SREDSTVA ZA ČIŠĆENJE
DOMESTOS PJENA ARCTIC FRESH 435 ml,90864982,DOMESTOS,0.44 l,ko,4.49,10.32,,,4.49,8720182796400,SREDSTVA ZA ČIŠĆENJE
DET PERSIL UNIVERSAL 2.2kg=40PR,90744978,PERSIL,2.20 kg,ko,16.99,7.72,,,9.99,9000101804898,SREDSTVA ZA ČIŠĆENJE
SOMAT DEO PEARLS LEMON ORANGE 17g,90230603,SOMAT,0.02 kg,ko,5.99,350.56,,,2.99,9000101000436,SREDSTVA ZA ČIŠĆENJE
DET DASH AMBER 44TAB,90886358,DASH,44.01 ko,ko,25.99,0.59,,,25.99,8700216791861,SREDSTVA ZA ČIŠĆENJE
DR.BECK MARAM ACTIVE WHITE 15KOM,90184568,BECKMANN,15.00 ko,ko,4.39,0.29,,,4.39,4008455049816,SREDSTVA ZA ČIŠĆENJE
CILLIT BANG NATUR POWER LIMESCALE 750ML,90406465,CILLIT,0.75 l,ko,4,5.33,,,6.69,5999109510075,SREDSTVA ZA ČIŠĆENJE
DET JAR APPLE 900ml,90232401,JAR HDW,0.90 l,ko,,3.32,2.99,4.65,4.69,4015400922797,SREDSTVA ZA ČIŠĆENJE
DET VESH WHITE POWER 3 kg=40PR,90854984,VESH,3.00 kg,ko,11.85,3.95,,,11.85,3870128037021,SREDSTVA ZA ČIŠĆENJE
SOMAT ALL IN ONE EXTRA 85TAB,90785394,SOMAT,85.03 ko,ko,15,0.18,,,14.49,9000101809961,SREDSTVA ZA ČIŠĆENJE
CHANTECLAIR ODMAŠČ LIMUN 600 ml,90785286,CHANTE CLAIR,0.60 l,ko,3.85,6.42,,,3.65,8015194522957,SREDSTVA ZA ČIŠĆENJE
WC NET INTENSE LAVANDER 750 ml,90887094,WC NET,0.75 l,ko,3.45,4.6,,,3.45,8004050036837,SREDSTVA ZA ČIŠĆENJE
DET ARIEL COLOR 13TAB,90662792,ARIEL,13.00 ko,ko,8,0.62,,,10.89,8001090726377,SREDSTVA ZA ČIŠĆENJE
DET JAR TEATREE 2X1.35L PROMO,90572034,JAR HDW,2.70 l,ko,5.49,2.03,,,6.49,8006540463635,SREDSTVA ZA ČIŠĆENJE
SANITAR ORIG FOREST FRESH 750ml,08031078,SANITAR,0.75 l,ko,,2.12,1.59,2.45,2.25,3850111502736,SREDSTVA ZA ČIŠĆENJE
MARAMICE VLAŽNE BLISTA DRVO 50/1,90312594,BLISTA,50.00 ko,ko,1.99,0.04,,,1.99,3859890063476,SREDSTVA ZA ČIŠĆENJE
CHANTECLAIR UNIV KAMENAC OCAT 625 ml,90804760,CHANTE CLAIR,0.63 l,ko,3.85,6.16,,,3.65,8015194518394,SREDSTVA ZA ČIŠĆENJE
SREDSTVO DAX KUPAONICA 1L,90307572,DAX,1.00 l,ko,1.59,1.59,,,1.59,3850334348333,SREDSTVA ZA ČIŠĆENJE
DET PERSIL FBS 2.97kg=54PR,90745024,PERSIL,2.97 kg,ko,23.99,8.08,,,23.99,9000101806311,SREDSTVA ZA ČIŠĆENJE
DET MERI MERINO COLOUR 2.7L,90428095,MERI MERINO,2.70 l,ko,,1.81,4.89,9.99,9.29,3850111105791,SREDSTVA ZA ČIŠĆENJE
DET CALGON GEL KAMENAC 750ML,08016451,CALGON,0.75 l,ko,10.09,13.45,,,10.09,5997321700267,SREDSTVA ZA ČIŠĆENJE
ARF STAKLO ANTISTATIC 650 ml,90627891,ARF,0.65 l,ko,,2.45,1.59,1.49,1.49,3850105181107,SREDSTVA ZA ČIŠĆENJE
KH-7 KAMENAC 750 ml+500 ml,90810898,KH-7,1.25 l,ko,5.49,4.39,,,5,3858893728924,SREDSTVA ZA ČIŠĆENJE
DIFUZOR FROSCH OASE LIM TRAVA 90ml,90706414,FROSCH,0.09 l,ko,,57.89,5.21,7.45,7.45,4001499180859,SREDSTVA ZA ČIŠĆENJE
GLADE AUTOMATIC MAXI DUO REFILL MIX,90382704,GLADE,1.00 ko,ko,12.99,12.99,,,12.49,3858889573354,SREDSTVA ZA ČIŠĆENJE
OSVJ AMBI PUR COTTON FLOWER KUPAONICA,90382327,AMBI PUR,1.00 ko,ko,5.69,5.69,,,5.69,8700216014717,SREDSTVA ZA ČIŠĆENJE
WC SANITAR HYG RINGS FLOWER 2X40g,90602926,SANITAR,0.08 kg,ko,3.69,46.13,,,3.71,3850111901164,SREDSTVA ZA ČIŠĆENJE
OSVJ ARW EL KOMP JASMIN&FRESSIA 19ml,90785242,AIRWICK,0.02 l,ko,5,263.16,,,7.39,5999109544117,SREDSTVA ZA ČIŠĆENJE
WC BREF COLOR AKTIV FRESH FLOWERS 50g,90266016,BREF,0.05 kg,ko,3.49,69.8,,,3.49,9000101023985,SREDSTVA ZA ČIŠĆENJE
OSVJ DAX LAVANDA 300ML,08080315,DAX,0.30 l,ko,,2.97,0.89,1.19,1.19,3850334431189,SREDSTVA ZA ČIŠĆENJE
AIRW EL KOMP WHITE FLOWERS 19ml,90314444,AIRWICK,0.02 l,ko,7.39,388.95,,,7.39,5999109545831,SREDSTVA ZA ČIŠĆENJE
OSVJ AIRW GEL MAGN,90342774,AIRWICK,1.00 ko,ko,2.69,2.69,,,2.69,5997321758954,SREDSTVA ZA ČIŠĆENJE
OSVJ AIRWICK FM REFILL COOL LINEN 250ML,90184447,AIRWICK,0.25 l,ko,5,20,,,5,5900627055184,SREDSTVA ZA ČIŠĆENJE
OSVJ ARW FM REF SPR&VANIL 250ML,90785237,AIRWICK,0.25 l,ko,6,24,,,8.19,5999109544124,SREDSTVA ZA ČIŠĆENJE
DUCK FRESH DISCS REF MIX (LAV+FLOR),90070278,DUCK,0.07 l,ko,5.25,72.92,,,5.25,3858895411077,SREDSTVA ZA ČIŠĆENJE
GLADE AUTOMATIC MAXI REFIL MIX,90074234,GLADE,0.27 l,ko,7.99,29.7,,,7.69,5000204692365,SREDSTVA ZA ČIŠĆENJE
WC BREF LEMON OCEAN 4X50g,90713762,BREF,0.20 kg,ko,4.49,22.45,,,3.99,9000101309409,SREDSTVA ZA ČIŠĆENJE
OSVJ GLADE 150g GEL LAVAN 0202,08080305,GLADE,0.15 kg,ko,3.09,20.6,,,2.99,5000204306910,SREDSTVA ZA ČIŠĆENJE
WC KOŠ DAX DUO LEMON FRESH,90059457,DAX,0.05 kg,ko,0.5,10,,,1.59,3850334387837,SREDSTVA ZA ČIŠĆENJE
WC BREF POWER AKTIV LEMON DUOPACK 2X50G,08091320,BREF,0.10 kg,ko,5.49,54.9,,,2.79,9000100656832,SREDSTVA ZA ČIŠĆENJE
OSVJ ARW AF KOMP BR&IS VAN 228 ml,90899672,AIRWICK,0.23 l,ko,10,43.86,,,14.49,5999109545459,SREDSTVA ZA ČIŠĆENJE
DET ARIEL COLOR 4.5 L=100PR,90919680,ARIEL,4.50 l,ko,19.99,4.44,,,22.99,8700216692007,SREDSTVA ZA ČIŠĆENJE
SOMAT EXCELLENCE 4IN1 88TAB,90919684,SOMAT,88.03 ko,ko,17.99,0.2,,,17.99,9000101831559,SREDSTVA ZA ČIŠĆENJE
OSVJ ARW AF REF BRE&IS VAN 228 ml,90899667,AIRWICK,0.23 l,ko,7,30.7,,,10.29,5999109545633,SREDSTVA ZA ČIŠĆENJE
WC DUCK MANGO VERSE 36 ml,90899844,DUCK,0.04 l,ko,4.59,127.5,,,4.59,3858895411060,SREDSTVA ZA ČIŠĆENJE
WC BREF SM VITALITY 3X50 g,90890219,BREF,0.15 kg,ko,7.99,53.27,,,7.99,9000101589054,SREDSTVA ZA ČIŠĆENJE
OSVJ ARW AF REF SANDALWOOD 228 ml,90899692,AIRWICK,0.23 l,ko,10.29,45.13,,,10.29,5999109544582,SREDSTVA ZA ČIŠĆENJE
GLADE EL APARAT RELAXING ZEN 20 ml,90899794,GLADE,0.02 l,ko,7.89,394.5,,,7.89,5000204333558,SREDSTVA ZA ČIŠĆENJE
WC BREF PA LAVANDER 3X50 g,90890214,BREF,0.15 kg,ko,6.49,43.27,,,6.49,9000100956192,SREDSTVA ZA ČIŠĆENJE
ARW MIRISNI ŠTAPIĆI WHITE FLOW 30 ml,90899685,AIRWICK,0.03 l,ko,6.49,216.33,,,6.49,5999109544278,SREDSTVA ZA ČIŠĆENJE
OSVJ AMBI PUR EL RF 3V GOLD 2X20 ml,90894686,AMBI PUR,0.04 l,ko,9.99,249.75,,,9.99,8700216686488,SREDSTVA ZA ČIŠĆENJE
DET ARIEL COLOR 5.5 kg=100PR,90919677,ARIEL,5.50 kg,ko,19.99,3.63,,,22.99,8700216733618,SREDSTVA ZA ČIŠĆENJE
OSVJ AMBI PUR EL RF 3V FLOWE 2X20 ml,90894690,AMBI PUR,0.04 l,ko,9.99,249.75,,,9.99,8700216834292,SREDSTVA ZA ČIŠĆENJE
OSVJ AMBI PUR EL RF 3V GOLD 20 ml,90894680,AMBI PUR,0.02 l,ko,9.99,499.5,,,9.99,8700216486200,SREDSTVA ZA ČIŠĆENJE
OSVJ ARW EL REF SANDALWOOD 19 ml,90899681,AIRWICK,0.02 l,ko,5.49,288.95,,,5.49,5999109545916,SREDSTVA ZA ČIŠĆENJE
ARW MIRISNI ŠTAPIĆI SANDALWOOD 30 ml,90899688,AIRWICK,0.03 l,ko,6.49,216.33,,,6.49,5999109544322,SREDSTVA ZA ČIŠĆENJE
OSVJ ARW EL REF SATIN&LILLY 2X19 ml,90899678,AIRWICK,0.04 l,ko,8.99,236.58,,,8.99,5999109545862,SREDSTVA ZA ČIŠĆENJE
WC DUCK VIRTUAL VIOLET 36 ml,90899847,DUCK,0.04 l,ko,4.59,127.5,,,4.59,5000204344844,SREDSTVA ZA ČIŠĆENJE
SOMAT EXCELLENCE 5IN1 80TAB,90919689,SOMAT,80.00 ko,ko,17.99,0.22,,,17.99,9000101831658,SREDSTVA ZA ČIŠĆENJE
OSVJ AMBI PUR KUPAONICA FLOWER 15 ml,90894682,AMBI PUR,0.02 l,ko,7.99,532.67,,,7.99,8700216015035,SREDSTVA ZA ČIŠĆENJE
WC BREF ROYAL BLING KING 3X50 g,90976195,BREF,0.15 kg,ko,,26.6,3.99,7.99,7.99,9000101840711,SREDSTVA ZA ČIŠĆENJE
RUČNIK PERFEX 50M 2SL 1/1,90960115,PERFEX,1.00 ko,ko,1.59,1.59,,,1.59,8606034950407,TOALETNE POTREPŠTINE
TP PERFEX SOFT&LIGHT PREM 3SL 8/1,90950182,PERFEX,8.00 ko,ko,2.49,0.31,,,2.49,8606034950360,TOALETNE POTREPŠTINE
TP ZEWA DELUXE DELICATE 3SL 32/1,90969672,ZEWA,32.00 ko,ko,8.29,0.26,,,8.29,7322541343181,TOALETNE POTREPŠTINE
TP ZEWA DELUXE KAŠMIR 3SL 12/1,90904918,ZEWA,1.00 ko,ko,3.99,3.99,,,3.99,7322541396026,TOALETNE POTREPŠTINE
TP PERFEX SOFT&LIGHT PREM 3SL 12/1,90950176,PERFEX,12.00 ko,ko,3.49,0.29,,,3.49,8606034950384,TOALETNE POTREPŠTINE
RUČNIK PERFEX PROFESSIONAL 1/1 3SL,90930105,PERFEX,1.00 ko,ko,,1.99,1.99,1.99,1.69,8606110850287,TOALETNE POTREPŠTINE
HIG UL ALW PLT 14D+10N,90934670,ALWAYS P&G,1.00 ko,ko,4.49,4.49,,,4.49,8006530048897,TOALETNE POTREPŠTINE
TP ZEWA DELUXE DELIC CARE 3SL 24/1,90965414,ZEWA,24.00 ko,ko,6.49,0.27,,,6.89,7322541185040,TOALETNE POTREPŠTINE
TP VIOLETA BRESKVA PREMIUM 3SL 20/1,90964721,VIOLETA,20.00 ko,ko,5.49,0.27,,,5.49,3859892288648,TOALETNE POTREPŠTINE
TAMPONI OB EXT PROTECT SUPER 16/1,90950348,OB,16.00 ko,ko,4.69,0.29,,,4.69,3574661626062,TOALETNE POTREPŠTINE
PAPIR ZA PEČENJE LISTOVI FINO 16+4,90879945,FINO,1.00 ko,ko,1.89,1.89,,,1.89,5900536358406,PROIZVODI ZA KUĆANSTVO
BUDDY  MP PILETINA 405G,90648741,BUDDY,0.41 kg,ko,0.99,2.44,,,0.99,3850334018250,PROIZVODI ZA KUĆANSTVO
FELIX MM ZEC 85g,90582724,FELIX,0.09 kg,ko,0.79,9.29,,,0.79,7613287487773,PROIZVODI ZA KUĆANSTVO
ALU FOLIJA FINO 30m,90364651,FINO,30.00 m,ko,5.99,0.2,,,5.99,5900536352060,PROIZVODI ZA KUĆANSTVO
ONE SM PILETINA PŠENICA 800g,01640569,ONE,0.80 kg,ko,5.69,7.11,,,5.69,7613035467866,PROIZVODI ZA KUĆANSTVO
VREĆICE ZA NAMIRNICE FINO 3L 50/1,90732203,FINO,50.00 ko,ko,1.26,0.03,,,1.26,5201314909040,PROIZVODI ZA KUĆANSTVO
VREĆICA ZAMR HD 3L 38/1 F&P,90344726,FRESH&PACK,38.01 ko,ko,0.86,0.02,,,0.86,3850334009685,PROIZVODI ZA KUĆANSTVO
SPUŽVA KUHINJSKA FINO 5+1,90364670,FINO,6.00 ko,ko,1.89,0.31,,,1.89,5900536279121,PROIZVODI ZA KUĆANSTVO
GOURMET PERLE MM GOV PIL ZEC 4X85G,01640607,GOURMET,0.34 kg,ko,3.09,9.09,,,3.09,7613032870393,PROIZVODI ZA KUĆANSTVO
WHISKAS SM GOVEDINA 800 g,90886233,WHISKAS,0.80 kg,ko,5.49,6.86,,,5.49,5998749146880,PROIZVODI ZA KUĆANSTVO
POSLASTICA TEKUĆA GOV.I M.TRAVA 90g,90707362,VITAKRAFT,0.09 kg,ko,2.99,33.22,,,2.99,4008239235213,PROIZVODI ZA KUĆANSTVO
FRISKIES SP ACTIVE 10KG,01640352,FRISKIES,10.00 kg,ko,36.99,3.7,,,36.99,7613031395484,PROIZVODI ZA KUĆANSTVO
FRISKIES MM LOSOS UMAK 85g,90381987,FRISKIES,0.09 kg,ko,0.59,6.94,,,0.59,7613036964081,PROIZVODI ZA KUĆANSTVO
RUČNIK PAP ZEWA 3SL 1/1,90404699,ZEWA,1.00 ko,ko,3.95,3.95,,,3.95,7322541192017,PROIZVODI ZA KUĆANSTVO
VILEDA 1.2. SPRAY MAX  MOP,90649163,VILEDA,1.00 ko,ko,,19.99,19.99,24.99,24.99,4023103199200,PROIZVODI ZA KUĆANSTVO
ALU FOLIJA DOMUS 20m,90344369,DOMUS,20.00 m,ko,3.58,0.18,,,3.58,3859893097324,PROIZVODI ZA KUĆANSTVO
PAPIR ZA PEČEN LIST 30/1 42x38 FINO,90706373,FINO,30.00 ko,ko,3.29,0.11,,,3.29,5201314172550,PROIZVODI ZA KUĆANSTVO
SALV PALOMA BOŽIĆ LEAVES 33X33 20/1,90800082,PALOMA,20.00 ko,ko,1.35,0.07,,,2.29,3838952035552,PROIZVODI ZA KUĆANSTVO
SALV PALOMA BOŽIĆ STARS 33X33 20/1,90800088,PALOMA,20.00 ko,ko,2.29,0.11,,,2.29,3838952035606,PROIZVODI ZA KUĆANSTVO
ONE SM JUNIOR PILETINA 800 g,90830139,ONE,0.80 kg,ko,6.59,8.24,,,6.59,8445290073464,PROIZVODI ZA KUĆANSTVO
FELIX MM JUNIOR PILETINA 4X85g,90582739,FELIX,0.34 kg,ko,,5.85,1.99,2.79,2.79,7613287491640,PROIZVODI ZA KUĆANSTVO
POSLASTICA FELIX DM LOSOS 4X10 g,90864719,FELIX,0.04 kg,ko,2.19,54.75,,,2.19,8445291538276,PROIZVODI ZA KUĆANSTVO
SPUŽVA ČETVRTASTA DAX 10/1,90289995,DAX,10.00 ko,ko,0.99,0.1,,,0.99,3850334608352,PROIZVODI ZA KUĆANSTVO
BUDDY MP MINI GOV JET 150g,90720040,BUDDY,0.15 kg,ko,0.69,4.6,,,0.69,3850334043702,PROIZVODI ZA KUĆANSTVO
VREĆA SMEĆE MD VEZ 45L 20/1 DAX,90800592,DAX,20.00 ko,ko,1.89,0.09,,,1.89,3850334315328,PROIZVODI ZA KUĆANSTVO
DAX GUMENE RUKAVICE L 2/1,90725625,DAX,2.00 ko,ko,,0.5,0.99,1.29,1.29,3850334036599,PROIZVODI ZA KUĆANSTVO
RUČNIK OLALA LIMUN MAXI 2/1 3SL,90672802,OLALA,2.00 ko,ko,3,1.5,,,3.98,3859892232719,PROIZVODI ZA KUĆANSTVO
PAPIR ZA PEČENJE 8mX38cm,90344371,DOMUS,8.00 m,ko,2.25,0.28,,,2.25,3859893097454,PROIZVODI ZA KUĆANSTVO
ONE SM SENSITIVE PURETINA 800g,90052136,ONE,0.80 kg,ko,5.69,7.11,,,5.69,7613035467903,PROIZVODI ZA KUĆANSTVO
BUDDY MP PILETINA 1250G,90648757,BUDDY,1.25 kg,ko,1.89,1.51,,,1.89,3850334018151,PROIZVODI ZA KUĆANSTVO
GOURMET GOLD MM GOVEDINA 85 g,90830124,GOURMET,0.09 kg,ko,0.89,10.47,,,0.89,8445291132849,PROIZVODI ZA KUĆANSTVO
MG MM SVINJETINA 405 g,90775145,MIGLIOR,0.41 kg,ko,1.19,2.94,,,1.19,8007520027342,PROIZVODI ZA KUĆANSTVO
ONE SM INDOOR PURETINA 800G,90082297,ONE,0.80 kg,ko,5.69,7.11,,,5.69,7613035468047,PROIZVODI ZA KUĆANSTVO
MY PETS MM RIBA 405G,90648711,MY PETS,0.41 kg,ko,0.79,1.95,,,0.79,3850334011268,PROIZVODI ZA KUĆANSTVO
BRISAČ PODA MOP CELULOZA DRŠKA DAX,90276236,DAX,1.00 ko,ko,2.65,2.65,,,2.65,3850334599469,PROIZVODI ZA KUĆANSTVO
TORBA ZA KUPOVINU KONZUM VELIKA,90407620,K PLUS,1.00 ko,ko,1.06,1.06,,,1.06,3850334129291,PROIZVODI ZA KUĆANSTVO
KRPA VILEDA VIŠENAMJ ACTIFIBRE 1/1,90706262,VILEDA,1.00 ko,ko,,2.97,2.97,4.25,4.25,4023103240834,PROIZVODI ZA KUĆANSTVO
NAVLAKA VILEDA ACTIVE MAX MOP  0049,05512793,VILEDA,1.00 ko,ko,,9.58,9.58,13.69,13.69,8001940006659,PROIZVODI ZA KUĆANSTVO
PEDIGREE MP GOV PERAD 4X100 g,90884925,PEDIGREE,0.40 kg,ko,2.99,7.48,,,2.99,5900951319679,PROIZVODI ZA KUĆANSTVO
PAPIR ZA PEČENJE LISTOVI FINO 16/1,90570344,FINO,16.00 ko,ko,2.39,0.15,,,2.39,5201314094838,PROIZVODI ZA KUĆANSTVO
BUDDY MP PURETINA 1250G,90648749,BUDDY,1.25 kg,ko,1.89,1.51,,,1.89,3850334018076,PROIZVODI ZA KUĆANSTVO
FRISKIES PICNIC GOVEDINA 42G,90170703,FRISKIES,0.04 kg,ko,0.79,18.81,,,0.79,7613035219816,PROIZVODI ZA KUĆANSTVO
FELIX MM SENSATIONS RIBA 4X85g,90582748,FELIX,0.34 kg,ko,,5.85,1.99,2.79,2.79,7613287491770,PROIZVODI ZA KUĆANSTVO
VREĆA SMEĆE FINO POWER LD 90L 10/1,90570138,FINO,10.00 ko,ko,,0.27,2.68,3.35,3.35,5201314932031,PROIZVODI ZA KUĆANSTVO
WHISKAS SM JUNIOR PILETINA 300g,01640994,WHISKAS,0.30 kg,ko,2.39,7.97,,,2.39,5900951014079,PROIZVODI ZA KUĆANSTVO
RUČNIK VIOLETA BONUS PACK 3SL 4/1,90617801,VIOLETA,4.00 ko,ko,2.39,0.6,,,2.19,3859892288112,PROIZVODI ZA KUĆANSTVO
FRIEND MM PILETINA 100G,90719883,FRIEND,0.10 kg,ko,0.59,5.9,,,0.59,3870547072535,PROIZVODI ZA KUĆANSTVO
DRŠKA ZA METLE UNIVERZALNA VILEDA,90029930,VILEDA,1.00 ko,ko,5.19,5.19,,,5.19,4023103071209,PROIZVODI ZA KUĆANSTVO
SALVETE PALOMA ELITE 33x33 3sl 16/1,90498384,PALOMA,16.00 ko,ko,2.55,0.16,,,2.55,3838952028165,PROIZVODI ZA KUĆANSTVO
KAVA RITUAL CAPPUCINO DG 16/1 164 g,90991560,RITUAL,0.16 kg,ko,3.99,24.33,,,3.99,3850334451422,HRANA
KAVA RITUAL LATTE MACC DG 16/1 164 g,90991565,RITUAL,0.16 kg,ko,3.99,24.33,,,3.99,3850334451408,HRANA
KAVA JUBILARNA MLJEV 300 g VR FRANCK,90991593,JUBILARNA,0.30 kg,ko,6.39,21.3,,,6.39,3850291056951,HRANA
KOLAČ DONUT TRIP CHOCO  3/1 174 g JA,90991277,JAFFA,0.17 kg,ko,2.29,13.16,,,1.99,8600114012146,HRANA
KAVA ETHIOPIA NS 10/1 54 g FRANCK,90991490,FRANCK NC,0.05 kg,ko,4.99,92.41,,,4.99,3850291057002,HRANA
KAVA RITUAL ARABICA NS 10/1 56 g,90991538,RITUAL,0.06 kg,ko,2.59,46.25,,,2.59,3850334451507,HRANA
KEKS SPRING 260 g LAMBERTZ,90991662,LAMBERTZ,0.26 kg,ko,2.99,11.5,,,2.99,5900658802900,HRANA
DRAŽEI JAJA RUM KOKOS 175 g CASALI,90990555,CASALI,0.18 kg,ko,4.49,25.66,,,4.49,9000332837375,HRANA
ČOK MINI JAJA TAM ČOK/LJEŠ 115 g WIT,90991645,WITORS,0.12 kg,ko,1.99,17.3,,,1.99,8003535081614,HRANA
ŠUNKA ZA PIZZU FAVORIT ,90980487,FAVORIT,1.00 kg,kg,3.99,3.99,,,3.99,3850139171440,HRANA
DVOPEK GRANO DORO 320 g,90991825,GRANO DORO,0.32 kg,ko,1.46,4.56,,,1.46,3850334445681,HRANA
BOMBON NIMM2 GUMENI MILK GHOSTS 90 G,90991842,NIMM2,0.09 kg,ko,0.79,8.78,,,0.79,4014400936452,HRANA
LIZALICA PLAVI ZMAJ 128 g HITSCHIES,90991991,HITSCHIES,0.13 kg,ko,2.99,23.36,,,2.99,4003840004302,HRANA
TELEĆA LOPATICA BK CCA 1.25 kg MAP,90980675,DILMAR,1.00 kg,kg,13.49,13.49,,,13.49,,HRANA
BOMBON PEACH RINGS 100 g TROLLI,90991997,TROLLI,0.10 kg,ko,1.79,17.9,,,1.79,8437000482055,HRANA
MASLINE ZEL PREMIUM BK GG 470/240 g,90979908,GARDEN GOOD,0.24 kg,ko,2.99,12.46,,,2.99,3850334441140,HRANA
KEKS MLJEVENI PLAZMA 480 g,90979652,BAMBI,0.48 kg,ko,3.49,7.27,,,3.49,8600043039825,HRANA
USKRSNI KOLAČ GOLUBICA LIMENKA 700 g,90990515,GRANDUCALE,0.70 kg,ko,11.99,17.13,,,11.99,8002734001249,HRANA
PAPRIKA DOM PEČ 540/290 g ZVIJEZDA,90979892,ZVIJEZDA,0.29 kg,ko,3.79,13.07,,,3.79,3856015333469,HRANA
PAKET MIRISI ISTRE HISTRIS 4x200 g ,90979863,HISTRIS,1.00 ko,ko,29.99,29.99,,,29.99,3859893167157,HRANA
PIZZA AMORE MOZZARELLA GG 320 g,90980000,GUSTAVO GUSTO,0.32 kg,ko,4.99,15.59,,,4.99,4260414155499,HRANA
CRVENA KOBASICA ZA SUŠENJE,90979860,DILMAR,1.00 kg,kg,5.99,5.99,,,5.99,,HRANA
NJOKI MINUTE 1000 g,90984733,MINUTE,1.00 kg,ko,,1.79,1.79,2.39,2.39,3850334450623,HRANA
PREPELICA CCA 640 g,90990194,AIA,1.00 kg,kg,10.99,10.99,,,10.99,,HRANA
ŽV GUM AIRWAVES BLACK CURR 5/1 70 g ,90979846,WRIGLEY,0.07 kg,ko,3.99,57,,,3.99,4009900469999,HRANA
RAJČICA PASIRANA 500 g,90991412,GARDEN GOOD,0.50 kg,ko,0.79,1.58,,,0.79,3850334453556,HRANA
PAHULJICE NESQUIK JAGODA 330 g NESTL,90991306,NESTLE ŽITAR,0.33 kg,ko,4.49,13.61,,,4.49,5900020049308,HRANA
PIZZA AMORE RUCOLA GG 335 g,90980005,GUSTAVO GUSTO,0.34 kg,ko,4.99,14.9,,,4.99,4260414155512,HRANA
INSTANT KAVA NES CLASS CARAMEL 95 g,90991512,NESCAFE,0.10 kg,ko,7.69,80.95,,,7.69,5201219489364,HRANA
INSTANT KAVA NES CLAS HAZELNUT 95 g,90991517,NESCAFE,0.10 kg,ko,7.69,80.95,,,7.69,5201219489371,HRANA
PRALINE LINDT LINDOR MILK SRCE 160 g,90991599,LINDT,0.16 kg,ko,8.99,56.19,,,8.99,8003340801919,HRANA
EXTRA SALAMA 270 g VEGETARIANA,90991949,VEGETARIANA,0.27 kg,ko,4.99,18.48,,,4.99,3859892560539,HRANA
NOSTALGIČNA DUO PACK S DASKOM PIVAC,90979919,PIVAC,1.00 ko,ko,9.99,9.99,,,9.99,3858890184280,HRANA
BOMBON NIMM2 GUMENI FLUFFIES 90 g,90991824,NIMM2,0.09 kg,ko,0.79,8.78,,,0.79,4014400936346,HRANA
BOMBON APPLE RINGS 100 g TROLLI,90991994,TROLLI,0.10 kg,ko,1.79,17.9,,,1.79,8437000482048,HRANA
ČOKO JAJA HAPPY EGGS 120 g VITAMINKA,90992004,VITAMINKA,0.12 kg,ko,1.89,15.75,,,1.89,5310005002905,HRANA
VAFL ROLICE FINESSE KAKAO 150 g,90992016,FINESSE,0.15 kg,ko,0.99,6.6,,,0.99,3850334450128,HRANA
MASLINE CRNE PREMIUM GG 480/280 g,90979900,GARDEN GOOD,0.28 kg,ko,3.39,12.11,,,3.39,3850334441164,HRANA
KAVA STARBUCKS CARAMEL NS 10/1 51 g,90991494,STARBUCKS,0.05 kg,ko,5.49,107.65,,,5.49,8445290154804,HRANA
CAPPUCINO NES TIRAMISU 8/1 116.8 g,90991526,NESCAFE,0.12 kg,ko,3.99,34.16,,,3.99,8445292403467,HRANA
DVOPEK INTEGRALNI GRANO DORO 320 g,90991829,GRANO DORO,0.32 kg,ko,1.46,4.56,,,1.46,3850334445704,HRANA
ŽVAKAĆ GUME ORBIT PEPERMIN 4/1 56 g ,90979848,WRIGLEY,0.06 kg,ko,2.99,53.39,,,2.99,4009900012683,HRANA
ŽVAKA GUME AIRWAVES BLA MIN 5/1 70 g,90979850,WRIGLEY,0.07 kg,ko,3.99,57,,,3.99,4009900470025,HRANA
ŽVAKAĆE GUME ORBIT SPEARMIN 4/1 56 g,90979852,WRIGLEY,0.06 kg,ko,2.99,53.39,,,2.99,4009900018722,HRANA
NJOKI MINUTE 500 g KADICA,90984766,MINUTE,0.50 kg,ko,,1.98,0.99,1.29,1.29,3850334450029,HRANA
TELEĆI VRAT BK CCA 1.25 kg MAP,90980676,DILMAR,1.00 kg,kg,13.49,13.49,,,13.49,,HRANA
KOKICE EASTER MIX 160 g BOOMZA,90991952,BOOMZA,1.00 ko,ko,1.99,1.99,,,1.99,4820196733249,HRANA
BOMBON ORIGINAL MIX 125 g HITSCHIES,90991966,HITSCHIES,0.13 kg,ko,2.59,20.72,,,2.59,4100250057963,HRANA
BLAGDANSKA ŠUNKA VAK,90989688,PIK VRBOVEC,1.00 kg,kg,7.99,7.99,,,7.99,3850139286618,HRANA
PAKET PARMIGIANO REGG 30MJ S RIBEŽOM,90984764,PARMAREGGIO,1.00 ko,ko,7.99,7.99,,,7.99,8010721996782,HRANA
BOMB KIKI TUTI FRUT VALUE PACK 120 g,90990363,KIKI,0.12 kg,ko,0.99,8.25,,,0.99,3850102016808,HRANA
JUHA GOV NOODLES XXL 10X70 g INDOMIE,90990399,INDOMIE,0.70 kg,ko,2.89,4.13,,,2.89,8606108584644,HRANA
ČOK MINI JAJA MLJEČ KREMA 115 g WITO,90991632,WITORS,0.12 kg,ko,1.99,17.3,,,1.99,8003535081539,HRANA
KAVA RISTRETTO NS 20/1 XXL 104 g L O,90980706,L OR,0.10 kg,ko,6.59,63.37,,,6.59,3858895415945,HRANA
KUPUS KISELI GLAVE VŽ KISELO ZELJE,90955054,,1.00 kg,kg,2.09,2.09,,,2.09,3856028676904,HRANA
POSEBNA K PLUS 1000 g,90969655,K PLUS,1.00 kg,ko,2.99,2.99,,,2.99,3850334446589,HRANA
ŠUNKA FINA PIK NAR 300 g MA,90976073,PIK VRBOVEC,0.30 kg,ko,4.99,16.63,,,6.99,3850139241112,HRANA
ČOKO DJED BOŽIĆNJAK MILKA OREO 95 g,90974744,MILKA,0.10 kg,ko,0.5,5.26,,,3.69,7622202244599,HRANA
STALAK MILKA BOŽIĆ 246 kom,90974749,MILKA,1.00 ko,ko,984.14,984.14,,,984.14,7622202334238,HRANA
RAJČICA PASIRANA ST 400 g PODRAVKA,90955337,PODRAVKA,0.40 kg,ko,1.89,4.73,,,1.89,3856020280321,HRANA
KRUH FRESCO DARK PREMIUM 400 g,90975396,TVOJIH 5 MIN,0.40 kg,ko,2.45,6.13,,,2.45,3830085172104,HRANA
WUDY KLASIK HRENOVKE 4x300 g,90935057,WUDY,1.20 kg,ko,3.59,2.99,,,3.59,8008110040628,HRANA
STALAK LOACKER BEST OF MINIS 48 KOM,90959846,LOACKER,1.00 ko,ko,489.52,489.52,,,489.52,8000380218776,HRANA
JOGURT ACTIVIA ŽITARICE 320 g,90976212,ACTIVIA,0.32 kg,ko,1.79,5.59,,,1.49,5941209011921,HRANA
ANDRO ČAJNA 650 g,90955131,ANDRO,0.65 kg,ko,9.99,15.37,,,9.99,3858892823095,HRANA
OSLIĆ ARGENT EVA PAN FILETI 400 g,90955735,EVA,0.40 kg,ko,,11.95,4.78,5.99,5.99,3856020283827,HRANA
PRALINE LINDT LINDOR CHRISTMAS 200 g,90970363,LINDT,0.20 kg,ko,6,30,,,8.99,8003340802398,HRANA
BOMBON PJEN MARSHMAL JAM 90 g MOND,90955430,MOND,0.09 kg,ko,0.99,11,,,0.99,3859894460035,HRANA
PANETTONE TIRAMISU 750 g GRANDUCALE,90955561,GRANDUCALE,0.75 kg,ko,2,2.67,,,7.99,8002734100287,HRANA
TOAST GRANO DORO S MASLACEM 500 g,90955675,GRANO DORO,0.50 kg,ko,1.75,3.5,,,1.75,3850334445384,HRANA
JUHA PIL NOODLES XXL10X70 g INDOMIE,90950108,INDOMIE,0.70 kg,ko,2.89,4.13,,,2.89,8606108584620,HRANA
ČOKOLADA MILKA CIJELI LJEŠNJAK 250 g,90899853,MILKA,0.25 kg,ko,6.79,27.16,,,6.79,7622202273919,HRANA
UMAK RAJČICA DATTER 330 g AGROMONTE,90886575,AGROMONTE,0.33 kg,ko,3.99,12.09,,,3.99,8032817245185,HRANA
KOMPOT ANANAS KOL 565/340 g EXCELS,90886671,EXCELSIOR,0.34 kg,ko,2.49,7.32,,,2.49,9001397508217,HRANA
SNACK PARMIG CRACK 20 g PARMAREGGIO,90886281,PARMAREGGIO,0.02 kg,ko,1.49,74.5,,,1.49,8010721001516,HRANA
PAPALINA DIMLJENA 160 G/112 g BANGA,90886121,BANGA,0.11 kg,ko,2.99,26.7,,,2.99,4751017407400,HRANA
KOMPOT ANANAS KOM 565/340 g EXCELS,90886634,EXCELSIOR,0.34 kg,ko,2.49,7.32,,,2.49,9001397508194,HRANA
SVJEŽI PILEĆI FILE,90880096,MUNSTERLANDER,1.00 kg,kg,5.29,5.29,,,5.29,5907696473178,HRANA
NAPITAK ZOB BIO ACTIVE ZONE 1 l,90895351,ACTIVE ZONE,1.00 l,ko,,0.99,0.99,1.15,1.15,3850334433053,HRANA
DESERT MLIJEČNI VINDINO 4X125 g VIND,90890484,VINDINO,0.50 kg,ko,2.79,5.58,,,2.99,3850108040425,HRANA
TIJESTO FUSILLI 500 g BRAGAGNOLO,90894653,BRAGAGNOLO,0.50 kg,ko,1.99,3.98,,,1.99,8004350003881,HRANA
ĆEVAPČIĆI 810g  B BRAND PIK,02404158,PIK VRBOVEC,0.81 kg,ko,5.49,6.78,,,3.95,3850139404302,HRANA
CRNI BAKALAR FILET 400g LEDO,90607782,LEDO,0.40 kg,ko,9.99,24.98,,,9.99,3850116048710,HRANA
TIKVA PUTER,01405783,,1.00 kg,kg,0.99,0.99,,,1.49,3850334386519,HRANA
PECIVO K PLUS ŽEMLJA 3/1 180g,04016534,K PLUS,0.18 kg,ko,,3.61,0.65,0.65,0.95,3850334214560,HRANA
ČVARCI SLAVONSKI 250g,90170395,MESO-RAD,0.25 kg,ko,4.99,19.96,,,4.99,3859891884940,HRANA
PRŠUT NAREZAK 250g PISINIUM,90405848,PISINIUM,0.25 kg,ko,8.39,33.56,,,7.69,3858884937335,HRANA
LIMUN 500 grama,01410059,,0.50 kg,ko,,1.7,0.85,0.79,1.09,3850334092212,HRANA
PAŠTETA ČAJNA ARGETA 95 g,90087030,ARGETA,0.10 kg,ko,1.49,15.68,,,1.39,3838471024365,HRANA
TORTA ROĐENDANSKA 1000g LEDO,02351416,LEDO,1.00 kg,ko,,15.99,15.99,19.99,17.99,3850116875873,HRANA
KVASAC SVJ PEKAR DIGO 42g,90325900,DIGO,0.04 kg,ko,0.75,17.86,,,0.59,3858887683444,HRANA
JEGER VRBOVEČKI 300G VAK PIK,90170827,PIK VRBOVEC,0.30 kg,ko,3.29,10.97,,,3.29,3850139170832,HRANA
NAREZAK POLI CLASSIC 150g PERUTNINA,90316866,POLI,0.15 kg,ko,1.99,13.27,,,1.99,3838977012897,HRANA
ČUPAVCI K PLUS 480g,90726924,K PLUS,0.48 kg,ko,6.89,14.35,,,6.59,3850334070791,HRANA
ŽV GUMA AIRWAVES CRNI RIBIZL 14g,04201010,WRIGLEY,0.01 kg,ko,0.99,70.71,,,0.99,42070047,HRANA
SLAD KORNET ŠUM VOĆE STRAC 120ML LED,02350866,LEDO,0.12 l,ko,1.79,14.92,,,1.79,3850116037851,HRANA
KRUH KALNIČKI PAK 600g MLINAR,90363458,MLINAR,0.60 kg,ko,2.05,3.42,,,1.85,3858881127371,HRANA
FILE PILEĆEG ZABATKA 500g PERUTNINA,02435579,MEĐIMURSKO PILE,0.50 kg,ko,4.49,8.98,,,3.59,3850220115797,HRANA
JABUKA CRIMSON SNOW,90875364,,1.00 kg,kg,1.99,1.99,,,1.99,3856028689898,HRANA
ULJE MASLINOVO EX DJEV 1L TRADICIJA,90273085,ORGULA,1.00 l,ko,13.99,13.99,,,9.99,3859890446217,HRANA
PECIVO HAMBI SEZAM 4/1 340G DON DON,90170349,DON DON,0.34 kg,ko,2.09,6.15,,,2.09,3858885564530,HRANA
RAJČICA CHERRY 500 grama,90291742,,0.50 kg,ko,1.99,3.98,,,2.29,8010250008970,HRANA
EXTRA PILEĆA KOBASICA 500g PERUTNINA,02048403,PERUTNINA PT,0.50 kg,ko,1.99,3.98,,,1.99,3850220150583,HRANA
KRUMPIR 5 kg,01400162,KORA,5.00 kg,ko,3.99,0.8,,,3.99,3850334386120,HRANA
SIR NAM PHILADELPHIA NATUR 175g,90302545,PHILADELPHIA,0.18 kg,ko,3.49,19.94,,,3.49,7622300340285,HRANA
BOMBONJERA TOFFIFEE 15KOM 125g,04390185,TOFFIFEE,0.13 kg,ko,2.99,23.92,,,2.99,4014400400007,HRANA
SLAD QUATTRO FANTASY 1650ml,02351265,QUATTRO,1.65 l,ko,7.49,4.54,,,7.49,3850116036144,HRANA
RAJČICA PASIRANA GARDEN GOOD 3X200g,90713162,GARDEN GOOD,0.60 kg,ko,1.39,2.32,,,1.39,3838900826195,HRANA
SIR TVRDI KRAVLJI 1/4 PARMILETA,90293775,PARMILETA,1.00 kg,kg,14.99,14.99,,,14.99,3858890183122,HRANA
JOGURT NATUR DUKATOS 450g KANTICA,90087182,DUKATOS,0.45 kg,ko,2.69,5.98,,,2.59,3850354010784,HRANA
DATULJA GARDEN GOOD SUHA 200g,90499361,GARDEN GOOD,0.20 kg,ko,1.05,5.25,,,0.89,3838900987858,HRANA
RIŽA K PLUS DUGO ZRNO 1kg SB,90061250,K PLUS,1.00 kg,ko,,1.59,1.59,1.59,1.99,3850334426352,HRANA
ČOKOLADA DORINA NAPOLITANKA 290g,90411107,DORINA,0.29 kg,ko,4.99,17.21,,,4.69,3850102519552,HRANA
SIR NAM CLASSIC 200g VINDIJA,02390868,Z BREGOV,0.20 kg,ko,,9.95,1.99,1.99,1.99,3850108059076,HRANA
LISTOVI ZA PITE I SAVIJA K PLUS 500g,90304152,K PLUS,0.50 kg,ko,1.23,2.46,,,0.95,3850334377791,HRANA
RAJČICA PASIRANA 600g 3 PACK  PODR,90155235,PODRAVKA,0.60 kg,ko,1.99,3.32,,,1.99,3850104238260,HRANA
KREMŠNITA 2/1 PAK 280g MLINAR,90382875,MLINAR,0.28 kg,ko,4.29,15.32,,,2.99,3858889892400,HRANA
MRKVA 1/1 PAK,01400070,,1.00 kg,ko,1.09,1.09,,,1.19,3850334021243,HRANA
NAMAZ LINO LADA MILK 700g PODRAVKA,90648392,LINO LADA,0.70 kg,ko,6.59,9.41,,,6.19,3856020259945,HRANA
ČOKOLADNO JAJE KIND IZNENAĐ LEI  20g,90045345,FERRERO,0.02 kg,ko,1.59,79.5,,,1.49,54088191,HRANA
SIR POLUTV EDAMER 40% BAYREUTH,02053000,BAYREUTH,1.00 kg,kg,5.99,5.99,,,5.99,3850334172464,HRANA
POSEBNA 1000g WUDY POP,90226996,WUDY,1.00 kg,ko,3.49,3.49,,,3.45,8008110562335,HRANA
KOKICE K PLUS HRUSTY  125g,90049858,HRUSTY,0.13 kg,ko,,5.52,0.69,0.85,0.79,3838900976609,HRANA
BAT/ZAB/LEĐA K PLUS,90270066,K PLUS,1.00 kg,kg,,2.09,2.09,2.89,2.89,3850159118043,HRANA
TEL POTRB S GRUDI I REBR SK VAKLM,02414298,PIK VRBOVEC,1.00 kg,kg,,8.49,8.49,8.19,9.99,3850139543254,HRANA
SOL KAMENA 1kg TUZLA,04110354,TUZLA,1.00 kg,ko,0.79,0.79,,,0.76,3870009000014,HRANA
KOLAČ MEDENA PITA K PLUS 400g ,90468092,K PLUS,0.40 kg,ko,4.99,12.48,,,4.29,3850334385451,HRANA
KUPUS KISELI GLAVE,01400319,KORA,1.00 kg,kg,1.99,1.99,,,1.99,3850334101754,HRANA
KRUH KALNIČKI 600g MLINAR,90363457,MLINAR,0.60 kg,ko,1.89,3.15,,,1.79,3858881121706,HRANA
SALATA FRANCUSKA 1kg ZVIJEZDA,02202105,ZVIJEZDA,1.00 kg,ko,5.99,5.99,,,5.99,3858882216494,HRANA
JOGURT B'AKTIV LGG NATUR 150g DUKAT,02330864,B'AKTIV,0.15 kg,ko,0.79,5.27,,,0.69,3850354019121,HRANA
VEGETA 250g+50g GRATIS PODRAVKA,90668853,VEGETA,0.25 kg,ko,,7.96,1.99,2.19,2.19,3850104216466,HRANA
HRENOVKE PIL SIR BEZ OV 100g CEKIN,02048160,CEKIN,0.10 kg,ko,0.85,8.5,,,0.85,3850159120800,HRANA
SV BUT SK U KOŽI DAL OBR ,02400212,PIK VRBOVEC,1.00 kg,kg,,3.79,3.79,5.75,6.05,3850139523010,HRANA
ANANAS,90750001,,1.00 kg,kg,,1.99,1.99,1.99,2.49,3858885879498,HRANA
NAPITAK PROTEIN ČOK UHT 0.5L VINDIJA,90404992,Z BREGOV,0.50 l,ko,2.49,4.98,,,2.49,3850108023664,HRANA
ČOKOLADA MILKA OREO 300g,90130183,MILKA,0.30 kg,ko,5.99,19.97,,,5.99,7622210384362,HRANA
KAVA GLORIA MLJEVENA VR 600g XXL,90346313,GLORIA,0.60 kg,ko,8.99,14.98,,,8.29,3850291048956,HRANA
FANT PUNJ PAPRIKA SARMA 60g VREĆ PO,04163561,FANT,0.06 kg,ko,1.39,23.17,,,1.39,3850104075513,HRANA
MASLAC I KLASA 20g FOLIJA DUKAT,02180151,DUKAT,0.02 kg,ko,0.49,24.5,,,0.49,3850355001521,HRANA
KOBASICA KRANJSKA 300g VAC PIK VRBOVEC,90279646,PIK VRBOVEC,0.30 kg,ko,,11.3,3.39,4.39,4.39,3850139180015,HRANA
KOLJENICA K PLUS SUHA SVINJ VAK,90270478,K PLUS,1.00 kg,kg,5.99,5.99,,,4.99,3850139285444,HRANA
ŠLJIVA,01410100,,1.00 kg,kg,2.49,2.49,,,3.99,3856017202848,HRANA
ČOKOL DORINA RIŽA 220g NL,04211160,DORINA,0.22 kg,ko,,13.59,2.99,4.49,4.49,3850102123452,HRANA
PRŠUT ANDRO 300 g NAR,90800546,ANDRO,0.30 kg,ko,5.99,19.97,,,5.99,3858892822838,HRANA
KIKIRIKI LJUSKA PEČENI 500g,90707161,MARJAN VOĆE,0.50 kg,ko,2.49,4.98,,,2.49,3872084015334,HRANA
SLAD KING MAJESTIC 100ml LEDO,90598782,KING,0.10 l,ko,2.79,27.9,,,2.79,3850116039527,HRANA
MLIJEKO SVJEŽE 3.2% 1L PURE DUKAT,02230137,DUKAT,1.00 l,ko,1.35,1.35,,,1.35,3850354000501,HRANA
ČAJNA KOBASICA MAXI 650 REZ PODRAVKA,90051595,PODRAVKA,1.00 kg,ko,,13.83,13.83,13.83,13.52,,HRANA
VRHNJE ZA KUHANJE 500g BOCA DUKAT,90038498,BRZO&FINO,0.50 kg,ko,3.49,6.98,,,3.39,3850354008606,HRANA
MLIJEKO UHT 2.8% M.M. 1L KRAVICA,90485391,KRAVICA KRALJICA,1.00 l,ko,0.94,0.94,,,0.94,3856015324337,HRANA
ČAJNA 80g NAR PODRAVKA,90316894,PODRAVKA,0.08 kg,ko,2.19,27.38,,,1.95,3856020213121,HRANA
PRSA PUREĆA U OVITKU PIK,90409797,PIK,1.00 kg,kg,,12.99,12.99,12.99,13.69,3850139520460,HRANA
KULEN RAVNI PIVAC,90599502,PIVAC,1.00 kg,kg,16.99,16.99,,,15.69,3858890187144,HRANA
POLI MINI 220g PERUTNINA,02048427,POLI,0.22 kg,ko,1.99,9.05,,,1.99,3850220152839,HRANA
TIROLSKA PODRAVKA,90394622,PODRAVKA,1.00 kg,kg,9.95,9.95,,,9.95,,HRANA
TIJESTO LUMACONI 500g BRAGAGNOLO,90706284,BRAGAGNOLO,0.50 kg,ko,1.99,3.98,,,1.99,8004350739537,HRANA
CELER KORIJEN GRANULE 30g SOTINAC,90750970,OPG SOTINAC,0.03 kg,ko,1.19,39.67,,,1.19,3859893718342,HRANA
NAMAZ HUMMUS CLASSIC DIV GARD 200g,90403851,DIVAN GARDEN,0.20 kg,ko,1.72,8.6,,,1.72,3859893493188,HRANA
UMAK BURGER 270g ZVIJEZDA ,90702849,ZVIJEZDA,0.27 kg,ko,3.29,12.19,,,0.5,3856015327512,HRANA
SV CARSKO MESO PIVAC,02400629,,1.00 kg,kg,4.55,4.55,,,4.55,3858881610484,HRANA
PROVANSALSKO ZAČINSKO BILJE 17g,04103605,KOTANYI,0.02 kg,ko,1.15,67.65,,,1.15,9001414015865,HRANA
RAJČICA PELAT BIO ZONE 400/240 g,90854746,BIO ZONE,0.24 kg,ko,1.29,5.37,,,1.29,3838900843239,HRANA
ČAJ LIPA FILTAR 15/1,90623762,SUBAN,0.03 kg,ko,2.65,106,,,2.65,3858882913997,HRANA
OCAT JABUČNI 1 l PREHRANA,90879735,PREHRANA,1.00 l,ko,1.19,1.19,,,1.19,3859891093106,HRANA
BOMBON HELF ORIGINAL 40g,90622870,HELF,0.04 kg,ko,0.55,13.75,,,0.55,8605073300341,HRANA
BATAK I ZABATAK POD SMR VIND-KOKA,02434341,CEKIN,1.00 kg,kg,6.29,6.29,,,6.29,3850159111051,HRANA
SALAMA NEGRA NARESCI 90 g PREM DOBRO,90851048,DOBRO,0.09 kg,ko,3.99,44.33,,,3.99,3850133816286,HRANA
NARANČA DEHIDRIRANA VEEMEE 30 g,90850430,VEEMEE,0.03 kg,ko,3.49,116.33,,,3.49,3859894055460,HRANA
NAPITAK RIŽA EKO 1 L BOOM BOX,90875481,BOOM BOX,1.00 l,ko,3.29,3.29,,,3.09,3856027801963,HRANA
TJEST CONCHIGLIE 400g BRONZA,90751015,BRONZA,0.40 kg,ko,2.59,6.48,,,2.59,3857500128584,HRANA
BOMBON RICOLA MALINA MELISA 40 g,90770176,RICOLA,0.04 kg,ko,1.59,39.75,,,1.59,7610700022498,HRANA
BRAŠNO PIR PUN 1kg KARLA,90302741,KARLA,1.00 kg,ko,2.39,2.39,,,2.39,3858881506015,HRANA
NAPITAK KOKOS BIO 1 l BRIDGE,90795092,THE BRIDGE,1.00 l,ko,2.99,2.99,,,2.99,8019428007616,HRANA
TUNJ OCEAN KOM SUN MAX 6X70/6X52 g,90869910,OCEAN,0.31 kg,ko,5.39,17.28,,,5.39,3850334114587,HRANA
SLAD GRUVI KIKIRIKI 4x75ml,90704326,SAMMONTANA,0.30 l,ko,5.99,19.97,,,5.99,8005840020784,HRANA
ŠEĆER SMEĐI MOLASS 500g BILLINGTON,04120019,BILLINGTON,0.50 kg,ko,2.99,5.98,,,2.99,5010651001412,HRANA
ZAČIN GRILL SWEET CHILLI MED BILJE 75g VEGETA,90770276,VEGETA,0.08 kg,ko,1.29,17.2,,,1.29,3856020270001,HRANA
BOM GUM YUMMI GUMMI GALAXY LIFE 70g,90729977,ROSHEN,0.07 kg,ko,0.89,12.71,,,0.89,4823077636356,HRANA
RIŽA PER RISOTTO K PLUS  1 kg,90869944,K PLUS,1.00 kg,ko,2.99,2.99,,,2.99,3850334431387,HRANA
DJED BOŽIĆNJAK KINDER 110g,04211647,FERRERO,0.11 kg,ko,2,18.18,,,1.5,4008400511825,HRANA
KAŠA INS PROS 500g MLINOTEST,90302703,MLINOTEST,0.50 kg,ko,1.55,3.1,,,1.52,3831001824671,HRANA
ČOKOLADNO JAJE KINDER MAXI 220g,90342456,FERRERO,0.22 kg,ko,5,22.73,,,6,8000500242780,HRANA
BOMBON GUM KIS RAINBOW STRIPS 75g ZOZOLE,90809813,ZOZOLE,0.08 kg,ko,1.19,15.87,,,1.19,5900353700211,HRANA
PAPRIKA DIMLJENA LJUTA 50 g KOTANYI,90890470,KOTANYI,0.05 kg,ko,1.99,39.8,,,1.99,9001414804773,HRANA
CHILI U PRAHU 50g KOTANYI,04100388,KOTANYI,0.05 kg,ko,2.39,47.8,,,2.39,9001414040102,HRANA
ČAJ VOĆNI WINTER TIME 20/1 50g TEEKANNE,90733223,TEEKANNE,0.05 kg,ko,2.39,47.8,,,2,5901086000524,HRANA
BOMBON KIS TRAKE COLA 9g VIDAL,90732266,VIDAL,0.01 kg,ko,0.19,21.11,,,0.19,8413178270267,HRANA
JUN SLAB I LEÐA SK SB JUN MARTINJAK,90563215,MARTINJAK,1.00 kg,kg,13.59,13.59,,,12.99,3859893702860,HRANA
KAŠA ZOB RISE&SMILE MALINA CHIA 65 g,90854788,RISE&SMILE,0.07 kg,ko,,6.62,0.43,0.55,0.55,3850334431868,HRANA
KAŠ LINO MAR BRES 190g,90290017,LINO,0.19 kg,ko,1.59,8.37,,,1.59,3850104287138,HRANA
BOMBON NIMM2 GUMENI HEROES 90g,90365258,NIMM2,0.09 kg,ko,,10.89,0.98,1.19,1.19,4014400922950,HRANA
UMAK RAJČICA LJUTI 300g BAKINA TAJNA,90819812,BAKINA TAJNA,0.30 kg,ko,2.99,9.97,,,2.99,8606018022052,HRANA
SALATA VEGGIE MIX MEX 160 g NJAMI,90889680,NJAMI,0.16 kg,ko,3.99,24.94,,,3.99,3838929620088,HRANA
ŠTAPIĆI TRIK KIKIRIKI 200 g,90887274,TRIK,0.20 kg,ko,1.49,7.45,,,1.49,8600462042000,HRANA
ČAJ SLIM LIMUN/ZELENI ČAJ 20X1.5g AHMAD,90623183,AHMAD,0.03 kg,ko,3.32,110.67,,,3.32,054881020350,HRANA
PAPAR ŠARENI 40g MLIN ŠAFRAM,90083124,ŠAFRAM,0.04 kg,ko,3.05,76.25,,,3.05,3859892109110,HRANA
SENF DELIKATES TUBA 190 g ZVIJEZDA,90890076,ZVIJEZDA,0.19 kg,ko,1.49,7.84,,,1.49,3856015332493,HRANA
SLAD KING DESIRE 3X100 ml,90885892,LEDO,0.30 l,ko,6.99,23.3,,,6.99,3850116066240,HRANA
CRIJEVO SVINJ SLIJEPO 5KOM CROMA,02481572,CROMA,1.00 ko,ko,5.59,5.59,,,5.39,3859890197003,HRANA
RAHAT LOKUM RUŽA 180g ADRIA,90705600,ADRIA,0.18 kg,ko,1.19,6.61,,,1.19,3858890261844,HRANA
DRESSING SA ZAČINIMA 250ML KUHNE,01491224,KUHNE,0.25 l,ko,2.79,11.16,,,2.79,40122588,HRANA
DODATAK JELIM TEKU UMAMI 170 ml PODR,90850915,VEGETA NATUR,0.17 l,ko,2.09,12.29,,,2.09,3856020235109,HRANA
BUREK SA SIROM 400 g BUJRUM,90830101,BUJRUM,0.40 kg,ko,4.99,12.48,,,4.99,3870218001154,HRANA
JUHA PILEĆA RIB KAŠA 65 g PODRAVKA,90890327,PODRAVKA,0.07 kg,ko,1.39,21.38,,,1.39,3856020276829,HRANA
ČAJ BRONHITKO 50g PIRAMID PAMPA-TEA,90423272,PAMPA TEA,0.05 kg,ko,10.39,207.8,,,10.39,3859891239382,HRANA
PILEĆI BATAK 8 kg RFZ,90874651,PERUTNINA,1.00 kg,kg,2.79,2.79,,,2.59,3850220114233,HRANA
SLAMKE S GRANULAMA ČOK-BAN 30g QM,90702759,QUICK MILK,0.03 kg,ko,0.85,28.33,,,0.85,5996071655384,HRANA
TJEST REZANCI 400g BRONZA,90730983,BRONZA,0.40 kg,ko,3.19,7.98,,,3.19,3857500128539,HRANA
SLAD KORNET MONTE ZOTT 120ml,90628246,MONTE,0.12 l,ko,2.99,24.92,,,2.5,4014500519357,HRANA
PROIZ BILJ BAZ OKUS MOZZAR RIB 150g,90674706,GREEN VIE,0.15 kg,ko,1.99,13.27,,,1.99,5292874002043,HRANA
DRESSING JOGURT 230ml DEVELEY,90326154,DEVELEY,0.23 l,ko,2.49,10.83,,,2.49,4006824991698,HRANA
BAKLAVA TROKUT 400G SUNDAY,90251690,,0.40 kg,ko,4.59,11.48,,,3.98,5319990443663,HRANA
ZAČIN GRILL DOZA BARBEC 80g KOTANYI,90405955,KOTANYI,0.08 kg,ko,2.89,36.13,,,2.89,9001414003275,HRANA
SOBA NOODLES 300g SAITAKU,90056074,SAITAKU,0.30 kg,ko,3.49,11.63,,,3.32,5060194790120,HRANA
LIZALICA JEZIK 15g,90325973,CANDY,0.02 kg,ko,1.79,119.33,,,1.79,8435124854420,HRANA
ČAJ ENGLISH BREAKFAST AHMAD 20X2g,90362732,AHMAD,0.04 kg,ko,3.45,86.25,,,3.45,0054881005555,HRANA
SLAD QUATTRO MINI CLASSIC 900ML,02351401,QUATTRO,0.90 l,ko,4.99,5.54,,,4.99,3850116036359,HRANA
SKUŠA S POVRĆEM IZOLA BRAND 125g,02190198,DELAMARIS,0.13 kg,ko,2.99,23.92,,,2.69,3838929567802,HRANA
KONCENTRAT RAJČICA TUBA 300g,90091815,PODRAVKA,0.30 kg,ko,3.29,10.97,,,3.29,3850104268533,HRANA
MEDALJONI PILEĆI MINUTE 500g,90669697,MINUTE,0.50 kg,ko,,5.98,2.99,3.98,3.98,3850334028549,HRANA
SIR I VRHNJE SVJEZE 200g PRESIDENT,02398953,PRESIDENT,0.20 kg,ko,1.99,9.95,,,1.99,3850355000845,HRANA
POVRĆE MJEŠ ZA FRAN SALAT 400g LEDO,90668437,LEDO,0.40 kg,ko,1.99,4.98,,,1.99,3850116053493,HRANA
KRUH HELJDIN 450g PAK MLINAR,90485265,MLINAR,0.45 kg,ko,2.09,4.64,,,1.69,3858889894008,HRANA
ČIPS LAY'S SPICY PAPRIKA 130g,90705996,PEPSICO,0.13 kg,ko,,15.31,1.99,2.29,1.89,5900259130709,HRANA
ULJE MASLIN EX DJEV 0.5L OL ISTRIA,90346270,OL ISTRIA,0.50 l,ko,16.49,32.98,,,14.99,3858881192706,HRANA
JUHA GOVEĐ S TIJES 65g PODRAVKA,04162627,PODRAVKA,0.07 kg,ko,,12.15,0.79,0.99,0.99,3850104003134,HRANA
REPA KISELA REZANA 500g,01400968,KORA,0.50 kg,ko,2.29,4.58,,,2.09,3850334296917,HRANA
PANCETA DO 400g VAC PODRAVKA,02019107,PODRAVKA,1.00 kg,kg,24.49,24.49,,,23.39,3859890848288,HRANA
BRUSCHETTE RAJČ/MASL/ORIG 70g MARETT,04141679,MARETTI,0.07 kg,ko,0.95,13.57,,,0.95,3800205875109,HRANA
PRSA PILEĆA U OVITKU  500g VINDIJA,02039511,CEKIN,0.50 kg,ko,5.05,10.1,,,5.05,3850159125034,HRANA
BISKVIT BARNI MILK 150g,04151407,BARNI,0.15 kg,ko,3.49,23.27,,,3.49,7622300511814,HRANA
ŠEĆER U PRAHU 500g FRANCK,04120520,FRANCK,0.50 kg,ko,1.85,3.7,,,1.85,3858881087477,HRANA
ŠUNKA PUR PEČ PIK 100g NAR MA,90570277,PIK,0.10 kg,ko,2.89,28.9,,,2.59,3850139522150,HRANA
CROISSANT 7DAYS MINI DOUBLE KAK/VAN 185g,90034959,CHIPITA,0.19 kg,ko,2.65,14.32,,,2.65,7622202213984,HRANA
PITA SIRNICA JAMI 900g,90385922,JAMI,0.90 kg,ko,4.29,4.77,,,3.99,3871832018207,HRANA
ČOKOLADA KINDER 50g T4,04221351,FERRERO,0.05 kg,ko,1.25,25,,,1.09,80177609,HRANA
ČOKOL DORINA S KEKSOM 80g,04210630,DORINA,0.08 kg,ko,1.89,23.63,,,1.89,3850102117970,HRANA
JUHA ALPSKA 64g PODRAVKA,90290261,PODRAVKA,0.06 kg,ko,1.39,21.72,,,1.39,3850104295218,HRANA
KAKAO PRAH 100g KRAŠ,04212399,KRAŠ,0.10 kg,ko,2.29,22.9,,,2.29,3850102110292,HRANA
KAVA DOLCE GUS CAFE AU LAIT 16/1 160g,90157464,DOLCE GUSTO,0.16 kg,ko,6.49,40.56,,,6.49,7613033174704,HRANA
PILE KALIBRO POD SVJ KOKA,02434408,CEKIN,1.00 kg,kg,3.31,3.31,,,3.31,3850159113130,HRANA
ŠNICLE OD SV  KAREA RAW-ŠTILJ 400 g ,90750681,RAW ŠTILJ,0.40 kg,ko,3.59,8.98,,,3.59,3850334111227,HRANA
KEFIR 3.5% 400g VINDIJA,02330100,Z BREGOV,0.40 kg,ko,1.29,3.23,,,1.29,3850108030518,HRANA
SLANINA NARESCI 90g DOBRO,90428295,DOBRO,0.09 kg,ko,3.19,35.44,,,3.19,3850133800827,HRANA
PRASEĆA POL EWG  ,02400774,PIK VRBOVEC,1.00 kg,kg,,4.99,4.99,5.99,4.19,3850139440287,HRANA
KOLAČ BROWNIE 75g JAFFA,90403864,JAFFA,0.08 kg,ko,,11.33,0.85,0.99,0.99,8600114009160,HRANA
KAVA MLJ CLASSIC BARCAFFE 600G MAXI,90316354,BARCAFFE,0.60 kg,ko,10.49,17.48,,,6.99,3838471035484,HRANA
PROTEINSKI NAPITAK PISTACIO 0.5L VI,90518419,Z BREGOV,0.50 l,ko,2.55,5.1,,,2.55,3850108023794,HRANA
KOCKA GOVEĐA 120g PODRAVKA,90155043,PODRAVKA,0.12 kg,ko,2.19,18.25,,,2.19,3850104274862,HRANA
KEKS ČAJNI KOLUTIĆI KAKAO 800g,90087818,KRAŠ,0.80 kg,ko,,3.74,2.99,2.99,3.89,3850102012398,HRANA
MIJEŠANO MLJEV MESO LIGHT 540G (MA),90276053,PIK VRBOVEC,0.54 kg,ko,5.99,11.09,,,5.59,3850139446500,HRANA
BRUSNICA ORAH IND GARD GOOD MIX 180g,90363753,GARDEN GOOD,0.18 kg,ko,,12.72,2.29,2.89,2.69,3838900958490,HRANA
ČAJ ŠUMSKO VOĆE FILT 55g OMOT FRANCK,04090288,FRANCK,0.06 kg,ko,2.49,45.27,,,2.49,3858881083813,HRANA
MAJONEZA LAGANA PVC 95g   ZVIJEZDA,02200075,ZVIJEZDA,0.10 kg,ko,,9.37,0.89,0.89,0.85,3858882210324,HRANA
SIRNI NAMAZ KAJMAK K PLUS 250g,90141732,K PLUS,0.25 kg,ko,2.79,11.16,,,2.79,3850334407337,HRANA
BOMBONJERA BAJADERA VREĆICA 150g,90049016,BAJADERA,0.15 kg,ko,6.29,41.93,,,6.29,3850102007929,HRANA
ŠLJIVA GARDEN GOOD SUHA B/K 200g,90363933,GARDEN GOOD,0.20 kg,ko,1.59,7.95,,,1.49,3838900807859,HRANA
OCAT JABUČNI 1L ZVIJEZDA,03120033,ZVIJEZDA,1.00 l,ko,1.79,1.79,,,1.79,3858882210911,HRANA
MARELICA GARDEN GOOD SUHA 180g,90363751,GARDEN GOOD,0.18 kg,ko,2.49,13.83,,,2.49,3838900958483,HRANA
ZDENKA CLASSIC 280g,02100263,ZDENKA,0.28 kg,ko,4.29,15.32,,,3.79,3858888590802,HRANA
JUN BIFTEK DO 1.8kg VAC  ,02414222,PIK VRBOVEC,1.00 kg,kg,39.99,39.99,,,37.99,3850139544077,HRANA
KRUH BIJELI BEZ GL 250g SCHAR,90317229,DR SCHAR,0.25 kg,ko,2.49,9.96,,,2.39,8008698024065,HRANA
PAPRIKA SLATKA 100g ŠAFRAM,04100715,ŠAFRAM,0.10 kg,ko,1.99,19.9,,,1.69,3859888163065,HRANA
JOGURT TEK ACTIVE ZONE 0.5 % M.M. 1kg,90494729,ACTIVE ZONE,1.00 kg,ko,,0.99,0.99,1.39,1.39,3850334393883,HRANA
NAMAZ LINO LADA GOLD 650g PODRAVKA,90648389,LINO LADA,0.65 kg,ko,6.59,10.14,,,6.19,3856020259914,HRANA
PERECI K PLUS HRUSTY SLANI 220G,90090569,HRUSTY,0.22 kg,ko,,2.95,0.65,0.79,0.79,3850334385659,HRANA
MARIN PILE S BUČINIM SJEMENKAMA CCA1.6kg,90733825,MEĐIMURSKO PILE,1.00 kg,kg,4.99,4.99,,,4.99,3850220408622,HRANA
KRUH BIJELI SENDVIČ 650g MLINAR,04010007,MLINAR,0.65 kg,ko,1.89,2.91,,,1.75,3858881122796,HRANA
CELER LIST KOM,90081704,,0.50 kg,ko,1.69,3.38,,,1.99,3850334201690,HRANA
MLIJEKO ČOKOLADNO 1L BOCA DUKAT,90038216,DUKAT,1.00 l,ko,2.39,2.39,,,2.39,3850354007661,HRANA
ZAČIN ZA MEDENJAKE 27g VR KOTANYI,04100183,KOTANYI,0.03 kg,ko,1.35,50,,,1.35,9001414015223,HRANA
ORAŠASTO MIX FP EUROCOMPANY99 300 g,90850379,PERFECT DAY,0.30 kg,ko,5.99,19.97,,,5.99,3872084016072,HRANA
BOMBON GUM KIKI COLA 180g KRAŠ,90704688,KIKI,0.18 kg,ko,2.29,12.72,,,2.29,3850102006656,HRANA
PUDING VANILIJA 5x37g RUF,90360132,RUF,0.19 kg,ko,1.19,6.43,,,1.19,40352015,HRANA
BISKVIT ČOK KOKOS 8/1 200 g MR BROWNIE,90764682,MR BROWNIE,0.20 kg,ko,3.49,17.45,,,3.49,8411037892315,HRANA
KESTEN PIRE MASCARPONE 80g SANA,90674902,SANA,0.08 kg,ko,1.99,24.88,,,1.99,3858892322383,HRANA
ČOKOLADA TAMNA 70% 100 g VALOR,90880106,VALOR,0.10 kg,ko,2.99,29.9,,,2.99,8410109050509,HRANA
RAJČICA SUŠENA ZERO OLIO 300g PONTI,90623564,PONTI,0.16 kg,ko,4.19,26.19,,,4.19,8001010039303,HRANA
TUBA NUTRINO JAB/BAN/KEKS 100 g,90765271,NUTRINO,0.10 kg,ko,1.05,10.5,,,1.05,8606019650629,HRANA
MELANSANA 200g SANA,90311617,SANA,0.20 kg,ko,3.45,17.25,,,3.45,3859892873219,HRANA
PIRE VOĆ JAB KOKO ANAN BIO100g FRULLA,90705132,FRULLA,0.10 kg,ko,1.19,11.9,,,1.19,8024985010528,HRANA
ĆEVAPČIĆI O'PLANT 200g VEGGIE,90704589,O PLANT,0.20 kg,ko,5.99,29.95,,,5.99,3856020259082,HRANA
GRAH CRVENI 400/240 g E BUONO ,90850327,E BUONO,0.24 kg,ko,1.09,4.54,,,0.89,3858894141746,HRANA
TIJESTO ŠKOLJKE PIR ZP 350g,90363635,ZLATO POLJE,0.35 kg,ko,1.79,5.11,,,1.79,3838700010381,HRANA
JOGURT NA BAZI KOK VOĆ MIX 150g PL PARAD,90765101,PLANT PARADISE,0.15 kg,ko,0.99,6.6,,,0.99,8595588203162,HRANA
MAST BILJNA 500g ZVIJEZDA,02270029,ZVIJEZDA,0.50 kg,ko,2.65,5.3,,,2.65,3858882210201,HRANA
TIJESTO RIGATONI 500g ZARA,90147073,PASTA ZARA,0.50 kg,ko,1.59,3.18,,,1.59,8004350130532,HRANA
BUĐOLA DALM NAR 100g MAP PIVAC,90569809,PIVAC,0.10 kg,ko,3.49,34.9,,,3.49,3858890183016,HRANA
ČIPS PRINGLES HOT&SPICY 165g,01311185,PRINGLES,0.17 kg,ko,3.49,21.15,,,3.49,5053990101542,HRANA
JABUKA CRVENI DELIŠES,01410138,,1.00 kg,kg,1.79,1.79,,,1.69,3856017203203,HRANA
CHOCO BANANA 280g KANDIT,90296114,KANDIT,0.28 kg,ko,3.99,14.25,,,3.69,3858889865466,HRANA
KOBASICA DOMAĆA DIMLJENA 300g VAK PIK,90319514,PIK,0.30 kg,ko,4.49,14.97,,,4.49,3850139173512,HRANA
JOGURT B'AKTIV TREŠNJA 330g DUKAT,90514039,B'AKTIV,0.33 kg,ko,,3.91,1.29,1.29,1.29,3850354015871,HRANA
KOKOS BRAŠNO 200g SWEET CHEF,90389189,SWEET CHEF,0.20 kg,ko,0.99,4.95,,,0.79,3838900987803,HRANA
DESERT RUM PLOČICE 45g,04221798,KANDIT,0.05 kg,ko,0.89,19.78,,,0.75,3858881042186,HRANA
PUDING PROTEIN KOK BAD 180g VINDIJA,90412467,VINDIJA,0.18 kg,ko,,5.5,0.99,1.29,1.29,3850108040920,HRANA
MLINCI BEZ JAJA 500g KOGUTEX,04011603,KOGUTEX,0.50 kg,ko,3.15,6.3,,,3.15,3859891148028,HRANA
PAHULJ NESQUIK NESTLE 625g,90072676,NESTLE ŽITAR,0.63 kg,ko,,7.98,4.99,4.99,4.99,5900020021311,HRANA
BRUSCHETTE MIJEŠ POVRĆE 70g MARETTI,04141680,MARETTI,0.07 kg,ko,0.95,13.57,,,0.95,3800205875307,HRANA
CIKLA 360g ZVIJEZDA,01593514,ZVIJEZDA,0.36 kg,ko,2.39,6.64,,,2.39,3856015303813,HRANA
HRENOVKA POLI 260g PERUTNINA,90468593,POLI,0.26 kg,ko,1.99,7.65,,,1.99,3850220153935,HRANA
SLAD SNICKERS 6X45.6g MULTIPACK,90598664,SNICKERS,0.27 kg,ko,5.49,20.04,,,5.49,5000159541336,HRANA
KOBASICA DOM SUHA S PAPRIK K PLUS,90670454,K PLUS,1.00 kg,kg,,10.99,10.99,13.49,12.49,,HRANA
CRVENI BODEČNJAK BEZ GLAVE 525g LEDO,02198615,LEDO,0.53 kg,ko,7.99,15.22,,,7.99,3850116878478,HRANA
KAVA MINAS 175g ANAMARIA,90725320,ANAMARIA,0.18 kg,ko,3.99,22.8,,,3.29,3858881775985,HRANA
KRAŠ SLATKI BOŽIĆNI MIX 373 g,90834910,KRAŠ,0.37 kg,ko,1.5,4.02,,,2,3850102013692,HRANA
ZIMSKA SALAMA 330g MA PIK,02024474,PIK VRBOVEC,0.33 kg,ko,7.99,24.21,,,7.99,3850139010626,HRANA
KAŠICA INST ČOKOLINO 200g,04174520,LINO,0.20 kg,ko,2.59,12.95,,,2.59,3850104230011,HRANA
MRAMORNI BLOK KOLAČ 400g,04140168,JOMO,0.40 kg,ko,2.89,7.23,,,2.59,9002287000262,HRANA
KEKS SPORT 1kg KRAŠ,04141855,KRAŠ,1.00 kg,ko,4.19,4.19,,,4.19,3850102311507,HRANA
PARTY TRIK MIX 300 g,90769666,TRIK,0.30 kg,ko,1.99,6.63,,,1.79,8600462020954,HRANA
KAVA MUST ESPRESSO CREMOSO ZRNO 1kg,90324312,MUST,1.00 kg,ko,19.99,19.99,,,12.39,8056370766000,HRANA
DESERT FINESSE PARTY MIX 23/1 450 g,90770398,FINESSE,0.45 kg,ko,,10.16,4.57,5.39,4.99,3838900833889,HRANA
SOL MORSKA SITNA 1kg PVC SOLANA PAG,04110005,SOLANA PAG,1.00 kg,ko,0.75,0.75,,,0.75,3859888155077,HRANA
NAMAZ HUMMUS NATURAL 200g RIBELLA,90290968,RIBELLA,0.20 kg,ko,,11.25,2.25,2.25,2.25,8606011898852,HRANA
JUN KOSTI ,02480020,PIK VRBOVEC,1.00 kg,kg,4.09,4.09,,,3.79,3850139401950,HRANA
SIR POLUTVRDI PODRAVEC 150g DUKAT,90141691,PRESIDENT,0.15 kg,ko,3.19,21.27,,,3.19,3850355007066,HRANA
PAŠTETA JETRENA 4X100g GAVRILOVIĆ,90668867,GAVRILOVIĆ,0.40 kg,ko,4.99,12.48,,,4.99,3858892723784,HRANA
ORAH INDIJSKI VEDRINI 300g,90307595,VEDRINI,0.30 kg,ko,5.29,17.63,,,5.29,3858889331121,HRANA
CHIA SJEMENKE GARDEN GOOD 200g,90514409,GARDEN GOOD,0.20 kg,ko,1.19,5.95,,,0.89,3838900988008,HRANA
PAŠTETA KOK SLAVONSKA ARGETA 95G,90268336,ARGETA,0.10 kg,ko,1.49,15.69,,,1.39,3838471031394,HRANA
KAVA LAVAZZA CREME E GUSTO 250g,90306718,LAVAZZA,0.25 kg,ko,8.99,35.96,,,7.15,8000070038769,HRANA
PAHULJ LINO PILLOWS NOUGAT XXL 700g,90714208,LINO,0.70 kg,ko,4.69,6.7,,,4.69,3856020262709,HRANA
PAHULJ LINO PILLOWS MILK XXL 700g,90714243,LINO,0.70 kg,ko,4.69,6.7,,,4.69,3856020262730,HRANA
KOLAČIĆ SREĆE 6.5 g,90349127,KOLAČIĆ SREĆE,0.01 kg,ko,0.29,44.62,,,0.29,8607000098512,HRANA
KREMA PARFE 180g DOLCELA,04180205,DOLCELA,0.18 kg,ko,3.39,18.83,,,3.39,3850104075803,HRANA
FLIPS SMOKI WOW ČOKOLADA 70g,90704843,SOKO ŠTARK,0.07 kg,ko,1.29,18.43,,,1.29,8600939508183,HRANA
KAVA SELEZIONE CREMA ZRNO 500g SEGAFREDO,90205587,SEGAFREDO,0.50 kg,ko,12.99,25.98,,,11.19,9001810011645,HRANA
TUBA VOĆ HIPPIS BIO SM JAB/KRUŠ/BOR 120ml,90308408,HIPP,0.12 l,ko,1.39,11.58,,,1.39,4062300325111,HRANA
SLAD MOCHI KAR ČOK LITTLE MOONS 6x32 g,90774791,LITTLE MOONS,0.19 kg,ko,6.99,36.42,,,6.99,5027324003277,HRANA
VRHNJE ZA KUHANJE 20 % 0.5L MEGGLE,02330821,MEGGLE,0.50 l,ko,3.29,6.58,,,3.29,3870085021835,HRANA
HREN 345g STAKLO PODRAVKA,01492033,PODRAVKA,0.35 kg,ko,2.69,7.8,,,2.69,3850104209451,HRANA
SIR POLUTVRDI RIBANI PIZZAMIX 200g,90055132,FRISCHPACK,0.20 kg,ko,3.29,16.45,,,3.29,4004164019485,HRANA
CHIA SJEMENKE VEDRINI 200 g,90769746,VEDRINI,0.20 kg,ko,1.49,7.45,,,1.49,3858889332975,HRANA
NJOKI 500g KARLA,90290452,KARLA,0.50 kg,ko,2.15,4.3,,,2.15,3858881505643,HRANA
GORSKI SIR CHILLI 340g CASEUS,90404013,OPG CASEUS,0.34 kg,ko,6.49,19.09,,,5.79,3857500021281,HRANA
UMAK SOJA 250ML KIKOMAN,01491484,KIKKOMAN,0.25 l,ko,5.99,23.96,,,5.99,8715035110304,HRANA
SIR GRILL NATUR 200g DIVAN GARDEN,90770452,DIVAN GARDEN,0.20 kg,ko,2.99,14.95,,,2.99,3858894600113,HRANA
BOMBON NIMM2 GUMEN SAUER STARS 250g,90673152,NIMM2,0.25 kg,ko,2.79,11.16,,,2.79,4014400931914,HRANA
CHILI LJUTI 35g MLINAC KOTANYI,04100442,KOTANYI,0.04 kg,ko,,68.29,2.39,3.99,3.98,9001414041154,HRANA
OCAT ALKOHOLNI 0.5L KISKO,03120039,KISKO,0.50 l,ko,1.05,2.1,,,1.05,3850164310142,HRANA
CRIJEVA SVINJ TANKA 10M 34/36 CROMA,02030075,CROMA,1.00 ko,ko,2.59,2.59,,,2.65,3859890197027,HRANA
ŠUNKA SUHA ISTARSKA BK 1/2 PISINIUM,90829988,PISINIUM,1.00 kg,kg,17.99,17.99,,,17.99,,HRANA
ŠLJIVA SUHA B/K 200 g NATURA,90850624,NATURA,0.20 kg,ko,2.79,13.95,,,2.69,3859892798505,HRANA
PIL KRILA U PIKANTNOJ MARINADI 450g VINDIJA,90038821,CEKIN,0.45 kg,ko,4.49,9.98,,,4.49,3850159150227,HRANA
ČOKOLADA MILKY PLUS 90g KANDI,90059584,KANDIT,0.09 kg,ko,1.69,18.78,,,1.69,3858881047693,HRANA
KVASAC SUHI 100g INSTANT DOLCELA,90141967,DOLCELA,0.10 kg,ko,1.29,12.9,,,1.29,3850104266034,HRANA
TALIANETTA TJEST MILANEZE 155g PODRAVKA,90770354,PODRAVKA,0.16 kg,ko,2.49,16.06,,,2.49,3856020269340,HRANA
SIR TVRDI BOKUN 300g MIH,90486862,SIRANA MIH,0.30 kg,ko,11.99,39.97,,,11.99,3859891700967,HRANA
ŠTRUKLI MINUTE 600g,90669338,MINUTE,0.60 kg,ko,,4.16,2.49,3.32,3.32,3850334107237,HRANA
SIR TOPLJ LIST EMENTAL DELISO 200g,90750907,DELISO,0.20 kg,ko,1.85,9.25,,,1.85,3850334082626,HRANA
DESERT TIRAMISU 2X80g DOLCE ITALIA,90759881,DOLCE VITA,0.16 kg,ko,2.99,18.69,,,2.49,8003938011225,HRANA
BRAŠNO NAMJ TANKA TIJ T-700 1kg ČAK,04034281,ČAK MLINOVI,1.00 kg,ko,1.49,1.49,,,1.52,3858884172576,HRANA
BOMBON ŠUMI FRU FRU TATOO 74g ŽITO,04196764,ŠUMI,0.07 kg,ko,1.69,22.84,,,1.69,3838700040548,HRANA
TJESTENINA U ČAŠI CURRY 63g MAGGI,90360829,MAGGI,0.06 kg,ko,2.09,33.17,,,2.09,8445291837621,HRANA
DŽEM EXTRA ŠUMSKO VOĆE 320g PODRAVKA,90572914,PODRAVKA,0.32 kg,ko,3.89,12.16,,,3.89,3856020253134,HRANA
SALATA VOĆNA ANANAS MINUTE 265g,90570215,MINUTE,0.27 kg,ko,,9.4,2.49,2.99,2.99,3850334524430,HRANA
ČOKOLADA DORINA EXTRA MILK 220g,90825646,DORINA,0.22 kg,ko,,13.59,2.99,4.49,4.49,3850102012930,HRANA
KAVA NOTA ESPRESSO DG 16/1 112g FRANCK,90569644,FRANCK NOTA,0.11 kg,ko,,42.68,4.78,5.99,5.99,3850291053011,HRANA
JOGURT JOGOBELLA EXOTIC 150g ZOTT,02321047,JOGOBELLA,0.15 kg,ko,0.69,4.6,,,0.65,4014500503684,HRANA
SIR POLU CHEDDAR MATURE 200g,90354118,PRESIDENT,0.20 kg,ko,4.29,21.45,,,4.29,5017838821658,HRANA
OCAT JABUČNI 1L MAUTNER,03120019,MAUTNER MARK,1.00 l,ko,2.79,2.79,,,2.79,9011900104683,HRANA
HREN LUDBREŠKI 200g,90127919,LUDBREŠKI HREN,0.20 kg,ko,2.49,12.45,,,2.49,3859893697005,HRANA
ČOKOLADA SAMO TI JAGODA 250g,90705511,SAMO TI,0.25 kg,ko,3.89,15.56,,,2.99,3858881063594,HRANA
TORTELLINI RICCOTA ŠPINAT 250g NAŠE K,90400510,AURELIA,0.25 kg,ko,2.89,11.56,,,2.89,3859892780692,HRANA
KAVA DG RISTRETTO NAPOLI 16/1 128g,90362762,DOLCE GUSTO,0.13 kg,ko,6.49,50.7,,,6.49,8445290421456,HRANA
TIJESTO K PLUS SPAGH PREM INT 500g,90072962,K PLUS,0.50 kg,ko,,1.98,0.99,1.39,1.39,3850334363558,HRANA
KOBASICA LJUTA 300g VAK,90652709,PIK VRBOVEC,0.30 kg,ko,4.49,14.97,,,4.49,3850139173994,HRANA
SV GLAVA SK ,02400276,PIK VRBOVEC,1.00 kg,kg,0.99,0.99,,,0.99,3850139400793,HRANA
MARINIRANI PILEĆI BATAK ZABATAK OTKOŠTENI RAW-ŠTILJ,90785367,RAW ŠTILJ,1.00 kg,kg,6.29,6.29,,,6.29,3850159155376,HRANA
UMAK BARBECUE 480G HEINZ,90080368,HEINZ,0.48 kg,ko,4.89,10.19,,,4.91,8410066144198,HRANA
SIR TVRDI OVČJI 230g ŠPIN,90770460,ŠPIN,0.23 kg,ko,11.99,52.13,,,11.99,3858881196520,HRANA
KEKS DIGESTIVE INTEGRAL 400g MCVITIES,90325967,MCVITIE'S,0.40 kg,ko,3.49,8.73,,,3.69,5000396025026,HRANA
TIJESTO PERLINE 24 500g PASTA ZARA,04050729,PASTA ZARA,0.50 kg,ko,1.59,3.18,,,1.59,8004350130242,HRANA
KREKER CROCO SLANI 400g,90298562,CROCO,0.40 kg,ko,3.09,7.73,,,3.05,5941194000061,HRANA
JUHA POV NOODLES MINUTE 4X70g,90730965,MINUTE,0.28 kg,ko,1.69,6.04,,,1.69,3850334070517,HRANA
BADEM LISTIĆI 100g SWEET CHEF,90513439,SWEET CHEF,0.10 kg,ko,1.79,17.9,,,1.39,3838900987780,HRANA
MIX ANAMARIA 3U1 180g,04070423,ANAMARIA,0.18 kg,ko,2.39,13.28,,,2.39,3858881770881,HRANA
DESERT FINESSE CH CARAMEL BISCUITE 15/1 350 g,90770403,FINESSE,0.35 kg,ko,,10.14,3.55,4.19,3.99,3838900833902,HRANA
MORTADELA K PLUS NAR 150g,90570283,K PLUS,0.15 kg,ko,,9.93,1.49,1.99,1.85,3850334413420,HRANA
MJEŠAVINA BULGUR 400g LEDO,90411986,LEDO,0.40 kg,ko,2.99,7.48,,,2.99,3850116036052,HRANA
SIR POLUTVRDI TRAPIST K PLUS 300g,90052151,K PLUS,0.30 kg,ko,4.79,15.95,,,4.79,3850334336712,HRANA
RAŽNJIĆI BUT/ČMT PAPRIKA 510g PPK,90623242,PPK,0.51 kg,ko,4.79,9.39,,,4.79,3858881619838,HRANA
KRUPICA KUKURUZNA K PLUS 750g,90513318,K PLUS,0.75 kg,ko,0.99,1.32,,,0.99,3850334446329,HRANA
MJEŠAVINA GURMAN 400g,90730631,LEDO,0.40 kg,ko,2.99,7.48,,,2.99,3850116059815,HRANA
PUDING VAN SA ŠLAGOM 4X125g VINDIJA,90043569,FINO MI JE,0.50 kg,ko,1.99,3.98,,,1.99,3850108040081,HRANA
TIJESTO GRAMIGNONE 27 500g ZARA,04050192,PASTA ZARA,0.50 kg,ko,1.59,3.18,,,1.59,8004350130273,HRANA
TIJESTO KRPICE VELIKE JAJ 400g MAROD,04051160,MARODI,0.40 kg,ko,2.59,6.48,,,2.39,3859888666283,HRANA
MIX FR 3U1 180g VR,04071163,FRANCK,0.18 kg,ko,2.29,12.72,,,2.29,3858881084452,HRANA
NAMAZ FINESSE DUO LJEŠNJAK MLIJEKO 400 g,90749838,FINESSE,0.40 kg,ko,,5.93,2.37,2.79,2.65,3838900834640,HRANA
SIR POLUTV K PLUS GOUDA DIMLJ 100g,90291808,K PLUS,0.10 kg,ko,1.45,14.5,,,1.45,3850334343475,HRANA
BOMBON HARIBO BRESKVA 100g,04340724,HARIBO,0.10 kg,ko,1.59,15.9,,,1.59,9002975380522,HRANA
BOMBONI HARIBO BOBICE 100G,90211323,HARIBO,0.10 kg,ko,1.59,15.9,,,1.59,4001686705315,HRANA
TIJESTO ŠIR VALJ REZANCI S JAJIMA 400g 1147,04050105,ZLATO POLJE,0.40 kg,ko,2.69,6.73,,,2.69,3838700011470,HRANA
LASAGNE BOLOGNESE 400g COME A CASA,90713374,COME A CASA,0.40 kg,ko,2.69,6.73,,,2.69,5900741604657,HRANA
POPCORN CHIO SLANI 3X80g,90467802,CHIO,0.24 kg,ko,2.19,9.13,,,2.19,3856021303616,HRANA
ČIPS LAY'S  MAXX SIR/LUK 120g,90720097,PEPSICO,0.12 kg,ko,,16.58,1.99,2.29,1.89,5900259127754,HRANA
POMMES FRITES FRESCO 1kg LEDO,02361495,FRESCO,1.00 kg,ko,4.29,4.29,,,4.29,3850116782409,HRANA
TIJESTO SVJ ZA PIZZU AMERICAN 380g MINUTE,90518330,MINUTE,0.38 kg,ko,,3.39,1.29,1.65,1.65,3850334412003,HRANA
DES KINDER BUENO WHITE T5.97.5g,90705920,FERRERO,0.10 kg,ko,2.69,27.59,,,2.49,8000500394694,HRANA
FLIPS POM BAR PAPRIKA 50g,90404064,POM BAR,0.05 kg,ko,,19.8,0.99,1.19,1.19,3856021302732,HRANA
JUHA ŠVICARSKA 54g PODRAVKA,04160280,PODRAVKA,0.05 kg,ko,1.39,25.74,,,1.39,3850104007385,HRANA
ŠUNKA SELJAČKA VAC PIK,90346429,PIK,1.00 kg,kg,11.99,11.99,,,11.99,3850139030570,HRANA
ČOKOLADA LUMPI MLIJEČNA 8/1 100 g,90770858,LUMPI,0.10 kg,ko,,9.9,0.99,1.29,1.19,8605028605811,HRANA
ČOKOL MILKA OREO BIJELA 100g,90404734,MILKA,0.10 kg,ko,2.49,24.9,,,2.49,7622210544179,HRANA
KEKS FINESSE SENDVIČ VANILIJA 500g,90410351,FINESSE,0.50 kg,ko,,3.38,1.69,1.99,1.99,3850334190161,HRANA
PROTEIN NAPITAK ČOKOLADA 250ML ZOTT,90724904,ZOTT,0.25 l,ko,1.39,5.56,,,1.29,4014500520032,HRANA
PECIVO KVIKI RIBICA 200g PODRAVKA,04145521,KVIKI,0.20 kg,ko,1.79,8.95,,,1.79,3850104007620,HRANA
PAŠTETA OD LOSOSA ARGETA 95g    ,90108959,ARGETA,0.10 kg,ko,2.39,25.17,,,2.39,3838471013109,HRANA
KAKAO PRAH 100g KANDIT,04210919,KANDIT,0.10 kg,ko,2.39,23.9,,,3.09,3858881044012,HRANA
 KRUMPIR PEKARSKI 750g LEDO,90568826,LEDO,0.75 kg,ko,,4.52,3.39,4.29,4.29,3850116006741,HRANA
PANCETA DALMATINSKA CCA 1.2kg PIVAC,90453957,PIVAC,1.00 kg,kg,11.49,11.49,,,12.49,3858884996301,HRANA
MARGARIN STOLNI 4x250g ZVIJEZDA,90571488,ZVIJEZDA,1.00 kg,ko,3.15,3.15,,,3.15,3856015323989,HRANA
SLAD MACHO BIJELA ČOKOLADA 370 ml,90764880,MACHO,0.37 l,ko,4.29,11.59,,,3.99,3850116063966,HRANA
ŠEĆER U PRAHU 250g FRANCK,04120517,FRANCK,0.25 kg,ko,0.99,3.96,,,0.99,3858881087460,HRANA
KEKS DOLCI CEREALI KAKAO DULCETTI 230g,90662995,DULCETTI,0.23 kg,ko,,5.61,1.29,1.75,1.75,3850334011084,HRANA
MLIJEČNO PECIVO 400G MORATO,90167322,MORATO,0.40 kg,ko,3.05,7.63,,,3.05,8006837001083,HRANA
SIR POLUTV MOZZARELLA 300g ZDENKA,90759894,ZDENKA,0.30 kg,ko,4.29,14.3,,,4.29,3858888599454,HRANA
TUNJ SALATA MEDITERANA 160g EVA,90320974,EVA,0.16 kg,ko,4.29,26.81,,,4.29,3856020217648,HRANA
KEKS PREKRAŠNI PUNJ VIŠNJA 220g,90485666,PREKRAŠNI KOLAČIĆI,0.22 kg,ko,2.59,11.77,,,2.59,3850102011278,HRANA
KOLUTIĆI LIGNJE PANIRANI 1kg,90302162,LEDO,1.00 kg,kg,7.99,7.99,,,7.99,3850116003603,HRANA
ZAČIN ČEŠNJAK GRANULE VR 25g VEGETA MAESTRO,90282240,VEGETA MAESTRO,0.03 kg,ko,1.09,43.6,,,1.09,3850104294440,HRANA
NAPITAK ZOB BADEM EKO 1L BOOM BOX,90493633,BOOM BOX,1.00 l,ko,3.49,3.49,,,3.29,3858890476927,HRANA
KREKER VIC SLANI 150g KRAŠ,90599120,VIC,0.15 kg,ko,1.29,8.6,,,1.29,3850102522040,HRANA
KRUH PAN BAULETO INTEG 400g BARILLA,04016533,BARILLA,0.40 kg,ko,2.25,5.63,,,2.25,8076809582483,HRANA
MUFFINS 350g DOLCELA,04180657,DOLCELA,0.35 kg,ko,,8.54,2.99,3.89,3.79,3850104244834,HRANA
LJEŠNJAK JEZGRA PP ORAHOVICA 500g,90622799,PP ORAHOVICA,0.50 kg,ko,10.99,21.98,,,6.79,3858889832871,HRANA
TOAST CLASSIC 400g MLINAR,90714180,MLINAR,0.40 kg,ko,1.89,4.73,,,1.75,3858881120419,HRANA
MUESLI CRUNCHY CHOCOLATE 350g AWT,90170685,NATUREL,0.35 kg,ko,,7.4,2.59,2.59,3.59,3859889139304,HRANA
SLAD GELATISSIMO BADEM 5X110ml,90360452,GELATISSIMO,0.55 l,ko,4.29,7.81,,,4.29,3838900844786,HRANA
ŠUNKA U OVITKU PIVAC,90800656,PIVAC,1.00 kg,kg,6.49,6.49,,,5,3858884998138,HRANA
PEKMEZ OD ŠLJIVA BAKINA TAJNA 375G,01500321,BAKINA TAJNA,0.38 kg,ko,4.79,12.77,,,4.79,8600103131971,HRANA
KEKS DOMAĆI MIX 500g KEKSOMANIJA,90750969,KEKSOMANIJA,0.50 kg,ko,4.59,9.18,,,4.59,3859894212016,HRANA
BOMBON RICOLA ORGIN BILJNA 40g KUT,04190250,RICOLA,0.04 kg,ko,1.59,39.75,,,1.59,7610700923061,HRANA
SOM SVJ ODREZAK PAK KONZUM,90306878,,1.00 kg,kg,,7.99,7.99,6.99,9.99,,HRANA
NAMAZ POVRTNI CRNA MASLINA 95g ARGETA,90675216,ARGETA,0.10 kg,ko,1.89,19.89,,,1.89,8606018021840,HRANA
TIJESTO K PLUS PENNE RIGATE PREMIUM 500g,90312379,K PLUS,0.50 kg,ko,,1.98,0.99,1.39,1.39,3850334352507,HRANA
SLAD GELATISSIMO TIRAMISU 900ml,90599249,GELATISSIMO,0.90 l,ko,3.99,4.43,,,3.99,3850334009562,HRANA
BOŽIĆNE KUGLICE MIX 75g INCO,90825772,INCO,0.08 kg,ko,0.1,1.33,,,0.1,5901812692559,HRANA
KAŠICA HIPP PURET RIŽ MRK 8MJ 220g,03140030,HIPP,0.22 kg,ko,,8.14,1.79,2.09,2.09,9062300134411,HRANA
PAPRIKA SLATKA DELIKAT 100g ŠAFRAM,04100731,ŠAFRAM,0.10 kg,ko,1.89,18.9,,,1.59,3859888163317,HRANA
ZAČIN FAJITA 40g LA FIESTA,04101091,LA FIESTA,0.04 kg,ko,1.29,32.25,,,1.29,5412514935184,HRANA
KAVA STARB CARAMEL DG 12/1 127.8g,90412306,STARBUCKS,0.13 kg,ko,6.49,50.78,,,6.49,7613287002488,HRANA
UMAK PIZZA 490g ZVIJEZDA,01491257,ZVIJEZDA,0.49 kg,ko,1.99,4.06,,,2.09,3858882212502,HRANA
KAVA INTESO ESP NS 10/1 57g LAVAZZA,90725316,LAVAZZA,0.06 kg,ko,5.79,101.58,,,5.59,8000070054271,HRANA
NAPITAK BADEM BŠ EKO 1L BRIDGE,90713251,THE BRIDGE,1.00 l,ko,2.69,2.69,,,2.69,8019428007289,HRANA
ŠLAGFIX 8g PODRAVKA,04183392,DOLCELA,0.01 kg,ko,0.39,48.75,,,0.39,3850104219481,HRANA
MED BAGREM 720g DOMED,90698380,DOMED OBRT,0.72 kg,ko,11.99,16.65,,,11.99,3859893707087,HRANA
KREMA ACETO BALZAMICO 250ML CARANDIN,03120198,CARANDINI,0.25 l,ko,4.49,17.96,,,4.49,8014347006801,HRANA
BUČINA GOLICA GG PEČENA NESLANA 100g,90518730,GARDEN GOOD,0.10 kg,ko,,9.9,0.99,1.39,1.39,3838900802489,HRANA
JOGURT BEZ LAKT NAT 180g FREE ZONE,90770072,FREE ZONE,0.18 kg,ko,0.45,2.5,,,0.45,3838900830215,HRANA
STEPKO 1000g VERONIKA,02329050,VERONIKA,1.00 kg,ko,1.45,1.45,,,1.15,3859889622356,HRANA
SRDELA SLANA U  DJ.M.ULJU TRENT 370g,90114659,TRENTON,0.24 kg,ko,8.79,36.17,,,8.79,3859888906358,HRANA
KEKS PAN DI STELLE 350g 488001,04140028,BARILLA,0.35 kg,ko,4.59,13.11,,,4.59,8076809574075,HRANA
TARTUFI I MASLINE 80g ZIGANTE,01600103,ZIGANTE,0.08 kg,ko,7.03,87.88,,,7.03,3859889179652,HRANA
TIJESTO ANELLINI 20 500g ZARA,04050744,PASTA ZARA,0.50 kg,ko,1.59,3.18,,,1.59,8004350130204,HRANA
BRAŠNO K PLUS PŠENIČNO INTEGRALNO 1kg,90789887,K PLUS,1.00 kg,ko,0.99,0.99,,,0.99,3850334110596,HRANA
JUHA OD RAJČICE S TJESTENINOM 62g MAGGI,90483183,MAGGI,0.06 kg,ko,1.09,17.58,,,1.09,7613287259608,HRANA
JOGURT B AKTIV SMOOT MATC 330G DUKAT,90514075,B'AKTIV,0.33 kg,ko,1.99,6.03,,,1,3850354015949,HRANA
BOMBONI GUM ORGINAL HITS 200 g TROLLI,90755006,TROLLI,0.20 kg,ko,4.39,21.95,,,4.39,4000512365006,HRANA
SIR TVRDI U TERANU  1/4 ŠPIN,90091915,ŠPIN,1.00 kg,kg,31.99,31.99,,,29.99,3858881194236,HRANA
BRAŠNO K PLUS KUKURUZNO 1kg,90513311,K PLUS,1.00 kg,ko,0.99,0.99,,,0.99,3850334446343,HRANA
DESERT CORNY BIG KIKIRIKI 50g,04221367,SCHWARTAU,0.05 kg,ko,1.19,23.8,,,1.19,4011800599515,HRANA
NAPITAK KOKOS BADEM 1L ALPRO,90149151,ALPRO,1.00 l,ko,3.79,3.79,,,3.79,5411188118732,HRANA
CVJETAČA GARDEN GOOD 750g,90704016,GARDEN GOOD,0.75 kg,ko,2.39,3.18,,,1.99,3838900835234,HRANA
ČAJ TEEKANNE DETOX&SLIM 32g,90233061,TEEKANNE,0.03 kg,ko,2.59,80.94,,,2.59,5901086046799,HRANA
KUGLICE VOĆ ŠLJI BUN ACTIVE ZONE 144 g,90749757,ACTIVE ZONE,0.14 kg,ko,2.79,19.37,,,2.79,8605028609574,HRANA
BRESAOLA 100 g NAR SPECIAL MOMENTS,90825723,SPECIAL MOMENTS,0.10 kg,ko,4.99,49.9,,,4.49,3850334428950,HRANA
MANGO GARDEN GOOD 400 g,90764957,GARDEN GOOD,0.40 kg,ko,2.99,7.48,,,2.99,8605028614844,HRANA
TORTELINI S PRŠUTOM 250g MINUTE,90729783,MINUTE,0.25 kg,ko,1.59,6.36,,,1.59,3850334053862,HRANA
JUHA POV. NOODLES 75g FINI MINI ,90599270,FINI MINI,1.00 ko,ko,0.69,0.69,,,0.69,3856020258115,HRANA
SLAD TORTERIE JOGURT BOROVNICA 500ml,90617900,TORTERIE MACARON,0.50 l,ko,7.89,15.78,,,7.89,3859893855320,HRANA
CRIJEVA SVINJ TANKA 32/34 10M CROMA,02481587,CROMA,1.00 ko,ko,3.35,3.35,,,3.35,3859890197294,HRANA
BOMBON HARIBO MIAMI FIZZ 85g,90568940,HARIBO,0.09 kg,ko,1.59,18.71,,,1.59,8426617359850,HRANA
SENDVIČ CLASSIC MINUTE 220 g,90800561,MINUTE,0.22 kg,ko,2.99,13.6,,,2.99,3850334421197,HRANA
PRŠUT DELIKATES 1/2 DOBRO,90487164,DOBRO,1.00 kg,kg,27.09,27.09,,,27.09,3850133812608,HRANA
SIR POLUT TRAPIST KORA 45% VAC ZDENK,02053906,ZDENKA,1.00 kg,kg,15.99,15.99,,,15.99,3858888590451,HRANA
PLOČICA KIKIR BADEM 50g NUTTY,90708075,NUTTY BARICA,0.05 kg,ko,2.39,47.8,,,2.39,3857500109637,HRANA
LAKS KARE DIMLJ BK CCA 450g VAKUM,90704591,KUDELIĆ,1.00 kg,kg,21.99,21.99,,,19.99,,HRANA
ORAH BRAZILSKI VEDRINI 150g,90377881,VEDRINI,0.15 kg,ko,4.69,31.24,,,3.39,3858889332128,HRANA
BRAŠNO NAM ZA DIZ TIJ T-550 1kg MLIN,04030091,MLINETA,1.00 kg,ko,1.19,1.19,,,1.3,3859888419063,HRANA
INSTANT KAVA RITUAL CLASSIC 100 g,90749860,RITUAL,0.10 kg,ko,,33.5,3.35,4.19,4.19,3850334083036,HRANA
PECIVO GRAHAM 6/1 360g KLARA,90597809,KLARA,0.36 kg,ko,1.95,5.42,,,1.85,3856016906457,HRANA
ČOKOLADA FINESSE NOISETTE 220g,90648594,FINESSE,0.22 kg,ko,,13.09,2.88,3.39,3.39,3838900807651,HRANA
PUREĆE PLJESKAVICE 400g SMR VINDIJA,02451417,VINDON,0.40 kg,ko,4.49,11.23,,,4.49,3850339439104,HRANA
ZAČIN ZA RIBU 30g VEGETA NATUR,90185726,VEGETA NATUR,0.03 kg,ko,1.19,39.67,,,1.19,3850104278617,HRANA
BOMBON GUMENI JUICY DROP 57g BAZOOKA,90673679,BAZOOKA,0.06 kg,ko,3.29,57.72,,,2.99,5011053022272,HRANA
TUNJ SLOVA KOM SUNC ULJE 145 g/104 g,90869917,SLOVA,0.11 kg,ko,1.69,15.09,,,1.69,3850334171078,HRANA
BADEM PRŽENI 125g VREĆ NUTLINE,90423477,NUTLINE,0.13 kg,ko,3.19,25.52,,,3.19,5941445676212,HRANA
BOŽIĆNA KUTIJICA  MIX 60 g,90825775,INCO,0.08 kg,ko,0.5,6.25,,,0.1,5901812694003,HRANA
KAVA STARB LATTE MACCHIA DG 12/1 129g,90412290,STARBUCKS,0.13 kg,ko,6.49,50.31,,,6.49,7613287002457,HRANA
ČIPS OD LEĆE CHIO MORSKA SOL 65g,90825748,CHIO,0.07 kg,ko,1.99,30.62,,,1.99,5996253002210,HRANA
BOMBON GUM PJEN KIKI MEDO 90g KRAŠ,90251387,KIKI,0.09 kg,ko,,11,0.99,1.19,1.19,3850102508921,HRANA
PARTY MAXI MIX CHIO 100g,90600071,CHIO,0.10 kg,ko,1.39,13.9,,,1.39,4000522060915,HRANA
BOMBON NIMM2 GUMENI SOFTIES JOGURT 90g,90365253,NIMM2,0.09 kg,ko,1.19,13.22,,,1.19,4014400936537,HRANA
JOGURT BEZ LAKT JAG 160g FREE ZONE,90770071,FREE ZONE,0.16 kg,ko,0.55,3.44,,,0.55,3850334101488,HRANA
NAPITAK ČOKO NOISETTE 250 ml MILKA,90830447,MILKA,0.25 l,ko,1.79,7.16,,,1.55,5711953190117,HRANA
DESERT KNOPPERS NUTBAR 3/1 120g,90405385,KNOPPERS,0.12 kg,ko,2.09,17.42,,,2.09,4014400929058,HRANA
KOLAČ BALCONI MIX/MAX 350g,04022256,BALCONI,0.35 kg,ko,4.59,13.11,,,4.79,8001585001040,HRANA
ČAJ JABUKA CIMET PODRAVKA 50g,90055396,PODRAVKA,0.05 kg,ko,2.29,45.8,,,2.06,3850104263064,HRANA
ČOKOLADNE BANANE 17/1 289 g EVROPA,90895080,LEVENTIĆ,0.29 kg,ko,2,6.92,,,2.79,5310002154218,HRANA
MIX JACOBS 3U1 12.60 g,90914656,JACOBS,0.01 kg,ko,0.5,39.68,,,0.5,8711000577950,HRANA
MIX JACOBS ICE COFFEE 12.70 g,90914658,JACOBS,0.01 kg,ko,0.5,39.37,,,0.5,8711000577998,HRANA
LEDENI ŠTAPIĆI BARBIE 10/1 500 ml,90914668,BARBIE,0.50 l,ko,0.3,0.6,,,1.49,9001643264232,HRANA
SIR NAM ABC TARTUFI 100 g,90904838,ABC,0.10 kg,ko,1.99,19.9,,,1.99,3850257061913,HRANA
SIR POLUTV GAUDA 200 g VINDIJA,90904941,VINDIJA SIREVI,0.20 kg,ko,3.49,17.45,,,3.49,3850108057980,HRANA
SIR TVRDI EMENTALER  300 g VINDIJA,90904938,VINDIJA SIREVI,0.30 kg,ko,5.49,18.3,,,5.49,3850108057966,HRANA
SIR POLUTV CHEDDAR  200 g VINDIJA,90904928,VINDIJA SIREVI,0.20 kg,ko,3.89,19.45,,,3.89,3850108057959,HRANA
RAJČICA SJEC BOS ORIG 400 g PODRAVKA,90914908,PODRAVKA,0.40 kg,ko,1.99,4.98,,,1.99,3856020280390,HRANA
KOBASICA GROBNIČKA,90919673,FIVAS,1.00 kg,kg,10.99,10.99,,,10.99,,HRANA
DŽEM MARELICA I MANDAR K PLUS 840g,90067424,K PLUS,0.84 kg,ko,,2.96,2.49,3.45,3.45,3850334351029,HRANA
BOMBONJERA GRIOTTE 358g KRAŠ,04250897,GRIOTTE,0.36 kg,ko,12.49,34.89,,,12.49,3850102125845,HRANA
PIRE VOĆNI FOCUS BIO  200 g O PLANT,90780062,O PLANT,0.20 kg,ko,1.99,9.95,,,1.99,3856020270636,HRANA
SVJ TIJESTO ZA PIZZU MINUTE 400g,04020475,MINUTE,0.40 kg,ko,1.55,3.88,,,1.55,3850334279484,HRANA
OCAT BALZAMSKI SPICE CHEF 0.5L,90749783,SPICE CHEF,0.50 l,ko,2.15,4.3,,,2.15,3850334072092,HRANA
KUKURUZ ŠEĆERAC 140g LIM PODRAVKA,01492145,PODRAVKA,0.14 kg,ko,1.19,8.5,,,1.19,3850104221682,HRANA
KAŠA ZOB RISE&SMILE ŠUM VOĆ 4/1 260g,90713223,RISE&SMILE,0.26 kg,ko,,6.12,1.59,1.99,1.99,3850334043511,HRANA
SIR POLUTVRDI MASDAM K PLUS 300g FRI,90070216,K PLUS,0.30 kg,ko,3.99,13.3,,,3.99,3850334351470,HRANA
CORDON BLUE PILEĆI 600g CEKIN,02371683,CEKIN,0.60 kg,ko,9.29,15.48,,,9.29,3850159141522,HRANA
PAHULJICE LUMPI CHOCO RICE 250g,90593648,LUMPI,0.25 kg,ko,,3.6,0.9,1.06,1.06,3850334009319,HRANA
JETRENA PAŠTETA 50 g 4+1 GRATIS GAVRILOVIĆ,90800934,GAVRILOVIĆ,0.20 kg,ko,4.36,21.8,,,4.36,3858892726303,HRANA
SIR SVJEŽI RICOTTA 250G GALBANI,90167637,GALBANI,0.25 kg,ko,2.49,9.96,,,2.19,8000430194012,HRANA
SLAD LEDO M4 KING DOUBLE MINI 240 ml,90370065,KING,0.24 l,ko,6.09,25.38,,,5.99,3850116005973,HRANA
CROISSANT 7DAYS MIDI LJEŠNJAK COOKIE 60g,90360281,CHIPITA,0.06 kg,ko,0.86,14.33,,,0.86,7622201392055,HRANA
KAVA CLASSIC NS 10/1 57g FRANCK,90673611,FRANCK NC,0.06 kg,ko,,62.98,3.59,4.49,4.49,3850291053684,HRANA
TIJESTO PENNE 1kg PASTA ZARA,90754971,PASTA ZARA,1.00 kg,ko,2.39,2.39,,,2.39,8004350120496,HRANA
PROTEIN BAR COOKIES&CREAM 60g,90373155,POLLEO,0.06 kg,ko,1.99,33.17,,,1.99,3858892292358,HRANA
PIRE VOĆNI IMMUNO BIO 200 g O PLANT,90780056,O PLANT,0.20 kg,ko,1.99,9.95,,,1.99,3856020270605,HRANA
KEKS FINESSE CHOCO COOKIES 250g,90553350,FINESSE,0.25 kg,ko,1.59,6.36,,,1.59,3850334393784,HRANA
UŠTIPAK ŠUNKA SIR 800 g MINUTE,90810833,MINUTE,0.80 kg,ko,,3.24,2.59,3.59,3.49,3850334429889,HRANA
ČOKOLADA LJEŠNJAK KANDIT 210g FLOW PACK,90642972,KANDIT,0.21 kg,ko,4.19,19.95,,,4.19,3856024803885,HRANA
PARTY MIX CROCO 500g,90298492,CROCO,0.50 kg,ko,3.39,6.78,,,3.39,5941194000917,HRANA
SENDVIČ PANE AMORE TUNA PAPRIK 140G,90409399,PANE AMORE,0.14 kg,ko,2.79,19.93,,,2.79,8020693230036,HRANA
MLIJEKO BEZ LAKTOZE 2.8% 0.2L VINDIJA,90361910,Z BREGOV,0.20 l,ko,0.59,2.95,,,0.59,3850108023558,HRANA
MED CVJETNI HR  900g APIMEL,90363435,APIMEL,0.90 kg,ko,7.7,8.56,,,7.7,3859888851733,HRANA
SIR MEKI MASCARPONE 250g DUKAT,02398988,GALBANI,0.25 kg,ko,3.99,15.96,,,3.69,8606002113469,HRANA
ČOKOL MERCI BADEMI I LJEŠNJAK 100G,90229167,MERCI,0.10 kg,ko,2.79,27.9,,,2.79,4014400914252,HRANA
FLIPS SMOKI 40g SOKO ŠTARK,04141720,SOKO ŠTARK,0.04 kg,ko,0.5,12.5,,,0.5,8600939507070,HRANA
MIN VODA STUDENAC 1.5L GAZ PET,03180888,STUDENAC,1.50 l,ko,0.89,0.59,,,0.89,3856022300836,PIĆE
TERANINO 0.75 L HARMUND,90875115,HARMUND,0.75 l,ko,19.99,26.65,,,19.99,3859893459894,PIĆE
VINO GOLDSCHMIDT FRANKOVKA 0.75L,90332438,GOLDSCHMIDT,0.75 l,ko,6.69,8.92,,,6.69,3858882610414,PIĆE
COCKTAIL CUBA LIBRE 0.33l nb,90291840,A LE COQ,0.33 l,ko,1.65,5,,,1.55,4740098002956,PIĆE
GIN MUSWELL HILL LONDON DRY 0.5L,90599948,ST NICOLAUS,0.50 l,ko,7.29,14.58,,,7.29,8586019222920,PIĆE
PIVO ESTRELLA DAMM LIM 0.50 L,90233059,ESTRELLA DAMM,0.50 l,ko,1.69,3.38,,,1.69,8410793286123,PIĆE
VODKA SMIRNOFF RED LABEL 0.70L,03081710,SMIRNOFF,0.70 l,ko,18.09,25.84,,,17.65,5410316671118,PIĆE
COCKTAIL BLUE LAGOON 0.33L NB,90764945,A LE COQ,0.33 l,ko,1.65,5,,,1.55,4740098002918,PIĆE
RAKIJA ŠLJIVOVICA 0.1L MARASKA,03060769,MARASKA,0.10 l,ko,1.79,17.9,,,1.79,3850158300708,PIĆE
LIKER PELINKOV NARANČA 1L 25% BADEL,90077666,BADEL 1862,1.00 l,ko,16.05,16.05,,,16.05,3850112110930,PIĆE
WHISKY JAMESON 0.7L+2ČAŠE      ,90106202,JAMESON,0.70 l,ko,28.29,40.41,,,28.29,5011007004446,PIĆE
CIDER SOMERSBY LUBENICA 0.5L LIM,90403573,SOMERSBY,0.50 l,ko,1.79,3.58,,,1.79,3858887583393,PIĆE
PIVO HEINEKEN 4PACK 0.33L,90319519,HEINEKEN,1.32 l,ko,4.59,3.48,,,4.45,3850103901417,PIĆE
PIVO ERDINGER HELLES 0.5L NB ,90607830,ERDINGER,0.50 l,ko,2.15,4.3,,,2.15,4005873210255,PIĆE
PIVO VUKOVARSKO 0.5L PB,90325310,VUKOVARSKO,0.50 l,ko,1.25,2.5,,,1.25,3859893353055,PIĆE
KOKOSOVA VODA 0.32L LIM,90330549,COCONAUT WATER,0.32 l,ko,2.25,7.03,,,2.25,8936020052533,PIĆE
WHISKEY KENTUCKY HIGHWAY 0.7L,90411183,KENTUCKY HIGHWAY,0.70 l,ko,10.45,14.93,,,10.45,4006714007669,PIĆE
LIKER PELIN PREMIER 30.5 % 1.0L,90169626,ZVEČEVO,1.00 l,ko,11.99,11.99,,,11.99,3858894171002,PIĆE
NEGAZ PIĆE BRESKVA FRUCTAL CLASS 1L,90142230,FRUCTAL,1.00 l,ko,,1.49,1.49,1.89,1.89,3838945029223,PIĆE
VINO TGA ZA JUG 0.75L KV,03020172,TIKVEŠ,0.75 l,ko,5.29,7.05,,,5.29,5310008007129,PIĆE
VINO MERLOT VRH 0.75L VINA BELJE,90311418,BELJE,0.75 l,ko,14.99,19.99,,,14.99,3850257019570,PIĆE
PIVO FRANZISKANER PŠENIČNO  0.5L NB,90361129,FRANZISKANER,0.50 l,ko,2.49,4.98,,,2.49,4072700003649,PIĆE
SIRUP DVOJNI C FRUCTAL 1L,90484509,FRUCTAL,1.00 l,ko,2.99,2.99,,,2.99,3838945038904,PIĆE
LIKER MEDICA BADEL 0.7L,90670278,BADEL 1862,0.70 l,ko,10.55,15.07,,,10.55,3850112111388,PIĆE
MARTIGNAC SPECIAL 38% 0.7L,90899974,ST NICOLAUS,0.70 l,ko,9.99,14.27,,,9.99,8586000135543,PIĆE
PRIMA BRAND 0.7L BADEL,03080574,BADEL 1862,0.70 l,ko,9.55,13.64,,,9.55,3850112141323,PIĆE
CEDEVITA ANANAS MANGO 900 g,90784745,CEDEVITA,0.90 kg,ko,6.69,7.43,,,6.39,3850322016626,PIĆE
CIDER SOMERSBY MALINA 0.5 L LIM,90884978,SOMERSBY,0.50 l,ko,1.79,3.58,,,1.79,3858887585618,PIĆE
SOK 100% NARANČA JUICY 1L,03140211,JUICY,1.00 l,ko,3.49,3.49,,,3.99,3858890970425,PIĆE
VODA SENSATION EUROPA 0.5L,90286676,SENSATION,0.50 l,ko,1.05,2.1,,,1.05,3858890873474,PIĆE
ČAJ LEDENI  PARTY BRESKVA 1.5L,90407022,PARTY,1.50 l,ko,1.25,0.83,,,1.25,3859893686023,PIĆE
SIRUP ARONIJA 0.5L BOBO,90571019,BOBO,0.50 l,ko,5.29,10.58,,,5.29,3859893313622,PIĆE
LEDENI ČAJ LIMUN LIMUNSKA TRAVA 0.5L FUZETEA,90311870,FUZETEA,0.50 l,ko,1.25,2.5,,,1.25,5449000239181,PIĆE
GAZ PIĆE FANTA NARANČA 2X2L SUPER PONUDA,90067299,FANTA,4.00 l,ko,4.49,1.12,,,4.45,5449000322326,PIĆE
SOK SKIN HEALTH 330 ml JUICEFAST,90890205,JUICEFAST,0.33 l,ko,2.99,9.06,,,2.99,3859894234612,PIĆE
LIKER VIŠNJA 0.75L HARMUND,90452942,HARMUND,0.75 l,ko,18.99,25.32,,,18.99,3859893459078,PIĆE
VODA FUNKC JANA VIT LIM 0.5L,90219653,JANA,0.50 l,ko,1.19,2.38,,,1.19,3858890871975,PIĆE
PIĆE GAZ SKY COLA ZERO 0.33L LIM,90528167,SKY,0.33 l,ko,0.89,2.7,,,0.89,3875000182288,PIĆE
RUM BACARDI SPICED 0.7L,90483941,BACARDI,0.70 l,ko,18.49,26.41,,,18.05,7610113007518,PIĆE
COCKTAIL RTD BEEFEATER PINK GIN 0.25L,90404659,BEEFEATER,0.25 l,ko,2.65,10.6,,,2.49,5000299618448,PIĆE
SMOOTHIE MINUTE ANA BAN KOK 250ml,90227725,MINUTE,0.25 l,ko,,5.96,1.49,1.85,1.85,3838900802854,PIĆE
GAZ PIĆE COCA COLA ZERO 1L,03160280,COCA COLA,1.00 l,ko,1.59,1.59,,,1.49,5449000133328,PIĆE
PIVO ZMAJSKO PILS 0.50L NB,90411209,ZMAJSKA PIVOVARA,0.50 l,ko,2.05,4.1,,,2.05,3859893414220,PIĆE
PIVO KARLOVAČKO SVIJETLO LIM 0.5L 4P,90533244,KARLOVAČKO,2.00 l,ko,5.49,2.75,,,5.35,3850103001476,PIĆE
ALOE VERA LOTTE GRAPE 0.24L,90340502,LOTTE,0.24 l,ko,1.05,4.37,,,1.05,8801056038281,PIĆE
SIRUP MENTA 0.5L BOBO,90571017,BOBO,0.50 l,ko,5.29,10.58,,,5.29,3859893313554,PIĆE
VODA FUNKC JANA VIT COLLAGEN 0.5L,90706895,JANA,0.50 l,ko,1.19,2.38,,,1.19,3858890879940,PIĆE
LIKER BOROVNICA 21 % 0.70 L,90181002,ZVEČEVO,0.70 l,ko,9.99,14.27,,,9.99,3858894170821,PIĆE
SOK 100% MOJ DAN ANANAS 1L,90683064,MOJ DAN,1.00 l,ko,,2.29,2.29,2.69,2.15,3850334020864,PIĆE
GAZ PIĆE COCKTA FREE 1.5L,90362860,COCKTA,1.50 l,ko,1.85,1.23,,,1.55,3838471037037,PIĆE
SOK HIPP VODA I JABUKA 500ML,03141055,HIPP,0.50 l,ko,1.65,3.3,,,1.65,4062300395572,PIĆE
PJENUŠAC PIENA ROSE 0.75 L,90874715,PIENA,0.75 l,ko,15.99,21.32,,,15.99,3857500082510,PIĆE
PIVO PAN RADLER BRESKVA ĐUMBIR 0.5L PB,90360973,PAN,0.50 l,ko,1,2,,,1.25,3858887583089,PIĆE
PIVO STAROPRAMEN  LIMENKA 0.50L,90173214,STAROPRAMEN,0.50 l,ko,1.65,3.3,,,1.65,3850131003398,PIĆE
 PIVO HLADNO PIVO 0.5L NB,90380397,MEDVEDGRAD,0.50 l,ko,2.39,4.78,,,2.39,3859893357053,PIĆE
KUP/GEL ZA PRANJE J&J BABY COTT TOUCH 500ml,90361110,J&J,0.50 l,ko,,13.3,6.65,8.85,7.99,3574661427935,KOZMETIKA
SET BIOBAZA FOR WOMAN I LOVE,90599296,BIOBAZA,1.00 ko,ko,9.49,9.49,,,9.49,3856020909673,KOZMETIKA
ROLL ON NIVEA DOUBLE EFECT 50ml,06552527,NIVEA,0.05 l,ko,5.59,111.8,,,4.19,42242253,KOZMETIKA
KREMA NIVEA PROT BORA 65+ NOĆ 50ml,90341092,NIVEA,0.05 l,ko,,133.8,6.69,10.29,10.29,9005800396163,KOZMETIKA
ŠAMPON SCHAUMA KIDS RASPBER 400 ml,90874919,SCHAUMA,0.40 l,ko,,9.98,3.99,4.99,4.99,9000101657593,KOZMETIKA
GEL TUŠ PALM MILK&HONEY 750 ml,90885379,PALMOLIVE,0.75 l,ko,5.09,6.79,,,5.09,8714789733289,KOZMETIKA
GEL TUŠ NIVEA CARE&ROSES 750ml,90478502,NIVEA,0.75 l,ko,8.29,11.05,,,8.29,5900017062419,KOZMETIKA
KREMA NIVEA REPAIR&CARE DRY 400 ml,90775315,NIVEA,0.40 l,ko,,19.63,7.85,11.19,11.19,4006000038896,KOZMETIKA
GEL TUŠ FA SPORT 400ml DUO,90713865,FA,0.80 l,ko,4.99,6.24,,,4.99,3838824432939,KOZMETIKA
BRIJAČ JEDNOK EDGEMAX M 5/1,90775610,EDGEMAX,5.00 ko,ko,1.99,0.4,,,1.99,6976876400005,KOZMETIKA
SUDOCREM ZAŠTITA KREMA 60g,06601615,SUDOCREM,0.06 kg,ko,5.99,99.83,,,4.99,3850114243421,KOZMETIKA
ŠAMPON BOTANIC THERAPY HONEY I PROP 250ml,90310854,BOTANIC THERAPY,0.25 l,ko,3.59,14.36,,,3.59,3600542114202,KOZMETIKA
KREMA ZA RUKE NIV OLIVE 75ml,90341140,NIVEA,0.08 l,ko,,27.87,2.09,2.99,2.99,9005800302300,KOZMETIKA
ŠAMPON SCHAUMA GREEN APPLE&NETT 400ml,90478922,SCHAUMA,0.40 l,ko,,7.48,2.99,4.19,4.19,9000101627633,KOZMETIKA
LOSION NIVEA P&M SPF30 400ml,90707133,NIVEA,0.40 l,ko,23.99,59.98,,,23.99,4006000133812,KOZMETIKA
BOJA OLIA 8.0 BLOND,90850117,GARNIER OLIA,1.00 ko,ko,7.59,7.59,,,7.59,3600542601955,KOZMETIKA
ZP COLGATE MAX WHITE 100ml,90380326,COLGATE,0.10 l,ko,3.39,33.9,,,3.39,8718951312722,KOZMETIKA
BOJA PALETTE ICC N4     0071,06540413,PALETTE ICC,1.00 ko,ko,5.49,5.49,,,3.49,3838824159539,KOZMETIKA
BRIJAČ WILKINSON FLOW+4 BRITVICE,90850662,WILKINSON,1.00 ko,ko,,4.59,4.59,4.65,7.09,4027800106004,KOZMETIKA
BOJA COLOR NAT 9.1 BL TR CE 5715,06542052,GARNIER COL NATURALS,1.00 ko,ko,,3.49,3.49,4.99,4.99,3600540335715,KOZMETIKA
GEL TUŠ NIVEA BABY HEAD TOE 500ml,90764801,NIVEA,0.50 l,ko,8.69,17.38,,,8.69,9005800369129,KOZMETIKA
SPREJ LOREAL MR IZRAST TAMNO SMEĐA 75ML,90258681,LOREAL MAGIC RETOUCH,0.08 l,ko,7.49,99.87,,,7.49,3600523192878,KOZMETIKA
KREMA DJ BECUTAN 100ML  6894,06600610,BECUTAN,0.10 l,ko,3.85,38.5,,,3.85,5310001146894,KOZMETIKA
GEL TUŠ NIVEA M ACT ENERGY 500ml,90483744,NIVEA,0.50 l,ko,6.69,13.38,,,6.69,9005800341644,KOZMETIKA
AFRODITA SUN CARE PEKMEZ FAST TANING 200ml,90360768,AFRODITA,0.20 l,ko,14.99,74.95,,,14.99,3831070652601,KOZMETIKA
GEL TUŠ MELEM BUDI MELEM 260 ml,90885736,MELEM,1.00 ko,ko,3.99,3.99,,,3.99,3856007912924,KOZMETIKA
ZP LACALUT GUM PROTECT&GENTLE WHITE 75ml,90361863,LACALUT,0.08 l,ko,4.99,66.53,,,4.99,4016369546840,KOZMETIKA
GEL TUŠ L'ANG NAR I VAN 500ml,90599041,L ANGELICA,0.50 l,ko,3.25,6.5,,,3.25,8017331082133,KOZMETIKA
MLIJEKO TIJ LACTOV LACT-OIL 400ml,90572412,LACTOVIT,0.40 l,ko,6.05,15.13,,,5.49,8411135354807,KOZMETIKA
KREMA NIVEA MEN 75ML,90156872,NIVEA,0.08 l,ko,,43.87,3.29,4.69,4.69,9005800239989,KOZMETIKA
ZP SIGNAL WHITE SYSTEM 75ML,06530199,SIGNAL,0.08 l,ko,3.29,43.87,,,3.29,5900300804511,KOZMETIKA
KREMA NIVEA VIS 50ml DN SUH,06591089,NIVEA,0.05 l,ko,,119.8,5.99,9.29,9.29,9005800396903,KOZMETIKA
GEL GARN SN PURE 3U1 150ML,06592237,GARNIER,0.15 l,ko,6.99,46.6,,,6.99,3600540565402,KOZMETIKA
ŠAMPON H&S CLARIFYING 800 ml,90885595,HEAD&SHOULDE,0.80 l,ko,12.49,15.61,,,12.49,8700216658614,KOZMETIKA
KREMA LOREAL REVITALIFT FILLER 50ML,90155007,LOREAL,0.05 l,ko,20.49,409.8,,,20.49,3600523550746,KOZMETIKA
GEL TUŠ OLD SPICE WOLFTHORN 1 L,90850669,OLD SPICE,1.00 l,ko,,6.86,6.86,12.49,12.49,8700216452588,KOZMETIKA
ŠAMPON SYOSS INTENSE PLEX 440 ml,90775209,SYOSS,0.44 l,ko,,10.2,4.49,6.49,4.49,9000101731460,KOZMETIKA
GEL TUŠ AGRADO GOLD 750 ml,90795012,AGRADO,0.75 l,ko,2.79,3.72,,,2.79,8433295040055,KOZMETIKA
SAPUN OLEA CREAMY 100 g,90745921,OLEA,0.10 kg,ko,0.59,5.9,,,0.59,3850334071224,KOZMETIKA
KUPKA PALM OS OLIVE 500ml,06520986,PALMOLIVE,0.50 l,ko,,5.58,2.79,2.89,4.89,8714789733166,KOZMETIKA
GEL TUŠ DOVE W HYDRATE XXL 450 ml,90775084,DOVE,0.45 l,ko,5.99,13.31,,,5.99,8720181466502,KOZMETIKA
KREMA ZA RUKE ATRIX 100ML TUBA 4932,06591062,ATRIX,0.10 l,ko,3.59,35.9,,,3.59,9005800374826,KOZMETIKA
LAK TAFT POWER INVISIBLE 250ml,90082457,TAFT,0.25 l,ko,,15.96,3.99,4.99,4.99,9000100876520,KOZMETIKA
KREMA ZA BRIJANJE MAN MAX 100ml,90051022,MAN MAX,0.10 l,ko,1.05,10.5,,,1.05,3850334327178,KOZMETIKA
LOSION NIV SUN DJ F50+ 200ml,06592256,NIVEA,0.20 l,ko,20.49,102.45,,,20.49,4006000075402,KOZMETIKA
ŠAMPON SCHAUMA REG NJEG 400ml DUO,90713843,SCHAUMA,0.80 l,ko,5.49,6.86,,,5.49,3838824433011,KOZMETIKA
GEL TUŠ DOVE W FRESH CARE XXL 450 ml,90775088,DOVE,0.45 l,ko,5.99,13.31,,,5.99,8720181471742,KOZMETIKA
TRETMAN SCHAUMA BOOSTER TONIC 200 ml,90825338,SCHAUMA,0.20 l,ko,4.99,24.95,,,4.99,9000101738162,KOZMETIKA
ŠAMPON FRUCTIS GOODBYE DAMAGE 400ML,90215585,GARNIER FRUCTIS,0.40 l,ko,4.49,11.23,,,4.49,3600541922846,KOZMETIKA
VODICA MICEL MIN GARN SENS 100ml,90572523,GARNIER,0.10 l,ko,3.39,33.9,,,3.39,3600542399258,KOZMETIKA
ŠAMPON AFR ČEŠNJ 950ml,90744848,AFRODITA,0.95 l,ko,5.29,5.57,,,4.79,3831070661696,KOZMETIKA
VODA MICELARNA GARNIER 700ml,90341730,GARNIER,0.70 l,ko,8.99,12.84,,,8.99,3600541940567,KOZMETIKA
PATRONE GILLETTE SENSOR 3 8/1,90885722,GILLETTE,8.00 ko,ko,10.99,1.37,,,10.99,8700216356879,KOZMETIKA
ŠAMP GLISS 400ml+REG OIL NUT 200ml,90714505,GLISS,1.00 ko,ko,5.99,5.99,,,5.99,3838824433271,KOZMETIKA
BALZAM KCG ZA BRADU 100ml,90478670,GILLETTE,0.10 l,ko,11.69,116.9,,,11.69,8006540150450,KOZMETIKA
KREMA TIJ NIVEA LUMINOUS 200 ml,90775312,NIVEA,0.20 l,ko,,64.25,12.85,18.39,18.39,5900017090979,KOZMETIKA
ROLL ON GARNIER PROT5 FR FLOR 50ml,90080880,GARNIER,0.05 l,ko,4.99,99.8,,,4.99,3600542119948,KOZMETIKA
ŠAMPON NIVEA VOLUMEN CARE 400ml,90280347,NIVEA,0.40 l,ko,5.99,14.98,,,5.99,9005800223490,KOZMETIKA
STICK OLD SPICE WHITEWATER 85ml,90598671,OLD SPICE,0.09 l,ko,7.49,88.12,,,7.49,8700216357814,KOZMETIKA
SET AFR RASPBERRY BODY GEL+MLI TIJE,90825696,AFRODITA,1.00 ko,ko,8.99,8.99,,,7,3831070662563,KOZMETIKA
BRIJAČ WILK XTR 3 COCONUT 3+1,90669832,WILKINSON,4.00 ko,ko,,0.85,3.39,3.39,5.19,4027800319626,KOZMETIKA
DEO NIVEA Ž FRUITY DELIGHT 150 ml,90775341,NIVEA,0.15 l,ko,5.39,35.93,,,3.99,9005800379005,KOZMETIKA
SET AFR MEN ENERGY GEL250+AS120,90571265,AFRODITA,1.00 ko,ko,7.79,7.79,,,7.79,3831070658221,KOZMETIKA
GEL TUŠ NIVEA CREME CARE 500ML,90231984,NIVEA,0.50 l,ko,6.29,12.58,,,6.29,9005800282497,KOZMETIKA
PUDER J&J BABY 100g,90361046,J&J,0.10 kg,ko,,28.9,2.89,3.89,3.89,3574661728513,KOZMETIKA
ZP KALODONT WHITENING 75ml,90051205,KALODONT,0.08 l,ko,1.59,21.2,,,1.59,3850105143082,KOZMETIKA
ZP PLID HERBAL 75ml,90423029,PLIDENTA,0.08 l,ko,2.35,31.33,,,2.15,3856007908057,KOZMETIKA
GEL TUŠ AXE AFRICA 250  4827,06520306,AXE,0.25 l,ko,2.99,11.96,,,2.99,8710447279793,KOZMETIKA
ŠAMPON H&S 2IN1 CLASSIC CLEAN 250 ml,90771164,HEAD&SHOULDE,0.25 l,ko,4.75,19,,,5.29,8700216157872,KOZMETIKA
REGEN BOTANIC THERAPY HONEY I PROP 200ml,90310858,BOTANIC THERAPY,0.20 l,ko,3.59,17.95,,,3.59,3600542114127,KOZMETIKA
SAPUN TEK PALM MILK&ORCHID 500ml REF,90730171,PALMOLIVE,0.50 l,ko,3.35,6.7,,,3.19,8718951508187,KOZMETIKA
ŠAMPON PANTENE THICK&STRONG 400 ml,90850403,PANTENE,0.40 l,ko,5.99,14.98,,,5.99,8006540476758,KOZMETIKA
DEO SPREJ NIVEA BLA&WHI PURE 150ml,06551143,NIVEA,0.15 l,ko,5.39,35.93,,,3.99,4005808728879,KOZMETIKA
GEL TUŠ AXE JUNGLE FRESH 250 ml,90774667,AXE,0.25 l,ko,2.99,11.96,,,2.99,8720181442896,KOZMETIKA
ŠAMPON SYOSS CURLS 440ml,90424974,SYOSS,0.44 l,ko,,10.2,4.49,6.49,4.49,9000101277517,KOZMETIKA
BOJA COLOR NAT 8.1 BL CL CE 5708,06542051,GARNIER COL NATURALS,1.00 ko,ko,,3.49,3.49,4.99,4.99,3600540335708,KOZMETIKA
KOMP ZAMJ GLAVA OB PR CL EB20-4 3+1,90147019,ORAL B,1.00 ko,ko,20.89,20.89,,,16.99,8006540847299,KOZMETIKA
GEL TUŠ AXE SUNSET F 250 ml,90889918,AXE,0.25 l,ko,2.99,11.96,,,2.99,8720181598609,KOZMETIKA
DEO BOROTALCO  WHITE 150ML,90055763,BOROTALCO,0.15 l,ko,,19.93,2.99,4.69,3.99,8002410042214,KOZMETIKA
KREMA NIVEA 100ML PB    7726,06562031,NIVEA,0.10 l,ko,,27.9,2.79,3.99,3.99,9005800395340,KOZMETIKA
ŠAMPON SCHAUMA 7 LJEK TR 400ml,06521657,SCHAUMA,0.40 l,ko,,7.48,2.99,4.19,4.19,3838824086750,KOZMETIKA
ŠAMPON J&J BABY 500ml,90361020,J&J,0.50 l,ko,,12.5,6.25,8.35,7.69,3574661593197,KOZMETIKA
BOJA PALETTE ICC C10    0132,06540418,PALETTE ICC,1.00 ko,ko,5.49,5.49,,,3.49,3838824159218,KOZMETIKA
MAGLICA TROPIC SUN BIOBAZA 250ml,90706297,BIOBAZA,0.25 l,ko,7.39,29.56,,,7.39,3856020909796,KOZMETIKA
ŠAMPON SCHAUMA ZA MUŠKAR 400ml,06521656,SCHAUMA,0.40 l,ko,,7.48,2.99,4.19,4.19,3838824086675,KOZMETIKA
REG GLISS EXPRESS REPAIR SUPR LENGTH 200ml,90310641,GLISS,0.20 l,ko,,22.45,4.49,7.09,7.09,9000101201376,KOZMETIKA
ULJE U SPR NIV S KAROT SPF6 200ml,90488142,NIVEA,1.00 ko,ko,14.99,14.99,,,14.99,9005800294698,KOZMETIKA
BOJA PALETTE PNC 900 CRNA,06543346,PALETTE PNC,1.00 ko,ko,4.49,4.49,,,4.49,3838824171562,KOZMETIKA
REGENER ELSEVE GLYCOLIC GLOSS 150 ml,90805018,LOREAL ELSEVE,0.15 l,ko,8.49,56.6,,,8.49,3600524143916,KOZMETIKA
VODICA ZA USTA LISTERINE COOL 250ml,06530636,LISTERINE,0.25 l,ko,4.79,19.16,,,4.65,5010123703509,KOZMETIKA
DEO BOROT SPR ACT CITR 150ml,90365950,BOROTALCO,0.15 l,ko,,19.93,2.99,4.69,3.99,8002410043587,KOZMETIKA
MLIJEKO OLEA SPF20 200ml,90360474,OLEA,0.20 l,ko,5.49,27.45,,,5.49,3850334153746,KOZMETIKA
BRIJAČ JEDNOK WILK EXT II BEAUTY 7/1,90648848,WILKINSON,1.00 ko,ko,,2.75,2.75,2.75,4.65,4027800576159,KOZMETIKA
ŠAMPON L'ANG ZA ČIŠĆ VLAS 750ml,90669813,L ANGELICA,0.75 l,ko,5.29,7.05,,,5.29,8017331089422,KOZMETIKA
BALZAM ZA KOSU LOOK EXPERT 900ML,90090895,DRAMERS,0.90 l,ko,3.29,3.66,,,3.29,5908241707908,KOZMETIKA
KREMA LOREAL DE AGE SPEC 65+ DAN 50ML,90282086,LOREAL,0.05 l,ko,9.99,199.8,,,9.99,3600523408948,KOZMETIKA
ŠAMPON H&S 400ml CITRUS FR,06525129,HEAD&SHOULDE,0.40 l,ko,6.69,16.73,,,6.69,5011321336032,KOZMETIKA
KREMA ZA KOSU GOT2B MATT P 100ml,90403270,GOT2B,0.10 l,ko,7.99,79.9,,,7.99,9000100417853,KOZMETIKA
ŠAMPON ELSEVE TOT REPAIR 250ml,06521700,LOREAL ELSEVE,0.25 l,ko,4.39,17.56,,,4.39,3600521704677,KOZMETIKA
BOJA COLOR NAT 8 BLO CL 5654,06542047,GARNIER COL NATURALS,1.00 ko,ko,,3.49,3.49,4.99,4.99,3600540335654,KOZMETIKA
REGENERATOR SYOSS REP TH 440ml,90424955,SYOSS,0.44 l,ko,,10.2,4.49,6.49,4.49,9000101278057,KOZMETIKA
BOJA PALETTE ICC N5 TAMNOPLAVA,06541301,PALETTE ICC,1.00 ko,ko,5.49,5.49,,,3.49,3838824159577,KOZMETIKA
DEO OLD SPICE OASIS 150ml,90699385,OLD SPICE,0.15 l,ko,4.99,33.27,,,4.99,8006540785874,KOZMETIKA
GEL TUŠ FA PINK JASMIN 400ml DUO,90713853,FA,0.80 l,ko,4.99,6.24,,,4.99,3838824432953,KOZMETIKA
KH-7 ECO ODMAŠĆIVAČ 650ml,90487096,KH-7,0.65 l,ko,2.59,3.98,,,0.5,8420822127273,SREDSTVA ZA ČIŠĆENJE
OMEKŠIVAČ FROSCH BABY 750ml,90385460,FROSCH,0.75 kg,ko,3.09,4.12,,,3.09,4009175941787,SREDSTVA ZA ČIŠĆENJE
OM LENOR FA SENSITIVE 700 ml,90886141,LENOR,0.70 l,ko,,5.7,3.99,7.39,7.39,8700216722872,SREDSTVA ZA ČIŠĆENJE
VANISH PINK LIQUID 500ML,90392031,VANISH,0.50 l,ko,,7.66,3.83,4.79,4.79,5999109563279,SREDSTVA ZA ČIŠĆENJE
DOMESTOS PF LIME 700 ml,90750201,DOMESTOS,0.70 l,ko,3.99,5.7,,,3.99,8720181345913,SREDSTVA ZA ČIŠĆENJE
AJAX FF SPRING FLOW 1L  4933,08035449,AJAX,1.00 l,ko,,1.89,1.89,3.69,3.69,8718951278424,SREDSTVA ZA ČIŠĆENJE
DET RUBEL POWER FRESH 9 kg=120PR,90810723,RUBEL,9.00 kg,ko,11.79,1.31,,,11.99,3850105187017,SREDSTVA ZA ČIŠĆENJE
SRED FINISH ČIŠĆ PERILICE 2x250ML,08010621,FINISH ADW,0.50 l,ko,8.45,16.9,,,8.45,5999109582652,SREDSTVA ZA ČIŠĆENJE
ŠTIRKA TEKUĆA 500ML 0083 AUTOMAT,08021081,ŠTIRKA,0.50 l,ko,2.79,5.58,,,2.65,3859888110083,SREDSTVA ZA ČIŠĆENJE
ODSTRANJ MRLJ DEO&ZNOJ DR.BECK 250ml,90144842,BECKMANN,0.25 l,ko,3.65,14.6,,,3.65,4008455605913,SREDSTVA ZA ČIŠĆENJE
DET ARIEL EX BLACK CARE 38TAB,90886275,ARIEL,37.99 ko,ko,15,0.39,,,15,8700216764735,SREDSTVA ZA ČIŠĆENJE
DET PERSIL GEL COLOR 0.99L=22PR,90744943,PERSIL,0.99 l,ko,9.99,10.09,,,9.99,9000101599008,SREDSTVA ZA ČIŠĆENJE
DET BIOAKTIV MARINE FR 5.85KG=90WL,90514635,BIOAKTIV DET.,5.85 kg,ko,8.99,1.54,,,8.99,3850105177254,SREDSTVA ZA ČIŠĆENJE
DET FAKS 5IN1 UNIVERSAL 22TAB,90825968,FAKS,22.00 ko,ko,13.49,0.61,,,13.49,3850105187284,SREDSTVA ZA ČIŠĆENJE
SWIF KOMPL ČISTAČ+2 NASTAVKA,90569090,SWIFFER,1.00 ko,ko,9.89,9.89,,,9.89,8006540316603,SREDSTVA ZA ČIŠĆENJE
DET ARIEL OXI 2.75kg=50PR,90705877,ARIEL,2.75 kg,ko,15,5.45,,,15,8006540940662,SREDSTVA ZA ČIŠĆENJE
DET ECOVER LEMON&ALOE VERA 450ml,90600515,ECOVER,0.45 l,ko,2.49,5.53,,,2.39,5000204246070,SREDSTVA ZA ČIŠĆENJE
DOMESTOS ZERO LIME 750ml,08030680,DOMESTOS,0.75 l,ko,,4.25,3.19,3.99,3.99,8717644169490,SREDSTVA ZA ČIŠĆENJE
DET LIKVI ULTRA FRESH 2X900 ml,90839725,LIKVI,1.80 l,ko,2.99,1.66,,,4.98,3850105174291,SREDSTVA ZA ČIŠĆENJE
DET PUR ALOE VERA 1.2L,90402974,PUR,1.20 l,ko,4.79,3.99,,,4.79,9000101386080,SREDSTVA ZA ČIŠĆENJE
DET JAR PLAT LEMON 50 TAB,90662892,JAR ADW,50.00 ko,ko,28.49,0.57,,,28.49,8006540750193,SREDSTVA ZA ČIŠĆENJE
OM VIOLETA MYSTIC 1.55 L,90810704,VIOLETA,1.55 l,ko,,1.93,2.99,3.99,4.55,3870128039810,SREDSTVA ZA ČIŠĆENJE
SRED SUPER JON IQ KUHINJA 425 ml+2TA,90899894,SUPER JON,1.00 ko,ko,,3.49,3.49,4.89,4.89,3850111505782,SREDSTVA ZA ČIŠĆENJE
DET ARIEL FRESH 2.75 kg=50 PR,90886377,ARIEL,3.00 kg,ko,15,5,,,21.99,8700216733540,SREDSTVA ZA ČIŠĆENJE
WC NET BIOLOŠKE SEPT JAME 16/1,08030552,WC NET,16.00 ko,ko,9.65,0.6,,,9.65,8004050193523,SREDSTVA ZA ČIŠĆENJE
AJAX FF WILD FLOW 1L    4988,08035448,AJAX,1.00 l,ko,3.69,3.69,,,3.69,8718951278394,SREDSTVA ZA ČIŠĆENJE
DET SUĐE VIO BADEM 450ml,90683085,VIO,0.45 l,ko,1.59,3.53,,,1.59,3870128034501,SREDSTVA ZA ČIŠĆENJE
OM LENOR SPRING AWAKE 1.491 L,90886227,LENOR,1.49 l,ko,,2.68,3.99,7.39,7.39,8700216724074,SREDSTVA ZA ČIŠĆENJE
DET PERSIL COLOR 32TAB,90899884,PERSIL,32.00 ko,ko,10.49,0.33,,,10.49,9000101800104,SREDSTVA ZA ČIŠĆENJE
DET ARIEL COMPLETE 36 TAB,90662817,ARIEL,36.00 ko,ko,10,0.28,,,15,8001090804228,SREDSTVA ZA ČIŠĆENJE
SRED FROSCH UNIVERS LAVANDA 1L,08031228,FROSCH,1.00 l,ko,3.09,3.09,,,3.09,4009175907844,SREDSTVA ZA ČIŠĆENJE
DET ARIEL EX COLOR CARE 38TAB,90886273,ARIEL,37.99 ko,ko,25.49,0.67,,,25.49,8700216764483,SREDSTVA ZA ČIŠĆENJE
DET POS I DUDE FROSCH BABY 500ML,90147763,FROSCH,0.50 l,ko,3.09,6.18,,,3.09,4009175942081,SREDSTVA ZA ČIŠĆENJE
OM COCCOLINO KONC SENSITIVE 1.7 L,90785304,COCCOLINO,1.70 l,ko,6.99,4.11,,,6.99,8720181410673,SREDSTVA ZA ČIŠĆENJE
MR MUSCOLO ODČEP  1L    0263,08030251,MR MUSCOLO,1.00 l,ko,7.29,7.29,,,6.99,5000204275711,SREDSTVA ZA ČIŠĆENJE
VANISH LIQ PINK 1L,90362923,VANISH,1.00 l,ko,,6.54,6.54,8.19,8.19,5999109563200,SREDSTVA ZA ČIŠĆENJE
DET ČARLI CLASSIC 450ml,90468624,ČARLI,0.45 l,ko,1.03,2.29,,,1.03,3850111304125,SREDSTVA ZA ČIŠĆENJE
DET DAX GEL COLOR 2L=27PRANJA,90407502,DAX,2.00 l,ko,,1.65,3.29,3.85,3.85,3850334132529,SREDSTVA ZA ČIŠĆENJE
MARAMICE ZA UPIJANJE BOJE DAX 24/1,90325949,DAX,24.00 ko,ko,,0.07,1.69,2.19,2.19,3838900946671,SREDSTVA ZA ČIŠĆENJE
DET FAKS WHITE&COLOR 5 L=100PR,90900317,FAKS,5.00 l,ko,16.69,3.34,,,16.69,3850105190284,SREDSTVA ZA ČIŠĆENJE
AJAX STRONG&SAFE 1L,90732161,AJAX,1.00 l,ko,,1.89,1.89,3.69,3.69,8718951567917,SREDSTVA ZA ČIŠĆENJE
DET TEKUĆI I OMEKŠIVAČ BECUTAN 2U1 1L,90733342,BECUTAN,1.00 l,ko,6.59,6.59,,,6.59,5310001235475,SREDSTVA ZA ČIŠĆENJE
OM ORNEL CALMING 800ml,90667864,ORNEL,0.80 l,ko,2.95,3.69,,,2.95,3850105181862,SREDSTVA ZA ČIŠĆENJE
DET JAR PLAT PLUS LEMON 42 TAB,90662882,JAR ADW,42.00 ko,ko,28.49,0.68,,,28.49,8006540751237,SREDSTVA ZA ČIŠĆENJE
SOMAT EXCELLENCE 4IN1 50TAB,90785419,SOMAT,50.00 ko,ko,25.99,0.52,,,25.99,9000101807998,SREDSTVA ZA ČIŠĆENJE
FINISH AIO ULTIMATE PLUS REG 45 TAB,90705979,FINISH ADW,45.01 ko,ko,21.99,0.49,,,21.99,5999109582478,SREDSTVA ZA ČIŠĆENJE
DET JAR FOREST FRUITS 650ml,90603021,JAR HDW,0.65 l,ko,3,4.62,,,3.99,8006540355466,SREDSTVA ZA ČIŠĆENJE
OM LENOR COTTON FRESH 987 ml,90886197,LENOR,1.00 l,ko,6.39,6.39,,,6.39,8700216724524,SREDSTVA ZA ČIŠĆENJE
VL.MAR. SEPTONA BABY KAMILICA 80/3,90969962,SEPTONA,240.39 ko,ko,3.99,0.02,,,3.99,5201410964363,TOALETNE POTREPŠTINE
ULOŠCI INKO VIR LIGHT EXTRA 30/1 ,90950400,VIR,30.00 ko,ko,,0.33,9.89,10.29,10.29,3838985904368,TOALETNE POTREPŠTINE
ULOŠCI INKO VIR LIGHT NORMAL 30/1,90950403,VIR,30.00 ko,ko,,0.25,7.39,7.79,7.79,3838985904450,TOALETNE POTREPŠTINE
HIG UL ALWAYS PLAT NIGHT 22/1,90704181,ALWAYS P&G,22.00 ko,ko,5.45,0.25,,,5.45,8001841913919,TOALETNE POTREPŠTINE
TAMPONI OLEA SUPER 16/1,06500244,OLEA,16.00 ko,ko,,0.05,0.85,1.05,1.05,3850334600721,TOALETNE POTREPŠTINE
PEL GAĆ PAMPERS JP S8 32/1,90622758,PAMPERS,32.00 ko,ko,,0.47,14.99,21.63,21.63,8006540499382,TOALETNE POTREPŠTINE
PEL GAĆ PAMPERS NIGHT S5 22/1,90568128,PAMPERS,22.00 ko,ko,11.28,0.51,,,11.28,8006540234730,TOALETNE POTREPŠTINE
DN ULOŠCI ALWAYS NORMAL 80/1,90769891,ALWAYS P&G,80.00 ko,ko,3.69,0.05,,,3.69,4015400746812,TOALETNE POTREPŠTINE
DN ULOŠCI ALWAYS NORM FR 58/1,90261066,ALWAYS P&G,58.14 ko,ko,3.32,0.06,,,2.65,4015400565574,TOALETNE POTREPŠTINE
MARAMICE NIVEA INTIMO ALOE WAT 15/1,90563123,NIVEA,15.00 ko,ko,3.59,0.24,,,3.59,42419884,TOALETNE POTREPŠTINE
PEL PAMPERS AB MAXIPACK S5 54/1,90335550,PAMPERS,54.03 ko,ko,,0.28,14.99,16.2,14.99,8006540045657,TOALETNE POTREPŠTINE
PEL PAMPERS AB MAXIPACK S6 48/1,90335553,PAMPERS,48.01 ko,ko,14.4,0.3,,,14.4,8001090949219,TOALETNE POTREPŠTINE
PEL GAĆICE PAMPERS AB JUMBO S3 62 KOM,90477871,PAMPERS,62.04 ko,ko,,0.24,14.99,21.63,21.63,8006540069233,TOALETNE POTREPŠTINE
VL MARAMICE VIOLETA SOFT LOSION 72/1,90058715,VIOLETA,72.05 ko,ko,2.15,0.03,,,2.15,3870128000957,TOALETNE POTREPŠTINE
TP VLAŽNI DJ VIOLETA 60/1,05081012,VIOLETA,59.99 ko,ko,2.25,0.04,,,2.25,3870128007833,TOALETNE POTREPŠTINE
VL MARAM PAMPERS HARMONIE AQUA 6X48,90764749,PAMPERS,288.18 ko,ko,16.99,0.06,,,16.99,8006540826669,TOALETNE POTREPŠTINE
ŠTAPIĆI LO&LA BABY 60/1 PAP,90486315,LOLA,60.02 ko,ko,1.49,0.02,,,1.49,3858890795240,TOALETNE POTREPŠTINE
VL MARAMICE NIVEA SOFT&CREAM 4X57,90759677,NIVEA,228.31 ko,ko,10.49,0.05,,,10.49,9005800374420,TOALETNE POTREPŠTINE
HIG UL ALWAYS ULT PLAT SUP DUO 14/1,06501393,ALWAYS P&G,14.00 ko,ko,3.45,0.25,,,2.69,8001090444998,TOALETNE POTREPŠTINE
TAMPONI TAMPAX COMPAK REGULAR 16,90063479,TAMPAX,16.00 ko,ko,3.71,0.23,,,3.71,4015400219538,TOALETNE POTREPŠTINE
TP NATUR FOREST 150L 3SL 10/1,90185072,NATUR,10.00 ko,ko,2.65,0.27,,,1,3850334614865,TOALETNE POTREPŠTINE
HIG UL NATURELLA CLASS SUP DUO 16/1,90110025,NATURELLA,16.00 ko,ko,2,0.13,,,2.39,4015400318026,TOALETNE POTREPŠTINE
FLASTERI EXTRA WATERPROOF 20/1 SEPTONA,90769945,SEPTONA,20.00 ko,ko,1.49,0.07,,,1.49,5201410003222,TOALETNE POTREPŠTINE
TP VIOLETA STRONG&SOFT BRESKVA 20/1 3SL,90360577,VIOLETA,20.00 ko,ko,4.49,0.22,,,4.49,3859892289652,TOALETNE POTREPŠTINE
VL MAR SEPTONA BABY KAMILICA 80/1,90765175,SEPTONA,80.00 ko,ko,2.15,0.03,,,2.15,5201410964264,TOALETNE POTREPŠTINE
BLAZINICE LOLETE 120/1,90083991,LOLETE,120.05 ko,ko,2.25,0.02,,,2.25,3858881101036,TOALETNE POTREPŠTINE
VL MAR SEPTONA BABY ALOE 60/1,90765173,SEPTONA,60.02 ko,ko,1.75,0.03,,,1.75,5201410964288,TOALETNE POTREPŠTINE
PEL KUPANJE PAMPERS 5 14+kg 10/1,90316314,PAMPERS,10.00 ko,ko,8.76,0.88,,,8.76,8001090728951,TOALETNE POTREPŠTINE
VL MARAMICE PAMPERS FRESH CLEAN 80/1,90385489,PAMPERS,80.00 ko,ko,,0.02,1.39,2.59,2.59,8001841077598,TOALETNE POTREPŠTINE
DN ULOŠCI ALWAYS NORM FR 60/1,90261054,ALWAYS P&G,60.24 ko,ko,3.32,0.06,,,2.65,4015400563747,TOALETNE POTREPŠTINE
HIG UL LOLA LADY SPEC 10/1,06501367,LOLA LADY,10.00 ko,ko,2.49,0.25,,,2.15,3858881100060,TOALETNE POTREPŠTINE
PAP RUPČIĆI NATUR BALZ 4SL 10/1,90190386,NATUR,10.00 ko,ko,1.25,0.13,,,1.25,3838900965658,TOALETNE POTREPŠTINE
VL MAR VIOLETA BADEM 4-PACK 4X56,90364561,VIOLETA,4.00 ko,ko,5.29,1.32,,,5.29,3870128008182,TOALETNE POTREPŠTINE
HIG UL ALWAYS CLASS NIGHT 8/1,90167396,ALWAYS P&G,8.00 ko,ko,1.85,0.23,,,1.49,4015400260837,TOALETNE POTREPŠTINE
DN UL CAREFREE COTTON ALOE 76/1,90499424,CAREFREE,76.05 ko,ko,3.89,0.05,,,3.79,3574660464368,TOALETNE POTREPŠTINE
HIG UL LIBRESSE ALOE VER CAM NORM DUO 20/1,90363581,LIBRESSE,20.00 ko,ko,3.05,0.15,,,3.05,7322540344011,TOALETNE POTREPŠTINE
PAP RUPČIĆI ZEWA DELUX MIRIS 3SL 10,05080135,ZEWA,10.00 ko,ko,1.95,0.2,,,1.95,7322540061475,TOALETNE POTREPŠTINE
MARAMICE VL FINO NAOČALE EKRAN 30+2,90407602,FINO,1.00 ko,ko,1.99,1.99,,,1.99,5201314113997,TOALETNE POTREPŠTINE
DN UL LIBRESSE EXTRA 2u1 24/1,06507017,LIBRESSE,24.00 ko,ko,1.95,0.08,,,1.95,7322540062656,TOALETNE POTREPŠTINE
HIG UL VIOLETA AIR FIT NIGHT 20/1,90409463,VIOLETA,20.00 ko,ko,,0.1,1.99,2.69,3.05,3870128041042,TOALETNE POTREPŠTINE
HIG UL OLEA NORMAL DUO 28/1,90249956,OLEA,28.00 ko,ko,,0.06,1.69,2.16,2.16,3850334579577,TOALETNE POTREPŠTINE
PEL VIOLETA AD MIDI 3 4-9kg 66/1,90194095,VIOLETA,66.01 ko,ko,15.93,0.24,,,15.93,3870128010222,TOALETNE POTREPŠTINE
HIG UL VIOLETA AIR FIT SUPER 20/1,90409478,VIOLETA,20.00 ko,ko,,0.1,1.99,1.99,2.65,3870128040984,TOALETNE POTREPŠTINE
DN UL OLEA ALOE VERA 50/1,90249944,OLEA,50.00 ko,ko,,0.02,1.05,1.29,1.29,3850334579515,TOALETNE POTREPŠTINE
RUPČIĆI PAP VIOLETA LJUBIČICA 3SL 10/1,05083089,VIOLETA,10.00 ko,ko,1.99,0.2,,,1.99,3870128000742,TOALETNE POTREPŠTINE
BLAZINICE EXTRA SOFT 80/1 SEPTONA,90770564,SEPTONA,80.00 ko,ko,1.29,0.02,,,1.29,5201410008227,TOALETNE POTREPŠTINE
PEL GAĆ PAMPERS NIGHT S4 25/1,90568126,PAMPERS,25.00 ko,ko,11.28,0.45,,,11.28,8006540234709,TOALETNE POTREPŠTINE
TP PALOMA PURE WHITE 16/1 3SL,90704972,PALOMA,16.00 ko,ko,4.29,0.27,,,4.49,3838952027908,TOALETNE POTREPŠTINE
FELIX MM MESNI MENU 24X85 g,90880176,FELIX,2.04 kg,ko,10.99,5.39,,,10,7613039733035,PROIZVODI ZA KUĆANSTVO
VREĆA SMEĆE TRAKA ALUFIX 60L 15/1,90732182,ALUFIX,15.00 ko,ko,3.59,0.24,,,3.59,4823071655087,PROIZVODI ZA KUĆANSTVO
POSLASTICA FELIX DM PATKA 4X10 g,90864715,FELIX,0.04 kg,ko,2.19,54.75,,,2.19,8445291538306,PROIZVODI ZA KUĆANSTVO
KITTY SM STERILE 400g,90138613,KITTY,0.40 kg,ko,1.35,3.38,,,1.35,3850334017529,PROIZVODI ZA KUĆANSTVO
ONE MM STERIL LOSOS MRKVA 85g,90362332,ONE,0.09 kg,ko,1.19,14,,,1.19,7613036936750,PROIZVODI ZA KUĆANSTVO
VREĆA SMEĆE LD 200L 10/1 EXTRA GEA,90141736,GEA,10.00 ko,ko,3.32,0.33,,,3.32,3870075007825,PROIZVODI ZA KUĆANSTVO
SPUŽVA KUHINJA FINO PROFIL PREM 1/1,90603245,FINO,1.00 ko,ko,0.99,0.99,,,0.99,8606013476850,PROIZVODI ZA KUĆANSTVO
RUČ PAP PREMIUM 50L 3SL 4/1,90186113,NATUR,4.00 ko,ko,,0.47,1.89,2.12,2.12,3850334614728,PROIZVODI ZA KUĆANSTVO
SALV PALOMA BUNNY&EGG 33X33 3SL 20/1,90750537,PALOMA,1.00 ko,ko,1.69,1.69,,,2.29,3838952035293,PROIZVODI ZA KUĆANSTVO
SHEBA 85 G S TELETINOM I PILETINOM U ŠTRUCI,90164647,SHEBA,0.09 kg,ko,1.09,12.82,,,1.09,4008429069758,PROIZVODI ZA KUĆANSTVO
SPUŽVA POLLYF 1/1 10101 2017,05353736,POLLY FLEX,1.00 ko,ko,0.75,0.75,,,0.75,3859888122017,PROIZVODI ZA KUĆANSTVO
SPUŽVA VILEDA ABRAZI ANTIBA UF 3/1,90706275,VILEDA,3.00 ko,ko,,1,2.99,4.99,4.99,4023103239500,PROIZVODI ZA KUĆANSTVO
RUČNIK VIOLETA ALL IN 1 MAXI 1/1,90668503,VIOLETA,1.00 ko,ko,3.45,3.45,,,2.49,3858893660620,PROIZVODI ZA KUĆANSTVO
ALU PLADANJ F&P 4 PORCIJE 2/1,90513620,FRESH&PACK,1.00 ko,ko,1.59,1.59,,,1.59,3850334395870,PROIZVODI ZA KUĆANSTVO
ALU PLADANJ 1/1 GASTRO,90572008,KONZUM,1.00 ko,ko,0.5,0.5,,,0.5,,PROIZVODI ZA KUĆANSTVO
ONE SM ADULT PILETINA 450G,90677815,ONE,0.45 kg,ko,3.99,8.87,,,3.99,8445290095831,PROIZVODI ZA KUĆANSTVO
METLA UNUTARNJA DRŠKA DAX,90276275,DAX,1.00 ko,ko,,2.35,2.35,3.35,3.32,3850334599889,PROIZVODI ZA KUĆANSTVO
ŠTAPIĆI RAŽ 25C 25/1 POKUPČANKA,05590106,POKUPČANKA,25.00 ko,ko,1.19,0.05,,,1.19,3858881180161,PROIZVODI ZA KUĆANSTVO
BRISAČ PODA MIKROFIBRA DRŠKA CS,90799932,CLEAN SMART,1.00 ko,ko,9.99,9.99,,,9.99,3859893097133,PROIZVODI ZA KUĆANSTVO
SALV PALOMA BOŽIĆ SNOW FL 33X33 20/1,90726740,PALOMA,1.00 ko,ko,2.29,2.29,,,2.29,3838952034456,PROIZVODI ZA KUĆANSTVO
RUČNIK OLALA MAXI ROLA 450 LIS 1/1 2SL,90672805,OLALA,1.00 ko,ko,4,4,,,5.31,3858893275244,PROIZVODI ZA KUĆANSTVO
FRIEND MM MINI PILETINA 100g,90719889,FRIEND,0.10 kg,ko,0.59,5.9,,,0.59,3870547072542,PROIZVODI ZA KUĆANSTVO
KITTY MM RIBA 405G,90648722,KITTY,0.41 kg,ko,0.89,2.2,,,0.89,3850334011541,PROIZVODI ZA KUĆANSTVO
WANPY DOG SUŠENA PIL I KOSTI 100g,90572828,WANPY,0.10 kg,ko,3.55,35.5,,,3.55,6927749810353,PROIZVODI ZA KUĆANSTVO
ADVENTUROS NUGGETS 90G,90240559,ADVENTUROS,0.09 kg,ko,2.19,24.33,,,2.19,7613035516311,PROIZVODI ZA KUĆANSTVO
SALV PALOMA JUNIOR 2 33X33 3SL 20/1,90775786,PALOMA,20.00 ko,ko,2.55,0.13,,,2.55,3838952035460,PROIZVODI ZA KUĆANSTVO
KITTY MM DIVLJAČ 100G ALU,01640556,KITTY,0.10 kg,ko,0.49,4.9,,,0.49,3850334028402,PROIZVODI ZA KUĆANSTVO
SPUŽVA GLITZI CRYST 1/1 1017,05354913,VILEDA,1.00 ko,ko,,0.99,0.99,1.65,1.65,3838447000294,PROIZVODI ZA KUĆANSTVO
VREĆA SMEĆE EXTRA JAKE 60 l 15/1 ALUFIX,90754953,ALUFIX,15.00 ko,ko,3.49,0.23,,,3.49,4823071657913,PROIZVODI ZA KUĆANSTVO
POSLASTICA BONAS KALCIJ PATKA 80g VK,90070049,VITAKRAFT,0.08 kg,ko,3.59,44.88,,,3.59,4008239585745,PROIZVODI ZA KUĆANSTVO
SPUŽVE KUHINJA U BOJI FINO 10/1,90603248,FINO,1.00 ko,ko,1.39,1.39,,,1.39,5201314091158,PROIZVODI ZA KUĆANSTVO
RUKAVICE VILEDA KUĆ SENS LEICH SRED,05570012,VILEDA,1.00 ko,ko,,2.79,2.79,3.99,3.99,8001940003320,PROIZVODI ZA KUĆANSTVO
POSLAST BEEF STICK ZA PSE GOV 12g VK,90082251,VITAKRAFT,0.01 kg,ko,0.75,62.5,,,0.75,4008239265005,PROIZVODI ZA KUĆANSTVO
KITTY MM LOS 100g  ALU,01640555,KITTY,0.10 kg,ko,0.49,4.9,,,0.49,3850334028426,PROIZVODI ZA KUĆANSTVO
KRPA UNIV MIKROVL FINO 4/1,90869869,FINO,4.00 ko,ko,6.29,1.57,,,6.29,5201314181293,PROIZVODI ZA KUĆANSTVO
POESIE KOLJA DELISAUCE 85g VITAKRAFT,90307694,VITAKRAFT,0.09 kg,ko,0.85,10,,,0.85,4008239366658,PROIZVODI ZA KUĆANSTVO
SALV PALOMA STYLE COCKTAIL 24x24 3SL 20/1,90498181,PALOMA,20.00 ko,ko,1.65,0.08,,,1.65,3838952028776,PROIZVODI ZA KUĆANSTVO
VREĆA SMEĆE FINO GRE LIF 35L 22/1,90732205,FINO,22.00 ko,ko,,0.1,2.23,2.79,2.79,5900536335964,PROIZVODI ZA KUĆANSTVO
VREĆICA ZAMR LD 2L 25/1 ROYAL,90090471,ROYAL,25.00 ko,ko,1.33,0.05,,,1.33,3858888961008,PROIZVODI ZA KUĆANSTVO
FELIX FANTASTIC GIJ RIBA 12X85g,90582750,FELIX,1.02 kg,ko,6.79,6.66,,,6.79,7613287495419,PROIZVODI ZA KUĆANSTVO
GUMICE 50G HERES,05570757,HERES,1.00 ko,ko,0.93,0.93,,,0.93,3859889869010,PROIZVODI ZA KUĆANSTVO
KRPA POD PAMUK DAX 1/1,90289988,DAX,1.00 ko,ko,0.79,0.79,,,0.8,3850334608024,PROIZVODI ZA KUĆANSTVO
SALV PALOMA ELITE MODR PLAV 40X40 2SL 16/1,90572966,PALOMA,16.00 ko,ko,3.95,0.25,,,3.95,3838952028714,PROIZVODI ZA KUĆANSTVO
WHISKAS MM PD RIBA 4X85G,90678118,WHISKAS,0.34 kg,ko,2.75,8.09,,,2.75,5900951303166,PROIZVODI ZA KUĆANSTVO
PEDIGREE MP JUNIOR 4X100g,90139356,PEDIGREE,0.40 kg,ko,2.99,7.48,,,2.99,5900951319617,PROIZVODI ZA KUĆANSTVO
METALNA DRŠKA PLASTIFICIRANA 120cm DAX,90276268,DAX,1.00 ko,ko,0.93,0.93,,,0.93,3850334599797,PROIZVODI ZA KUĆANSTVO
ŽICA INOX DAX 2/1,90290001,DAX,2.00 ko,ko,0.65,0.33,,,0.66,3850334608413,PROIZVODI ZA KUĆANSTVO
MC MP PIL RAJČ MAHUNE 405 g,90774797,MIGLIOR,0.41 kg,ko,1.19,2.94,,,1.19,8007520027229,PROIZVODI ZA KUĆANSTVO
USKRSNI KOLAČ RONDORO LIM KRE 400 g ,90990525,BATTISTERO,0.40 kg,ko,4.99,12.48,,,4.99,8002734103240,HRANA
KINESKI MIX GARDEN GOOD 400 g,90990202,GARDEN GOOD,0.40 kg,ko,1.39,3.48,,,1.39,3850334450166,HRANA
PEČ PAPRIKA FILET GARDEN GOOD 600 g,90990204,GARDEN GOOD,0.60 kg,ko,4.99,8.32,,,4.99,3850334450142,HRANA
TORTILLA PŠEN 6X25cm 370 g HRUSTY,90990852,HRUSTY,1.00 ko,ko,1.59,1.59,,,1.59,3850334453242,HRANA
KAVA JUBIL VAC MLJEV 2X250 g +ŠALICA,90980407,FRANCK,1.00 ko,ko,10.79,10.79,,,10.79,3850291056333,HRANA
KAVA STARBUCKS LUNGO NS 10/1 52 g,90991497,STARBUCKS,0.05 kg,ko,5.49,105.58,,,5.49,8445291363861,HRANA
BRANCIN OČIŠ MAP 900-1100 g,90979926,CROMARIS,1.00 kg,kg,12.99,12.99,,,13.99,,HRANA
TORTILLA PŠEN MAXX 12X25CM 780g HRUS,90990859,HRUSTY,1.00 ko,ko,1.99,1.99,,,1.99,3850334453266,HRANA
MAJONEZA 270 g+230 g ZVIJEZDA,90991657,ZVIJEZDA,0.27 kg,ko,3.29,12.19,,,3.29,3856015333148,HRANA
PEČENICA U MREŽICI ZAČINJENA CA 800g,90989907,AVE,1.00 kg,kg,9.99,9.99,,,9.99,,HRANA
DESERT MON CHERI SRCE T14 147 g,90991252,FERRERO,0.15 kg,ko,7.49,50.95,,,6.99,8000500054321,HRANA
MASLINE ZELENE PREMIUM GG 480/280 g,90979905,GARDEN GOOD,0.28 kg,ko,2.69,9.61,,,2.69,3850334441188,HRANA
VIKEND KOBASICA  PIVAC,90990077,PIVAC,1.00 kg,kg,4.79,4.79,,,4.7,3858890186963,HRANA
MJEŠ ZAČ PILETINA SIR 44 g MAGGI,90991333,MAGGI,0.04 kg,ko,1.49,33.86,,,1.49,8445292010849,HRANA
KAKAO NESQUIK  INSTANT 400G+100 g,90984719,NESQUIK,0.50 kg,ko,5.19,10.38,,,5.19,8445291197725,HRANA
BOMBON KISE TRAKICE 125 g HITSCHIES,90991976,HITSCHIES,0.13 kg,ko,1.99,15.92,,,1.99,4003840008843,HRANA
BOMBON KIS PLAV TRAK 125 g HITSCHIES,90991979,HITSCHIES,0.13 kg,ko,1.99,15.92,,,1.99,4003840008751,HRANA
KEKS SPRING PVC 350 g LAMBERTZ,90991658,LAMBERTZ,0.35 kg,ko,3.99,11.4,,,3.99,5900658800807,HRANA
BOMBON KIS HOBOTNICA 125 g HITSCHIES,90991982,HITSCHIES,0.13 kg,ko,1.99,15.92,,,1.99,4003840008720,HRANA
BOMBON KISS MINIS 100 g TROLLI,90992002,TROLLI,0.10 kg,ko,1.79,17.9,,,1.79,4003084319743,HRANA
BOMBON GUMENI POP EYE 75 g TROLLI,90992005,TROLLI,0.08 kg,ko,3.49,46.53,,,3.49,4000512363729,HRANA
PODIJELI DOBRO SLANINA.BUĐOLA.PRŠUT,90980489,DOBRO,1.00 ko,ko,6.49,6.49,,,6.49,3850133817252,HRANA
ZAŽELI DOBRO ČAJNA.ZIMSKA R.KULEN,90980491,DOBRO,1.00 ko,ko,4.49,4.49,,,4.49,3850133817283,HRANA
USKRS ČOKOLADNE BANANA 125 g CASALI,90990553,CASALI,0.13 kg,ko,1.99,15.92,,,1.99,9000332837283,HRANA
BISKVIT KAKAO PUNJENJE 120 g YUPPIE,90992120,YUPPIE,0.12 kg,ko,2.49,20.75,,,2.49,3800102751209,HRANA
BOMBON KIS COLA PAUK 125 g HITSCHIES,90991984,HITSCHIES,0.13 kg,ko,1.99,15.92,,,1.99,4003840008324,HRANA
KAVA PROFONDO NS 20/1 XXL 104 g L OR,90980702,L OR,0.10 kg,ko,6.59,63.37,,,6.59,3858895415921,HRANA
KAVA RITUAL LUNGO DG 16/1 120 g,90991550,RITUAL,0.12 kg,ko,3.99,33.25,,,3.99,3850334451446,HRANA
KAVA RITUAL ESPRESSO DG 16/1 120 g,90991553,RITUAL,0.12 kg,ko,3.99,33.25,,,3.99,3850334451385,HRANA
PILEĆI FILE PRSIJU CCA 800 g XXL,90990396,PERUTNINA PT,1.00 kg,kg,,5.89,5.89,5.99,5.99,3850220431149,HRANA
BOMBON KIS TRAK CRVE 125 g HITSCHIES,90991986,HITSCHIES,0.13 kg,ko,1.99,15.92,,,1.99,4003840008690,HRANA
KAVA LAVAZZA CREMA E GUSTO 2X250 g,90984768,LAVAZZA,0.50 kg,ko,13.49,26.98,,,13.49,8000070038875,HRANA
PRALINE LINDT LINDOR MIX SRCE 160 g,90991601,LINDT,0.16 kg,ko,8.99,56.19,,,8.99,8003340801933,HRANA
PIZZA AMORE DIAVOLA GG 325 g,90980011,GUSTAVO GUSTO,0.33 kg,ko,4.99,15.35,,,4.99,4260414155529,HRANA
SVINJSKI BUT SK DAL OBRADA +12 kg,90980662,PIK VRBOVEC,1.00 kg,kg,3.69,3.69,,,3.69,3850139400069,HRANA
ADVENTSKI KALENDAR 3D MILKA 163 g,90974787,MILKA,0.16 kg,ko,2,12.27,,,12.99,7622202013584,HRANA
DUBAI KNEDLE 420 g SPECIAL MOMENTS,90965321,SPECIAL MOMENTS,0.42 kg,ko,6.99,16.64,,,6.99,3850334446305,HRANA
CHOCO CHIPS SM SALTED CARAMEL 100 g,90956017,SPECIAL MOMENTS,0.10 kg,ko,2,20,,,3.49,3850334434265,HRANA
MARGO BUTTERY 400 g ZVIJEZDA,90969839,MARGO,0.40 kg,ko,2.19,5.48,,,2.19,3856015332974,HRANA
JUHA SP BEEF NOODLES 71 g FINI MINI,90970091,FINI MINI,0.07 kg,ko,0.69,9.72,,,0.69,3856020282912,HRANA
KLIPIĆ LATICA 600 g,90955718,LATICA,0.60 kg,ko,3.99,6.65,,,3.99,3850261357736,HRANA
GRISSINI MINI SEZAM 70 g NUTRIBELLA,90954867,NUTRIBELLA,0.07 kg,ko,0.99,14.14,,,0.99,8600103145992,HRANA
ŠEĆER SMEĐI XXL 1 kg DEMERARA,90954885,ENCIAN,1.00 kg,ko,3.49,3.49,,,3.49,3858894621026,HRANA
JOGURT ACTIVIA MIX 163 g,90969654,ACTIVIA,0.16 kg,ko,1.55,9.51,,,1.49,5941209025638,HRANA
FRITULE 250 g DOLCELA,90970106,DOLCELA,0.25 kg,ko,2.69,10.76,,,2.69,3856020246563,HRANA
SKUŠA S POVRĆEM XXL 3X125 g IZOLA,90939690,DELAMARIS,0.38 kg,ko,5.99,15.97,,,4.99,3838929567864,HRANA
ČOKOLADA KIT KAT SALTED CARAMEL 99 g,90939878,KIT KAT,0.10 kg,ko,,28.18,2.79,2.79,2.79,3800020491508,HRANA
PANETTONE BAULI 500 g,90959719,BAULI,0.50 kg,ko,2,4,,,8.99,8001720021018,HRANA
AROMA VANILIJA 15 ml AROMAR,90970266,AROMAR,0.02 l,ko,1.69,112.67,,,1.69,3859888333024,HRANA
UMAK RAJČICA ČEŠNJAK 400 g BARILLA,90970316,BARILLA,0.40 kg,ko,3.29,8.23,,,3.29,8076809572996,HRANA
TORTILLA KUKUR 15CM 10/1 250 g MEXIF,90970180,MEXIFOODS,0.25 kg,ko,2.39,9.56,,,2.39,8422424100012,HRANA
DES EUFORIJA CHOCO MIX 150 g VINDIJA,90930005,Z BREGOV,0.15 kg,ko,0.95,6.33,,,0.95,3850108037722,HRANA
MESNI DORUČAK 3X150 g XXL GAVRILOVIĆ,90939691,GAVRILOVIĆ,0.45 kg,ko,4.49,9.98,,,4.49,,HRANA
MLIJEKO TRAJNO 2.8% 0.5L  VINDIJA,02230426,Z BREGOV,0.50 l,ko,0.99,1.98,,,0.99,3850108020557,HRANA
TIJESTO SVJ LISNATO MINUTE 275g,90402351,MINUTE,0.28 kg,ko,,2.87,0.79,1.25,1.25,3850334279514,HRANA
LOPATICA SJEČENA K PLUS 1/4 VAK,90268047,K PLUS,1.00 kg,kg,,5.49,5.49,4.79,6.99,3850139285482,HRANA
KOBASICA ČAJNA NARESCI GAV 80g,90111312,GAVRILOVIĆ,0.08 kg,ko,2.35,29.38,,,2.35,3858881227613,HRANA
JOGURT JAGODA 150g DUKATOS,90059151,DUKATOS,0.15 kg,ko,0.99,6.6,,,0.99,3850354009788,HRANA
ČOKOL MILKA CHOCO & BISC 300g,04210798,MILKA,0.30 kg,ko,5.99,19.97,,,5.99,7622210275516,HRANA
MAJONEZA K PLUS 620g,90273823,K PLUS,0.62 kg,ko,,3.85,2.39,2.92,2.92,3850334609977,HRANA
JUHA SPEC PIL S TIJ 5x75G  INDOMIE,01491316,INDOMIE,0.38 kg,ko,,4.24,1.59,1.59,2.25,0089686170054,HRANA
TUNJ SALATA COUS COUS 160g RIO MARE,02190561,RIO MARE,0.16 kg,ko,,13.44,2.15,4.69,4.69,8004030860001,HRANA
PECIVO OBITELJSKO K PLUS 8/1 400g,90057790,K PLUS,0.40 kg,ko,1.95,4.88,,,1.99,3850334343185,HRANA
ČOKOLADNE CREAM BANANE 510g DIVA,90623071,DIVA,0.51 kg,ko,3.99,7.82,,,3.99,3857500120007,HRANA
PISTACIO FP EC LJUSKA SLANI 300g,90705636,EUROCOMPANY,0.30 kg,ko,7.49,24.97,,,7.29,3872084015099,HRANA
ZAGORSKI ŠTRUKLI 600gr KUTIJA LEDO,02371338,LEDO,0.60 kg,ko,5.49,9.15,,,4.49,3850116765198,HRANA
KRASTAVAC K PLUS SLA KIS PIKANT 350G,90149947,K PLUS,0.35 kg,ko,,6.54,2.29,2.79,2.49,3850334520531,HRANA
TJESTENINA S 4 SIRA 145g TALIAN POD,04050903,TALIANETTE,0.15 kg,ko,2.49,17.17,,,2.49,3850104231025,HRANA
HRENOVKE WUDY KLASIK 1000g AIA,02044205,WUDY,1.00 kg,ko,2.69,2.69,,,2.69,8008110037369,HRANA
MARGARIN MARGO NOVA 400g ZVIJEZDA,90703025,MARGO,0.40 kg,ko,2.19,5.48,,,1.99,3856015327253,HRANA
BUĐOLA GASTRO DOBRO,90391130,DOBRO,1.00 kg,kg,22.99,22.99,,,15.99,3850133800933,HRANA
KOLAČ MAĐARICA K PLUS 400g,90408852,K PLUS,0.40 kg,ko,,10.48,4.19,4.79,3.99,3850334230027,HRANA
DESERT KIT KAT HAZELNUT 41.50 g NEST,90887410,KIT KAT,0.04 kg,ko,1.35,32.53,,,1.35,8445291308725,HRANA
BRAŠNO UNI. MIX PREM BG 1kg NO NO,90577989,NO NO,1.00 ko,ko,2,2,,,2,3858887101238,HRANA
ZAČIN BOSILJ SUŠENI POS. 14g VEGETA MAESTRO,90364217,VEGETA MAESTRO,0.01 kg,ko,1.79,127.86,,,1.79,3850104294952,HRANA
ŠTRUDLA OD JABUKA TONI KAISER 375 g,90825028,TONI KAISER,0.38 kg,ko,5.99,15.97,,,5.99,9001625000759,HRANA
TIJESTO CAPPELLETTI DURUM 500 g ZP,90890097,ZLATO POLJE,0.50 kg,ko,1.99,3.98,,,1.99,3856020278922,HRANA
FANT CHICKEN WOK 45g,90484161,FANT,0.05 kg,ko,1.39,30.89,,,1.39,3856020246242,HRANA
KUPUS KIS MASL ULJE ČEŠNJAK 250g,90348702,KORA,0.25 kg,ko,1.99,7.96,,,1.59,3859891493616,HRANA
TIJESTO TAGLIATELLE 104 500g ZARA,04050153,PASTA ZARA,0.50 kg,ko,1.99,3.98,,,1.99,8004350131041,HRANA
PASTRVA DIM FILET 100g MARKO,90058953,MARKO,0.10 kg,ko,6.29,62.9,,,6.29,3859891289561,HRANA
PUREĆI PANIRANI ODREZAK XXL 280g AIA,90071916,AIA,0.28 kg,ko,3.05,10.89,,,3.05,8008110001377,HRANA
TUBA VOĆNA HIPP KRUŠ BAN KIVI 100g,90290033,HIPP,0.10 kg,ko,1.35,13.5,,,1.35,4062300278578,HRANA
ZAČIN ZA KRUMPIR XXL 100g VEGETA NATUR,90770286,VEGETA NATUR,0.10 kg,ko,2.19,21.9,,,2.19,3856020270278,HRANA
ZAČIN ZA GOVEĐI GULAŠ 50g ALEVA,90380142,ALEVA,0.05 kg,ko,1.19,23.8,,,1.19,8600947042129,HRANA
DESERT M&M CRISPY 36 g,90770613,MARS,0.04 kg,ko,1.09,30.28,,,1.09,5000159561662,HRANA
MILKSHAKE ČOKOLADA MINUTE 230ml,90731519,MINUTE,0.23 l,ko,1.49,6.48,,,1.49,3838900829332,HRANA
PUDING ČOKOLADA LUX 4X125g DUKAT,90764675,DUKAT,0.50 kg,ko,2.49,4.98,,,1.99,3850354018292,HRANA
VAFL MANNER BRESKVA 185g,90600220,MANNER,0.19 kg,ko,1.5,8.11,,,1,9000331628363,HRANA
ŠEĆER KOCKA BIJELI 250 g LARA,90890582,LARA,0.25 kg,ko,1.49,5.96,,,1.49,3859892259648,HRANA
MAJONEZA HEINZ 400g,90302674,HEINZ,0.40 kg,ko,3.99,9.98,,,3.99,8715700422510,HRANA
ČEŠNJAK GRANULE 70g SOTINAC,90750971,OPG SOTINAC,0.07 kg,ko,1.39,19.86,,,1.39,3859893718267,HRANA
DRESSING MED - SENF 75 ml VREĆ DEVELEY,90412601,DEVELEY,0.08 l,ko,0.79,10.53,,,0.79,4006824018135,HRANA
KLEPE SA MESOM 350 g BUJRUM,90830089,BUJRUM,0.35 kg,ko,4.99,14.27,,,4.99,3859893922138,HRANA
VANILICE SA BADEMOM I LJEŠNJ 240 g,90890379,PIRAMIDA,0.24 kg,ko,2.99,12.46,,,2.99,8606104138940,HRANA
SV LOPATICA SK U KOŽI ,02400213,PIK VRBOVEC,1.00 kg,kg,4.75,4.75,,,4.79,3850139523027,HRANA
DESERT NESTLE FITN BOB VOĆE 23.5g,90324738,NESTLE ŽITAR,0.02 kg,ko,0.89,37.87,,,0.83,5900020029447,HRANA
PAŠTETA JETR BRUSSEL 125 g SPEC MOMENTS,90829885,SPECIAL MOMENTS,0.13 kg,ko,1.99,15.92,,,1.99,3850334431844,HRANA
ROTKVA CRNA,01400021,,1.00 kg,kg,,0.89,0.89,1.19,1.15,3856017203913,HRANA
KAŠICA FRUTEK ŠLJIVA 120g,04172603,FRUTEK,0.12 kg,ko,1.25,10.42,,,1.25,3838945511407,HRANA
LIZALICE YOGURT MIX 48/1 920g ROSHEN,90739688,ROSHEN,0.92 kg,ko,5.99,6.51,,,5.99,4823077630736,HRANA
MLIJEKO ZAMJ NAN PRO 1 TEK 200 ml,90839932,NAN,0.20 l,ko,1.69,8.45,,,1.69,8445290748133,HRANA
LOSOS SALATA VITAL 170 g DELAMARIS,90889699,DELAMARIS,0.17 kg,ko,4.29,25.24,,,4.29,3838929620033,HRANA
SIRUTKA MANGO MARELICA 500G VERONIKA,90202135,VERONIKA,0.50 kg,ko,1.29,2.58,,,1.29,3859889622301,HRANA
PUDING ČOKOLADA 49g DR OETKER,04181078,DR OETKER,0.05 kg,ko,,9.18,0.45,0.72,0.72,5997381375641,HRANA
LIZALICA CHUPA CHUPS SKULL JAG/LIM 15g,90344446,CHUPA CHUPS,0.02 kg,ko,0.59,39.33,,,0.59,6921211114611,HRANA
TUBA NAT GERBER KRUŠKA ŠLJIVA 90 g,90759685,GERBER,0.09 kg,ko,1.39,15.44,,,1.39,8445290359865,HRANA
TJEST RIGATI NAR BATAT 400g PEREC,90731598,OPG PEREC,0.40 kg,ko,2.99,7.48,,,2.99,3859894123213,HRANA
TJEST RIGATONI 400G BRONZA,90730985,BRONZA,0.40 kg,ko,2.59,6.48,,,2.59,3857500128515,HRANA
SLAD TOBLERONE ŠTAPIĆ 100ml,90407775,TOBLERONE,0.10 l,ko,1.99,19.9,,,0.89,8436575297279,HRANA
DRESSING KRAUTER 75ML VREĆ DEVELEY,01491297,DEVELEY,0.08 kg,ko,0.79,10.53,,,0.79,4006824028219,HRANA
LASAGNE RICOTTA ŠPINAT RANA 350g,90734775,RANA,0.35 kg,ko,3.49,9.97,,,3.49,8001665127707,HRANA
BRAŠNO KUKURUZNO  BIJELO  1 KG IZIDOR,90453569,IZIDOR,1.00 kg,ko,1.69,1.69,,,1.72,3859893567025,HRANA
KOŠARICE CVIJET 42 g 12/1 CONFILETAS,90887092,CONFILETAS,0.04 kg,ko,3,71.43,,,5.99,8427778896185,HRANA
BOMBON RICOLA LIMUN MINT VR 75 g,90770190,RICOLA,0.08 kg,ko,2.69,35.87,,,2.69,7610700945131,HRANA
UMAK S ARTIČOKAMA POLLI 190g,90155350,POLLI,0.19 kg,ko,3.99,21,,,3.99,8001310811234,HRANA
RAJČICA PELAT 400/240 g,90854737,SLOVA,0.24 kg,ko,0.79,3.29,,,0.99,3838900843192,HRANA
KUGLICE PISTACIJA 100 g FITFIT,90825647,FIT&FIT,0.10 kg,ko,3.99,39.9,,,3.99,8683923381696,HRANA
ZAČIN PEPERONCINI 15g BOČ KOTANY,04100526,KOTANYI,0.02 kg,ko,2.29,152.67,,,2.29,9001414040058,HRANA
VANILIN ŠEĆER 8g DR OETKER,90406213,DR OETKER,0.01 kg,ko,0.22,27.5,,,0.22,5997381375542,HRANA
ZAMJE KAVIJAR CRNI KAPEL 50g KLAROM,02197068,FRIEDRICHS,0.05 kg,ko,3.79,75.8,,,3.79,5709505800027,HRANA
PAPAR CRNI U ZRNU 17g VR KOTANY,04100695,KOTANYI,0.02 kg,ko,1.49,87.65,,,1.49,9001414015452,HRANA
VEGETA SWEET CHILI 200 g PODRAVKA,90890329,VEGETA,0.20 kg,ko,2.19,10.95,,,2.19,3856020276690,HRANA
JOGURT OD KOZJEG MLIJEKA 500g CAPRA,90514320,CAPRA DOMESTICA,0.50 kg,ko,2.69,5.38,,,2.69,3859893605246,HRANA
FLIPS HRUSTY  PIZZA 30g,90692821,HRUSTY,0.03 kg,ko,,10.33,0.31,0.39,0.35,3850334009371,HRANA
ZAČIN RUŽMARIN USITNJE VR 20g  VEGETA MAESTRO,90282118,VEGETA MAESTRO,0.02 kg,ko,0.89,44.5,,,0.89,3850104294495,HRANA
LJUTENICA BAKINA TAJNA 300G,90158047,BAKINA TAJNA,0.30 kg,ko,5.49,18.3,,,5.49,8606011035349,HRANA
TEL KOLJENICA SK VAKLM  ,02414300,PIK VRBOVEC,1.00 kg,kg,16.29,16.29,,,13.99,3850139451061,HRANA
PAHULJICE NESQUIK MINIS 300 g NESTLE,90869980,NESTLE ŽITAR,0.30 kg,ko,4.49,14.97,,,4.49,5900020044877,HRANA
LIMUN DEHIDRIRANI VEEMEE 30 g,90850427,VEEMEE,0.03 kg,ko,3.49,116.33,,,3.49,3859894055408,HRANA
TJESTENINA POVRĆE  CUP 60g SAIKEBON,90325256,SAIKEBON,0.06 kg,ko,1.49,24.83,,,1.49,8000050019443,HRANA
TORTELLINI PRŠUT 250 g PASTIFICIO,90890607,PASTIFICIO BOLOGNESE,0.25 kg,ko,1.99,7.96,,,1.99,8058951350004,HRANA
KOLAČ MAĐARICA 350g KUSTURA,90293601,KUSTURA KOLAČI,0.35 kg,ko,3.71,10.6,,,3.71,3858890192131,HRANA
RIBLJA PAŠTETA KOZICAMA 165g TRENTON,90303569,TRENTON,0.17 kg,ko,5.19,31.45,,,5.19,3859893081200,HRANA
VLASAC GRANULE 10g SOTINAC,90750982,OPG SOTINAC,0.01 kg,ko,1.09,109,,,1.09,3859893718359,HRANA
VAFL MANNER NARANČA 185g,90600222,MANNER,0.19 kg,ko,1.5,8.11,,,1,9000331628370,HRANA
MASLINE CRNE 370g MARINA,01580195,MARINA,0.20 kg,ko,4.99,24.95,,,5.29,3859888295285,HRANA
TJEST FUSILLI INTEG 400 g BRONZA,90824831,BRONZA,0.40 kg,ko,2.79,6.98,,,2.79,3857500143105,HRANA
SENDVIČ TUNA MASLINE 140 g EUROCHEF,90825716,EUROCHEF,0.14 kg,ko,2.29,16.35,,,2.29,8033524203017,HRANA
JUNEĆA REBRA I PRSA FIVAS,90795049,FIVAS,1.00 kg,kg,9.49,9.49,,,7.19,,HRANA
SLAD TOBLERONE ŠTAPIĆ 3x90ml,90703697,TOBLERONE,0.27 l,ko,5.99,22.16,,,6.99,4007993033806,HRANA
UMAK FISHSAUCE  145ML GO TAN,90572554,GO-TAN,0.15 kg,ko,3.19,22,,,3.19,8710605018684,HRANA
MOZZARELLA OKRUGLICE 500 g VINDIJA,90899998,CEKIN,0.50 kg,ko,,12.98,6.49,7.99,7.99,3850159141157,HRANA
KAŠICA FRUTEK BIO JABUKA 120g,90733556,FRUTEK,0.12 kg,ko,1.25,10.41,,,1.25,3838945016483,HRANA
CREMA PAŠTETA OD BAKAL S CHIL PAP 100g,90324469,BACCALA DELLA MAMMA,0.10 kg,ko,3.29,32.9,,,3.29,3859890853114,HRANA
JUHA KREM RAJČICA I BOSILJAK  56G MAGGI,90260594,MAGGI,0.06 kg,ko,1.39,24.82,,,1.39,7613287419866,HRANA
KAŠA HELJDINA INSTANT 500 g MLINOTEST,90302682,MLINOTEST,0.50 kg,ko,3.45,6.9,,,3.45,3831001824091,HRANA
BOM BIM BOM TVRDI VOĆ MIX 200g ROSHEN,90729988,ROSHEN,0.20 kg,ko,1.49,7.45,,,1.49,4823077612732,HRANA
PLAVA RIBA U BILJ ULJU 95 g/67 g EVA,90886068,EVA,0.07 kg,ko,0.99,14.78,,,1.49,3856020277970,HRANA
UMAK PESTO S RIKULOM 190g SACLA,01490809,SACLA,0.19 kg,ko,3.59,18.89,,,3.59,8001060005273,HRANA
MEĐIMURSKA GIBANICA OMAMA 1360g,90563134,OMAMA,1.36 kg,ko,25.99,19.1,,,17.99,3859894132048,HRANA
ČAJ STOLISNIK 40G,90404288,SUBAN,0.04 kg,ko,2.65,66.25,,,2.65,3858882912396,HRANA
TUNJ OCEAN KOM SUNC ULJE 3X70 g/3X52,90869909,OCEAN,0.17 kg,ko,2.79,16.61,,,2.79,3850334114563,HRANA
SLAD MARS X-TRA 60G,90116305,MARS,0.06 kg,ko,1.99,33.17,,,1.99,5000159460866,HRANA
KOŠARICE KVADRAT 62 g 12/1 CONFILETA,90887096,CONFILETAS,0.06 kg,ko,3,48.39,,,5.99,8427778896161,HRANA
CIMET MLJEVENI 180g (400ml) KOTANYI,90405963,KOTANYI,0.18 kg,ko,6.49,36.06,,,6.49,9001414073735,HRANA
KAVA JACOBS MONARCH 2G,90707753,JACOBS,0.00 kg,ko,0.45,225,,,0.39,8711000538012,HRANA
ZAČIN CHILI PAPRIČ 8G VREĆ KOTANY,90045425,KOTANYI,0.01 kg,ko,1.59,198.75,,,1.59,9001414311516,HRANA
SLAD CINQUE STELLE VAN VIŠNJA 6x90 ml,90759865,SAMMONTANA,0.36 l,ko,5.99,16.65,,,5.99,8005840020593,HRANA
FLIPS BOBI SLAVONIJA 120 g,90904672,BOBI,0.12 kg,ko,0.5,4.17,,,0.99,3858891591261,HRANA
HARINGA DIMLJENA 120g/72 g BANGA,90886110,BANGA,0.07 kg,ko,2.99,41.53,,,2.99,4751017404058,HRANA
KOLAČ CRUMBLE JABUKA 350g CRADEL,90707271,CRADEL,0.35 kg,ko,4.49,12.83,,,4.49,8002963022015,HRANA
SOL SITNA MORSKA 110g VEGETA MAESTRO,90770316,VEGETA MAESTRO,0.11 kg,ko,1.49,13.55,,,1.49,3856020267216,HRANA
RIŽA CRVENA 500g GALLO,04061582,RISO GALLO,0.50 kg,ko,3.49,6.98,,,3.49,8001420005226,HRANA
DJED BOŽIĆNJAK KINDER 55g,90146462,FERRERO,0.06 kg,ko,1,18.18,,,0.5,80310334,HRANA
KREMA TIRAMISU 100g DR OETKER,90412543,DR OETKER,0.10 kg,ko,2.39,23.9,,,2.39,5997381362504,HRANA
ULJE KONOPLJE HL PREŠ 250ml GRANA,90750956,LETIFICO,0.25 kg,ko,8.99,35.96,,,8.99,3859893457067,HRANA
KAŠICA HIPP BRESKVA 190g,03140016,HIPP,0.19 kg,ko,1.69,8.89,,,1.69,9062300000358,HRANA
BOMBON GUM BRESKVA 80 g SOUR PATCH,90835024,SOUR PATCH,0.18 kg,ko,1.09,6.06,,,1.09,7622202207143,HRANA
UMAK MEDITERANSKO POVRĆE 400g BARILLA,90770629,BARILLA,0.40 kg,ko,3.85,9.63,,,3.85,8076809583749,HRANA
SENF SA ZRNCIMA 200ML MAILLE,90191543,MAILLE,0.21 kg,ko,4.39,20.9,,,4.39,3036810207589,HRANA
TUNA HLADNO DIMLJENA 100g MARKO,90241021,MARKO,0.10 kg,ko,7.69,76.9,,,7.69,3859891289516,HRANA
GYOZA SA SVINJETINOM 600g,90617786,AJINOMOTO,0.60 kg,ko,11.94,19.9,,,11.94,5905279248014,HRANA
KEKS BOOM BOX MINI KOKOS BAD ČOK  20g,90706584,BOOM BOX,0.02 kg,ko,0.59,29.5,,,0.49,3856027800539,HRANA
KEKS FINESSE PUNJ LJEŠ KREMA 150 g,90864730,FINESSE,0.15 kg,ko,,9,1.35,1.69,1.69,3850334106209,HRANA
DESERT MOUSSE NOUGA 165 g STAY STRON,90879855,STAY STRONG,0.17 kg,ko,1.59,9.64,,,1.59,3850354019206,HRANA
ČOKOLADA MILKA BADEM CARAMEL 190 g,90889940,MILKA,0.19 kg,ko,4.49,23.63,,,4.49,7622202298905,HRANA
PROTEIN PUDING ČOKOLADA 200 g ALPRO,90880068,ALPRO,0.20 kg,ko,2.59,12.95,,,2.59,5411188137764,HRANA
DESERT MARS 3 PACK 3X45 g,90889784,MARS,0.14 kg,ko,2.85,21.11,,,2.85,5000159561877,HRANA
BOMBON GUM LOVELY FRUITS 80 g BEBETO,90887331,BEBETO,0.08 kg,ko,0.99,12.38,,,0.99,8690146658214,HRANA
KOMPOT VOĆNI MIX 420/250 g EXCELS,90886711,EXCELSIOR,0.25 kg,ko,2.19,8.76,,,2.19,9001397508460,HRANA
SLAD CROCCANTINO CHEES ŠUM VO 500 ml,90900113,CROCCANTINO,0.50 l,ko,9.99,19.98,,,9.99,3859894052162,HRANA
ŠTAPIĆI PRIMA SLANI 220 g,90894816,SOKO ŠTARK,0.22 kg,ko,1.39,6.32,,,1.19,8600939212271,HRANA
FLIPS TIP TOP BIG PEP 40 g,90886933,TIP TOP,0.04 kg,ko,1.09,27.25,,,1.09,3856021307560,HRANA
KAVA LEDENA CAFE LATTE 250 ml LAVAZZ,90890168,LAVAZZA,0.25 l,ko,2.79,11.16,,,2.79,8000070073012,HRANA
MLIJEKO SVJEŽE 3.2% 1.75L PET VINDIJ,90513887,Z BREGOV,1.75 l,ko,2.45,1.4,,,2.45,3850108011760,HRANA
PERŠIN KORIJEN 250 grama,01407833,KORA,0.25 kg,ko,1.49,5.96,,,1.49,3850334357090,HRANA
ŠUNKA FINA NAR. 150g MA PIK,90036524,PIK VRBOVEC,0.15 kg,ko,3.29,21.93,,,3.29,3850139250671,HRANA
BISKVIT NARANČA 125g KRAŠ,04144049,KRAŠ,0.13 kg,ko,1.39,11.12,,,1.09,3850102922703,HRANA
SLAD GELATISSIMO BOURBON VANIL 2.4l,90360361,GELATISSIMO,2.40 l,ko,4.59,1.91,,,4.59,3850334433787,HRANA
BRAŠNO GLATKO T-550 2kg MLINETA,04034425,MLINETA,2.00 kg,ko,1.45,0.73,,,1.49,3859888419056,HRANA
ŠUNKA PUREĆA DE LUX VINDIJA,02034435,VINDON,1.00 kg,kg,18.99,18.99,,,18.99,3850159128417,HRANA
JOGURT TEKUĆI K PLUS 2.8% 1kg PET,02324221,K PLUS,1.00 kg,ko,,1.19,1.19,1.19,1.65,3850334112880,HRANA
MLIJEKO SVJEŽE Z BREG 21D 3.2/1L PET,90513979,Z BREGOV,1.00 l,ko,1.55,1.55,,,1.55,3850108011845,HRANA
MAJONEZA DELIKATES 620g ZVIJEZDA,90472944,ZVIJEZDA,0.62 kg,ko,5.29,8.53,,,4.99,3856015321879,HRANA
MLIJEKO K PLUS TRAJNO 2.8% 1L,02233999,K PLUS,1.00 l,ko,,0.69,0.69,0.69,0.79,3850334079220,HRANA
SLAD KONTIKI 70ML LEDO,02351276,LEDO,0.07 l,ko,1.29,18.43,,,0.99,3850116066363,HRANA
JOGURT B'AKTIV NATUR 1KG PET DUKAT,90514013,B'AKTIV,1.00 kg,ko,2.99,2.99,,,2.85,3850354015819,HRANA
HAMBURGER K PLUS VAC,02019869,K PLUS,1.00 kg,kg,,6.29,6.29,6.99,6.99,3850139285437,HRANA
INSTANT NES GOLD ST 190g,90703433,NESCAFE,0.19 kg,ko,,55.21,10.49,14.49,13.49,8445290491275,HRANA
MLIJEKO K PLUS 6X1L 2.8%,90185838,K PLUS,6.00 l,ko,3.72,0.62,,,4.32,3850334547736,HRANA
PARIZER PIKO 400g PIK VRBOVEC,02044262,PIKO,0.40 kg,ko,3.99,9.98,,,3.99,3850139191134,HRANA
JOGURT VOĆ YOGHI FRU K PLUS MIX 150g,02329035,K PLUS,0.15 kg,ko,0.37,2.47,,,0.37,3858884508979,HRANA
KEKS ČAJNI KOLUTIĆI 800g KRAŠ,04144062,KRAŠ,0.80 kg,ko,,3.74,2.99,2.99,3.89,3850120700079,HRANA
FLIPS SMOKI 225g ŠTARK,04142262,SOKO ŠTARK,0.23 kg,ko,1.99,8.84,,,1.99,8600939507094,HRANA
GREJP CRVENI,01410483,,1.00 kg,kg,1.69,1.69,,,1.69,3850334173560,HRANA
SV ČMT BEZ KOŽE  III KAT,02400275,PIK VRBOVEC,1.00 kg,kg,3.65,3.65,,,3.95,3850139400915,HRANA
ŠUNKA KUHANA NAR 125g MA PIK VRBOVEC,02036499,PIK VRBOVEC,0.13 kg,ko,2.49,19.92,,,2.49,3850139360516,HRANA
PAPRIKA BABURA,01408960,,1.00 kg,kg,3.49,3.49,,,3.99,3858885876060,HRANA
KOLAČ MAĐARICA 500g MLINAR,90295417,MLINAR,0.50 kg,ko,6.89,13.78,,,6.49,3856028401162,HRANA
DESERT DUKATINO SVJ SIR S VOĆ 6X50g,02334179,DUKATINO,0.30 kg,ko,2.79,9.3,,,2.49,3850354015116,HRANA
ULJE MASLINOVO EX DJEV MONINI 1L,03212202,MONINI,1.00 l,ko,,7.99,7.99,12.99,12.99,80053835,HRANA
KEKS PLAZMA SRCA LJEŠNJAK 100 g,90864880,BAMBI,0.10 kg,ko,1.79,17.9,,,1.79,8600043036794,HRANA
BARANJSKA DOMAĆA KOBASICA VAC BELJE,02024476,BELJE,1.00 kg,kg,15.99,15.99,,,14.49,3850257051709,HRANA
KAŠ INST ČOKOLINO 1.4kg,90410316,LINO,1.40 kg,ko,,5.35,7.49,10.99,10.99,3856020242176,HRANA
KELJ PUPČAR 500 grama,90301492,,0.50 kg,ko,,2.58,1.29,1.29,1.69,8712294008939,HRANA
TIJESTO REZAN VALOV JAJ 400g MAROD,04050898,MARODI,0.40 kg,ko,2.59,6.48,,,2.59,3859888666221,HRANA
PRIPRAVAK ZA ŠLAG CREME PATISS 500ml,90106532,MEGGLE,0.50 l,ko,2.25,4.5,,,2.25,4034900027757,HRANA
KEKS MILKA CHOCO LILASTIX 112G,90166766,MILKA,0.11 kg,ko,2.25,20.09,,,2.25,7622210406354,HRANA
MLIJEKO SVJEŽE 1.5% Z BRE PET 1L VIN,90513952,Z BREGOV,1.00 l,ko,1.49,1.49,,,1.49,3850108011067,HRANA
ŠARAN SVJ ODREZAK PAK KONZUM,90032931,,1.00 kg,kg,8.19,8.19,,,8.19,,HRANA
MLIJEKO ČOKOLADNO 0.5L BOCA DUKAT,90039960,DUKAT,0.50 l,ko,,2.78,1.39,1.69,1.39,3850354006879,HRANA
LOSOS DIMLJENI 100g OCEAN,90693042,OCEAN,0.10 kg,ko,4.49,44.9,,,4.49,3850334036490,HRANA
UMAK PESTO 190g BARILLA,01490108,BARILLA,0.19 kg,ko,,15.74,2.99,4.79,4.79,8076809513746,HRANA
PAŠTETA TUNA SICILIANA ARGETA 95g,90113349,ARGETA,0.10 kg,ko,,17.79,1.69,1.69,1.99,3838471015868,HRANA
LIMUNSKA KISELINA 75 g  DOLCELA ,90643022,DOLCELA,0.08 kg,ko,1.39,18.53,,,1.39,3856020259853,HRANA
TORTILLA KUKUR 8X20cm 320g HRUSTY,90725718,HRUSTY,0.32 kg,ko,1.59,4.97,,,1.59,3850334055118,HRANA
VRHNJE KISELO 20% 900g DUKAT,02334276,BRZO&FINO,0.90 kg,ko,4.49,4.99,,,4.49,3850354009887,HRANA
BOMBON MAMBA 4/1 106g,90042902,MAMBA,0.11 kg,ko,1.59,15,,,1.59,4014400926279,HRANA
MJEŠAVINA MEKSIČKA GARDEN GOOD 750g,90704007,GARDEN GOOD,0.75 kg,ko,2.49,3.31,,,1.99,3838900835357,HRANA
ZIMSKA 300g PODRAVKA,02024510,PODRAVKA,0.30 kg,ko,6.99,23.3,,,6.99,3858886466239,HRANA
KEKS MILKA CHOCO CREAM 260g,90330791,MILKA,0.26 kg,ko,3.39,13.04,,,3.39,7622210717696,HRANA
INSTANT KAVA CREMA BOČ 80g FRANCK,90232960,FRANCK,0.08 kg,ko,,51.75,4.14,5.19,5.19,3850291055268,HRANA
TUNJ LEGGERO  3X60g RIO MARE,90320604,RIO MARE,0.18 kg,ko,5.89,32.72,,,5.89,8004030105041,HRANA
MASLINE ZELENE OTKOŠT 330g/160 g POD,90187752,PODRAVKA,0.16 kg,ko,2.89,18.06,,,2.89,3850104279294,HRANA
PAPRIKA LJUTA 100g ŠAFRAM,04105024,ŠAFRAM,0.10 kg,ko,1.99,19.9,,,1.79,3859888163058,HRANA
MLIJEKO ACIDOFILNO 3.2%MM 200g VINDI,02330940,Z BREGOV,0.20 kg,ko,0.75,3.75,,,0.75,3850108032253,HRANA
MARINATO GRILL MINI CCA 850g,02422077,CEKIN,1.00 kg,kg,8.43,8.43,,,7.39,3850159150524,HRANA
ČOKOLADA MILKA CHOCOLATE MOUSSE 100g,90669863,MILKA,0.10 kg,ko,2.49,24.9,,,2.49,7622210999610,HRANA
KEKS SPEKULAS 200g KOESTLIN,90138643,SPEKULAS,0.20 kg,ko,2.19,10.95,,,2.19,3856014117022,HRANA
ČEŠNJOVKA 200g VP PIVAC,90739956,PIVAC,0.20 kg,ko,3.35,16.75,,,3.35,3858881616165,HRANA
JUHA KREM OD ŠPIN/SIR 23G FINI MINI,90185609,FINI MINI,0.02 kg,ko,0.79,34.35,,,0.79,3850104282010,HRANA
ULJE BUČINO SPICE CHEF 500ML ,90804876,SPICE CHEF,0.50 l,ko,7.99,15.98,,,7.99,3850334107060,HRANA
VEGETA NATUR DOZA 300g PODRAVKA,04160313,VEGETA,0.30 kg,ko,3.59,11.97,,,3.59,3850104254444,HRANA
JOGURT PROTEIN SKYR  200g VIND,90350353,Z BREGOV,0.20 kg,ko,1.29,6.45,,,1.29,3850108031454,HRANA
ŠLAG PJENA VODA 42g 3+1GRAT DOLCELA,04183299,DOLCELA,0.13 kg,ko,3.3,26.19,,,2.55,3850104218590,HRANA
KOKICE ZA MIKROV SLANE 240g POPCORN,90726042,POP CORN,0.24 kg,ko,2.25,9.38,,,2.25,3858889366222,HRANA
KINDER JAJE SEZONA 20g,04211551,FERRERO,0.02 kg,ko,1,50,,,1,80050117,HRANA
MILKA ČOKO SNACK 4X29g,90713591,MILKA,0.12 kg,ko,2.99,25.78,,,2.49,9120025839896,HRANA
NAPITAK ZOB BARISTA 1L BOOM BOX,90573310,BOOM BOX,1.00 l,ko,3.49,3.49,,,3.29,3858890478778,HRANA
KAŠICA HIPP TELET POVR RIŽ 8MJ 220g,03140032,HIPP,0.22 kg,ko,,8.14,1.79,2.09,2.09,9062300103035,HRANA
TARTAR UMAK 165g ZVIJEZDA,02202092,ZVIJEZDA,0.17 kg,ko,2.29,13.88,,,1.79,3858882214940,HRANA
RAVIOLI SA 4 VRSTE SIRA 250g RANA,90202029,RANA,0.25 kg,ko,2.99,11.96,,,2.99,8001665713153,HRANA
BABY MJEŠAVINA 100 grama,90405026,KONZUM,0.10 kg,ko,1.49,14.9,,,1.39,3858893250258,HRANA
JOGURT JAGODA 1L TTOP Z BREGOV,90759912,Z BREGOV,1.00 l,ko,2.49,2.49,,,2.49,3850108037586,HRANA
KEKS MILKA CHOCO BISCUITS 150 g,90774858,MILKA,0.15 kg,ko,3.39,22.6,,,3.39,7622300590970,HRANA
KRUH TRI ŽITARICE 500g MASTER,04010633,MASTERMACHER,0.50 kg,ko,2.39,4.78,,,2.39,4000446001735,HRANA
KAKAO KRAŠ EXPRESS 400G,90182094,KRAŠ EXPRESS,0.40 kg,ko,4.25,10.63,,,4.25,3850102506996,HRANA
ČOKOLADA KINDER T8X3KOM 300g,90262397,FERRERO,0.30 kg,ko,2,6.67,,,3,8000500018828,HRANA
HRENOVKE 200g VAC GAVRILOVIĆ,02044225,GAVRILOVIĆ,0.20 kg,ko,2.39,11.95,,,2.19,3858881224766,HRANA
TIJESTO CAPELLINI 1 500g BARILLA,04410285,BARILLA,0.50 kg,ko,2.09,4.18,,,2.09,8076800195019,HRANA
ŠUM. TABL. MULTI VITAM. 80g ACTIVE ZONE,90698012,ACTIVE ZONE,0.08 kg,ko,,12.38,0.99,1.15,1.15,3850334036162,HRANA
PRELJEV ČOKOLADA 403g NESQUIK,04180811,NESQUIK,0.40 kg,ko,5.79,14.37,,,5.19,9002100023874,HRANA
BOMBON HARIBO STARMIX 100g,90731293,HARIBO,0.10 kg,ko,1.59,15.9,,,1.59,9002975726481,HRANA
SIR TVRDI KRAVLJI ŠPIN,02053791,ŠPIN,1.00 kg,kg,24.99,24.99,,,17.99,3858881190757,HRANA
ČIPS CRUNCHIPS SLANI 130g,90705463,LORENZ,0.13 kg,ko,2.25,17.31,,,2.25,4018077005565,HRANA
SOJA SOS 500ML YAMASA,90083062,YAMASA,0.50 l,ko,5.19,10.38,,,4.79,4903001017724,HRANA
ČOK JAJE KINDER MAXI LEI 100g,90145949,FERRERO,0.10 kg,ko,2,20,,,3,8000500170359,HRANA
BUNDEVA LJUSKA SJEM GARDEN GOOD 200g,90514408,GARDEN GOOD,0.20 kg,ko,,5.25,1.05,1.49,1.49,3838900988091,HRANA
KAVA LEDENA STARBUCKS LATTE 220ml,90494856,STARBUCKS,0.22 l,ko,2.59,11.78,,,2.59,5711953166372,HRANA
KEČAP LJUTI 500g ZVIJEZDA,01490073,ZVIJEZDA,0.50 kg,ko,1.99,3.98,,,1.49,3858882210898,HRANA
PRALINE I LOVE MILKA NOUGAT 110g,90035758,MILKA,0.11 kg,ko,4.99,45.36,,,4.99,7622210597380,HRANA
BOMBON KAR KIKI PUNIOZA MIX 90g,90377725,KIKI,0.09 kg,ko,,11,0.99,1.29,1.29,3850102005901,HRANA
GRAH GARDEN GOOD ŠARENI 500g,90363732,GARDEN GOOD,0.50 kg,ko,1.89,3.78,,,1.25,3838900957028,HRANA
LOSOS FILET CHAIN NOR OCEAN 2x125 g,90750074,OCEAN,0.25 kg,ko,,19.96,4.99,5.99,5.99,3850334098719,HRANA
ŽV GUMA AIRWAVES WRIG MEN&EUCAL 14g,04200043,WRIGLEY,0.01 kg,ko,0.99,70.71,,,0.99,50173167,HRANA
TORTILLA 8X20CM 320g LA FIESTA,01490634,LA FIESTA,0.32 kg,ko,2.75,8.59,,,2.75,5412514934989,HRANA
ČOKOL DORINA JAFFA 100g,04211161,DORINA,0.10 kg,ko,1.99,19.9,,,1.45,3850102123827,HRANA
ČOKOLADA RUNOLIST 100g KRAŠ,90352780,KRAŠ,0.10 kg,ko,1.99,19.9,,,1.99,3850102514830,HRANA
BOMBON HARIBO ZLATNI MEDO 200g,04380768,HARIBO,0.20 kg,ko,2.45,12.25,,,2.45,9002975301268,HRANA
SIR MEKI MASCARPONE 500g VINDIJA,02053821,Z BREGOV,0.50 kg,ko,6.69,13.38,,,6.29,3850108058369,HRANA
BRAŠNO GLATKO T-550 2kg PODRAVKA,04030163,PODRAVKA,2.00 kg,ko,1.49,0.75,,,1.49,3850104223617,HRANA
DESERT KINDER BUENO WHITE 117g,90087734,FERRERO,0.12 kg,ko,3.49,29.83,,,3.19,8000500121436,HRANA
BUNDEVA JEZGRA SJEM GARDEN GOOD 150g,90363770,GARDEN GOOD,0.15 kg,ko,,6.6,0.99,1.49,1.39,3838900956892,HRANA
RIŽA DUGO ZRNO 500G 4X125g BEN'S,90577700,BEN’S ORIGINAL,0.50 kg,ko,3.69,7.38,,,3.69,5410673007490,HRANA
TIJESTO REZAN USK MRK JAJ 400g MAROD,04050899,MARODI,0.40 kg,ko,2.69,6.73,,,2.69,3859888666214,HRANA
PLODOVI MORA ZA RIŽOTO 300g KUT LEDO,02199378,LEDO,0.30 kg,ko,4.99,16.63,,,4.99,3850116745985,HRANA
TORTILLA 4X25CM 245g LA FIESTA,01490633,LA FIESTA,0.25 kg,ko,2.29,9.35,,,2.29,5412514935016,HRANA
TUNJ NATURALE 4X56g RIO MARE,02190811,RIO MARE,0.21 kg,ko,7.69,36.97,,,7.69,8004030344570,HRANA
ČAJ JABUKA CIMET K 60g FRANCK,04093713,FRANCK,0.06 kg,ko,2.49,41.5,,,2.49,3858881082694,HRANA
CROISSANT 7DAYS MIDI KAK/VAN 60g,04025561,CHIPITA,0.06 kg,ko,0.86,14.33,,,0.86,7622201389383,HRANA
DESERT FINESSE CHOCO PEANUT 18/1 350 g,90770400,FINESSE,0.35 kg,ko,,10.14,3.55,4.19,3.99,3838900833896,HRANA
VJENČIĆ S MARMELADOM 500g  FANOLA,04020456,FANOLA,0.50 kg,ko,,9.18,4.59,5.39,5.39,3859888257061,HRANA
LISTIĆI OD SIRA I BILJNE MASTI 300g,02103168,SLOVA,0.30 kg,ko,1.72,5.73,,,1.72,3850334058805,HRANA
LOSOS ODREZAK PAK KONZUM,90078695,,1.00 kg,kg,,12.99,12.99,15.03,18.69,,HRANA
TORTELINI S PRŠUTOM 500g MINUTE,90729787,MINUTE,0.50 kg,ko,2.95,5.9,,,2.95,3850334053848,HRANA
TORTILLA  25cm 6/1 370g MEXIFOODS,90324778,MEXIFOODS,0.37 kg,ko,2.59,7,,,2.65,8422424100159,HRANA
KAVA LEDENA STARBUCKS CAPPUCC 220ml,90408676,STARBUCKS,0.30 kg,ko,2.59,8.63,,,2.59,5711953166396,HRANA
TIJESTO FARFALLE 31 500g ZARA,04050181,PASTA ZARA,0.50 kg,ko,1.59,3.18,,,1.59,8004350130310,HRANA
QUARK FITLINE BRESKVA/BOROVNICA 400 g,90749744,EXQUISA,0.40 kg,ko,1.99,4.98,,,1.99,4019300172795,HRANA
ŠLAG SPRAY 250ML DUKAT,02321021,BRZO&FINO,0.25 l,ko,3.99,15.96,,,3.49,3850354018247,HRANA
KREKER TUC PAPRIKA 100g,90063061,TUC,0.10 kg,ko,1.15,11.5,,,1.15,5410041435900,HRANA
PECIVO HOT DOG 2/1 280g DON DON,04016315,DON DON,0.28 kg,ko,1.59,5.68,,,1.59,3858885560303,HRANA
TIJESTO REZANCI ŠIR JAJ 400g MARODI,04057533,MARODI,0.40 kg,ko,2.59,6.48,,,2.59,3859888666023,HRANA
DELKO S PAPRIKOM NAR 250g VAC VINDIJA,02039383,CEKIN,0.25 kg,ko,2.19,8.76,,,1.69,3850159122088,HRANA
SLAD KING CLASSIC LIGHT 100ml LEDO,90485072,KING,0.10 l,ko,2.79,27.9,,,2.79,3850116037134,HRANA
RADIČ KOM,90053391,,0.40 kg,ko,,2.13,0.85,1.09,1.49,3850334386274,HRANA
AFTER EIGHT CHOCOL MINTS 200g NESTLE,04211129,AFTER EIGHT,0.20 kg,ko,4.99,24.95,,,4.99,7613034937575,HRANA
DESERT DUPLO KINDER 26g,04221322,FERRERO,0.03 kg,ko,0.99,38.08,,,0.85,80052357,HRANA
MARGO S MASLACEM 225g,90704243,MARGO,0.23 kg,ko,1.99,8.84,,,1.79,3856015325419,HRANA
ODRESCI PILEĆEG FILEA  400g AIA,90410126,AIA,0.40 kg,ko,4.78,11.95,,,4.78,8008110001322,HRANA
KREKER TUC BACON 100g,90063063,TUC,0.10 kg,ko,1.15,11.5,,,1.15,7622300570293,HRANA
MEDALJONI PILEĆEG FILEA 400 g,90839686,MEĐIMURSKO PILE,0.40 kg,ko,5.99,14.98,,,5.99,3850220117203,HRANA
ORAŠASTO SUHO VOĆE G GOOD MIX 180g,90493323,GARDEN GOOD,0.18 kg,ko,,9.39,1.69,2.25,2.19,3838900958520,HRANA
KAVA ZLATNA DŽEZVA 200G,90186831,ZLATNA DŽEZVA,0.20 kg,ko,4.39,21.95,,,4.19,3870007014303,HRANA
MLIJEKO UHT K PLUS 1L 1.5%,90731607,K PLUS,1.00 l,ko,0.95,0.95,,,0.95,3850334580504,HRANA
MAK MLJEVENI 200g ŠAFRAM,01310251,ŠAFRAM,0.20 kg,ko,2.39,11.95,,,1.79,3859888163157,HRANA
BOMBONIJERA ANTIQUE PELINKOVAC 158g,90731271,KRAŠ SELECTION,0.16 kg,ko,6.99,44.24,,,6.99,3850102006755,HRANA
PAŠTETA PILEĆA JETR 100g 3007 VINDIJ,02164151,CEKIN,0.10 kg,ko,1.19,11.9,,,0.5,3850159130076,HRANA
BRUSCHETTE PIZZA 70g MARETTI,90055491,MARETTI,0.07 kg,ko,0.95,13.57,,,0.95,3800205871255,HRANA
ULJE SUNCOKRETOVO HLAD PREŠ 1L SUNCE VINKOVACA,90572193,SUNCE VINKOVACA,1.00 l,ko,3.59,3.59,,,3.19,3857500104311,HRANA
DESERT ČOK LIZAL ŽIC LIZLI 15G KRAŠ,04210485,ŽIVOTINJSKO CARSTVO,0.02 kg,ko,0.69,46,,,0.69,38500633,HRANA
INSTANT KAVA CLASSIC LIM 200g FRANCK,04070425,FRANCK,0.20 kg,ko,,32.7,6.54,8.19,8.19,3850291055220,HRANA
MIX NESCAFE 3U1 CREAMY LATTE 15g,90607903,NESCAFE,0.02 kg,ko,0.35,23.33,,,0.35,8445290099754,HRANA
KEKS FINESSE ČAJNO PECIV KAKAO 250 g,90859654,FINESSE,0.25 kg,ko,,5.16,1.29,1.79,1.79,3850334432933,HRANA
AVOKADO BIO 300 grama,90825124,ENNA FRUIT,0.30 kg,ko,2.49,8.3,,,2.49,3856028689461,HRANA
BOMBON RICOLA LEMON MINT 40g,04190249,RICOLA,0.04 kg,ko,1.59,39.75,,,1.59,7610700923092,HRANA
TORTELINI SA SIROM 250g MINUTE,90729780,MINUTE,0.25 kg,ko,1.59,6.36,,,1.59,3850334053909,HRANA
ČOKOLADA MILKA MALINA 100g,90031146,MILKA,0.10 kg,ko,2.49,24.9,,,2.49,7622300590062,HRANA
ŽELATINA U LISTIĆIMA 10g DR OETKER,04180093,DR OETKER,0.01 kg,ko,1.79,179,,,1.76,4000521741204,HRANA
PROSCIUTTO DI PARMA DOP 80 g NAR SPECIAL MOMENTS,90825425,SPECIAL MOMENTS,0.08 kg,ko,3.49,43.63,,,3.49,3850334420541,HRANA
DESERT KNOPPERS 3/1 75g,90405373,KNOPPERS,0.08 kg,ko,1.39,18.53,,,1.39,40144412,HRANA
OKRUGLICE VAN ŠUM VOĆE LEDO 500G,90263031,LEDO,0.50 kg,ko,,6.76,3.38,3.99,2.99,3850116102443,HRANA
SV PODLAKTICA SK ,02402279,PIK VRBOVEC,1.00 kg,kg,2.75,2.75,,,3.15,3850139523478,HRANA
MLIJEKO TR LAG JUTRO 1.5% 0.5L DUKAT HDPE,90725552,DUKAT,0.50 l,ko,1.39,2.78,,,1.39,3850354006855,HRANA
PRALINE MOZART KUGLE POKL KUT 132g,04420113,MANNER,0.13 kg,ko,4.69,35.53,,,4.09,9001508084968,HRANA
TJESTENINA U VREĆICI TERIYAKI 130g MAGGI,90814893,MAGGI,0.13 kg,ko,3.19,24.54,,,3.19,8585002443304,HRANA
PIRE VOĆ. WAKE UP 200g NUTRINO LAB,90573506,NUTRINO LAB,0.20 kg,ko,2.25,11.25,,,2.25,8606019652937,HRANA
PROTEIN 1ST WHEY 454G VANILA RASPBERRY,90674551,POLLEO,0.45 kg,ko,21.99,48.44,,,21.99,3856026803753,HRANA
KOMPOT BRESKVA POL 470g DEL MONTE,90623151,DEL MONTE,0.47 kg,ko,3.79,8.06,,,3.79,024000181590,HRANA
PECIVO KVIKI RIBICA 100g PODRAVKA,04145518,KVIKI,0.10 kg,ko,1.09,10.9,,,1.09,3850104007613,HRANA
TIJESTO LAZANJE 500g KLARA M,04050508,KLARA M,0.50 kg,ko,4.79,9.58,,,4.39,3859888499249,HRANA
KUGLICE VOĆ ŠLJI MAR ACTIVE ZONE 144 g,90749753,ACTIVE ZONE,0.14 kg,ko,2.79,19.37,,,2.79,8605028609550,HRANA
KROASAN SUNNY MIDI KAKAO ČOK 50g,90705617,SUNNY,0.05 kg,ko,0.49,9.8,,,0.49,3850334043245,HRANA
LIZIKA 2/1 200g MLINAR,90406412,MLINAR,0.20 kg,ko,1.29,6.45,,,1.29,3858889893063,HRANA
PAPAR CRNI MLJEV 50g BOČ KOTANY,04100224,KOTANYI,0.05 kg,ko,3.99,79.8,,,3.99,9001414040409,HRANA
ČAJ ŠIPAK FILTER 60g OMOT FRANCK,04091000,FRANCK,0.06 kg,ko,2.49,41.5,,,2.29,3858881081864,HRANA
MEDENJACI FINESSE ČOKO 500g,90825499,FINESSE,0.50 kg,ko,2.99,5.98,,,2.99,3850334420367,HRANA
DŽEM BOROVNICA 100% VOĆE 220g PODR,90494849,PODRAVKA,0.22 kg,ko,3.89,17.68,,,3.89,3856020248567,HRANA
MRKVA ŽUTA 500 g,90830131,ENNA FRUIT,0.50 kg,ko,1.09,2.18,,,1.09,3856028689522,HRANA
PAŠTETA SRDELA ADRIA MARE 95g,90096718,ADRIA MARE,0.10 kg,ko,0.8,8.42,,,1.05,3850334395955,HRANA
ČIPS LAY'S  REBRASTI PAPRIKA 130g,90705974,PEPSICO,0.13 kg,ko,,15.31,1.99,2.29,1.89,8606017378617,HRANA
DATULJA VEDRINI BEZ KOŠTICE 125g,90377901,VEDRINI,0.13 kg,ko,1.35,10.8,,,1.09,3858889332197,HRANA
SIR TVRDI PAŠKI 200 g SPECIAL MOMENTS,90834712,SPECIAL MOMENTS,0.20 kg,ko,9.99,49.95,,,9.99,3850334431462,HRANA
ZIMSKA 300 g XXL NAR PODRAVKA,90810344,PODRAVKA,0.30 kg,ko,5.99,19.97,,,5.99,3856020261900,HRANA
BRAŠNO K PLUS PŠENIČNO TIP00 1kg,90789891,K PLUS,1.00 kg,ko,1.09,1.09,,,1.09,3850334110558,HRANA
KAVA ESPRES ZRNO SUPERIORE 500g FRAN,90707108,FRANCK,0.50 kg,ko,18.69,37.38,,,18.69,3850291054025,HRANA
MOZZARELLA PROTEIN STICKS 4x21g,90732465,ZOTT,0.08 kg,ko,2.99,35.6,,,2.99,4014500520407,HRANA
BOMBON KAR KIKI PUNIOZA LIMETA COLA 90g,90804925,KIKI,0.09 kg,ko,,11,0.99,1.29,1.29,3850102009909,HRANA
MIX FRANCK 3U1 18g,04070786,FRANCK,0.02 kg,ko,0.39,21.67,,,0.39,3858881083646,HRANA
MLIJEKO ZAMJ APTAMIL KIND 1+ 800g,90486546,APTAMIL,0.80 kg,ko,19.99,24.99,,,19.99,4056631004050,HRANA
DŽEM OD DIVLJE BOROVN BAK TAJ 375G,90158030,BAKINA TAJNA,0.38 kg,ko,5.09,13.57,,,5.09,8606102785047,HRANA
TARTUFI I ŠAMPINJONI 80g ZIGANTE,01600101,ZIGANTE,0.08 kg,ko,7.03,87.88,,,7.03,3859889179409,HRANA
KOBASICE SUHE ISTAR TARTUFI 167g BURETIĆ,90404130,BURETIĆ,0.17 kg,ko,8.29,49.64,,,8.29,3859893159107,HRANA
PAŠTETA GUŠČJA KONJAK TARTUF 100g GA,90849764,GAVRILOVIĆ,0.10 kg,ko,3.99,39.9,,,3.99,3858892726648,HRANA
KAVA PERFETTO LATTE DG 10/1 160g BAR,90363510,BARCAFFE,0.16 kg,ko,4.49,28.06,,,3.98,3838471037792,HRANA
ČOKOL EUROKREM BLOK 80g,90697856,EUROCREM,0.08 kg,ko,1.09,13.63,,,1.09,3875000050310,HRANA
KORA ZA ROLADU TAM 380g CASA GRANDE,90750507,CASA GRANDE,0.38 kg,ko,5.99,15.76,,,5.99,8057592822819,HRANA
ZAČINSKO BILJE DALMATI 14g VR KOTANY,90405941,KOTANYI,0.01 kg,ko,1.15,82.14,,,1.15,9001414218037,HRANA
UMAK FAJITA 430g POCO LOCO,01490385,POCO LOCO,0.43 kg,ko,3.99,9.28,,,3.99,5412514999841,HRANA
SIR MEKI HALLOUMI 225g,90348966,DODONI,0.23 kg,ko,4.69,20.84,,,4.69,5201168915013,HRANA
BOMBONI SKITTLES WILD BERRY VR 38g,90055414,WRIGLEY,0.04 kg,ko,0.95,25,,,0.95,4009900460187,HRANA
TJESTENINA PILETINA  CUP 93g YAKISOBA,90325261,YAKISOBA,0.09 kg,ko,2.09,22.47,,,2.09,8000050021651,HRANA
MIX RITUAL 2U1 10X14 g VR,90750218,RITUAL,0.14 kg,ko,,8.5,1.19,1.49,1.49,3850334100214,HRANA
MLIJEKO ČOKOLADNO 0.5L EDGE DUKAT,90675852,DUKAT,0.50 l,ko,1.69,3.38,,,1.69,3850354017608,HRANA
TIJESTO K PLUS SPIRALI PREMIUM 500g,90072938,K PLUS,0.50 kg,ko,,1.98,0.99,1.39,1.39,3850334363404,HRANA
DVOPEK CLASSIC 225g KLARA,04016013,KLARA,0.23 kg,ko,2.79,12.4,,,2.65,3858881327528,HRANA
KRUH PROTEINSKI 250g ACTIVE ZONE,90731249,ACTIVE ZONE,0.25 kg,ko,,5.96,1.49,1.79,1.79,3850334053800,HRANA
ČAJ UVIN H 20*1.5G NATURAVITA,90212319,NATURAVITA,0.03 kg,ko,1.99,66.33,,,1.99,3858884090641,HRANA
PIZZA MARGHERITA 300g MINUTE,90593052,MINUTE,0.30 kg,ko,,4.96,1.49,1.49,1.79,3850334132673,HRANA
SLAD LEDO SILK MILK 65 ml,90764888,LEDO,0.07 l,ko,1.3,20,,,1.3,3850116064055,HRANA
BOMBON RONDO C CLASSIC 28 g,04195094,CEDEVITA,0.03 kg,ko,0.69,24.64,,,0.59,38502934,HRANA
DESERT KINDER COUNTRY T1 23.5g,90731123,FERRERO,0.02 kg,ko,0.89,37.87,,,0.79,40084176,HRANA
MRKVA BABY 250 g,90849805,ENNA FRUIT,0.25 kg,ko,1.29,5.16,,,1.25,3856028689614,HRANA
ČOKOLADA FINESSE SJEC LJEŠ 80g,90335279,FINESSE,0.08 kg,ko,,12.13,0.97,1.15,1.15,3850334343031,HRANA
PRAL LINDT LINDOR ASSORT BALLS 200g,04219619,LINDT,0.20 kg,ko,8.99,44.95,,,9.99,7610400082556,HRANA
MORTADELA SAN GIORGIO 1/2 S PISTAC VAC GAV,90486249,GAVRILOVIĆ,1.00 kg,kg,8.29,8.29,,,8.49,3858892720547,HRANA
POPCORN K PLUS HRUSTY MASLAC 3X100g,04146102,HRUSTY,0.30 kg,ko,,3.63,1.09,1.39,1.39,3838900841846,HRANA
KAVA LEDENA STARBUCKS CARAMEL 220ml,90408678,STARBUCKS,0.22 l,ko,2.59,11.78,,,2.59,5711953166389,HRANA
KUKURUZ KOKIČAR GARDEN GOOD 400g,90363739,GARDEN GOOD,0.40 kg,ko,,1.63,0.65,0.89,0.89,3838900958728,HRANA
ČIPS K PLUS HRUSTY BACON XCUT 150g,90070294,HRUSTY,0.15 kg,ko,,6.87,1.03,1.29,1.29,3850334009838,HRANA
POMMES FRITES PEĆNICA MINUTE 1Kg,90478418,MINUTE,1.00 kg,ko,,1.99,1.99,1.99,2.99,3858884500041,HRANA
KAVA BARCAFFE BLACK & EASY 8G,90170004,BARCAFFE,0.01 kg,ko,0.39,48.75,,,0.39,3838471028844,HRANA
ŠTAPIĆI KVIKI 220g PODRAVKA,04147525,KVIKI,0.22 kg,ko,1.79,8.14,,,1.79,3850104224966,HRANA
SLAD MARS 6X40g MULTIPACK,90598676,MARS,0.24 kg,ko,5.49,22.89,,,5.49,5000159541459,HRANA
TIJESTO PUŽIĆI 400g GRANO DORO,90296100,GRANO DORO,0.40 kg,ko,0.8,2,,,0.8,3850334349842,HRANA
ČAJ BRUSNICA 40g PODRAVKA,04090583,PODRAVKA,0.04 kg,ko,2.29,57.25,,,2.06,3850104229169,HRANA
ČIPS OD LEĆE CHIO SOUR CREAM 65g,90600041,CHIO,0.07 kg,ko,1.99,30.62,,,1.99,3856021305290,HRANA
BOB 400g LEDO,90668413,LEDO,0.40 kg,ko,2.99,7.48,,,2.99,3850116053073,HRANA
 DODATAK JELIMA S POVRĆEM 1000g SPICE CHEF,90424572,SPICE CHEF,1.00 kg,ko,2.49,2.49,,,2.49,3850334235480,HRANA
ČAJNA PAŠTETA 50 g 4+1 GRATIS GAVRILOVIĆ,90800932,GAVRILOVIĆ,0.20 kg,ko,4.36,21.8,,,4.36,3858892726174,HRANA
JOGURT PROACTIVE ACT ZONE 1.0% M.M. 1kg,90494732,ACTIVE ZONE,1.00 kg,ko,1.65,1.65,,,1.65,3850334394026,HRANA
KIKIRIKI GARD GOOD PEČ NESLANI 500g,90518726,GARDEN GOOD,0.50 kg,ko,,3.98,1.99,2.69,2.69,3838900802519,HRANA
KEČAP BLAGI 1000g SLOVA,90698554,SLOVA,1.00 kg,ko,1.69,1.69,,,1.69,3850334442000,HRANA
CAPPUCCINO RITUAL ČOKO VR 200g,90682999,RITUAL,0.20 kg,ko,,8.95,1.79,2.29,1.95,8605002356418,HRANA
TIJESTO FUSILLINI 500g PASTA ZARA,90725841,PASTA ZARA,0.50 kg,ko,1.59,3.18,,,1.59,8004350130648,HRANA
TUNJ SALATA KUKUR 2X160g BOWL RIO MA,02198510,RIO MARE,0.32 kg,ko,8.99,28.09,,,8.99,8004030352513,HRANA
TORTELLONI 4 VRSTE SIRA 450g,90054298,AURELIA,0.45 kg,ko,4.79,10.64,,,4.79,3859890561033,HRANA
ŠUNKA NAREZAK 150g GAVRILOVIĆ,90051568,GAVRILOVIĆ,0.15 kg,ko,2.49,16.58,,,2.49,3858881227927,HRANA
FLIPS K PLUS HRUSTY NEUTRAL SLANI 100g,90097230,HRUSTY,0.10 kg,ko,,5.1,0.51,0.65,0.59,3850334011411,HRANA
SODA BIKARBONA SPICE CHEF 500g,90734659,SPICE CHEF,0.50 kg,ko,0.99,1.98,,,0.99,3850334071385,HRANA
KAVA LEDENA PARMALAT MACCHIATO 200ml,90111159,PARMALAT,0.20 l,ko,1.99,9.95,,,1.99,8594002782023,HRANA
ČOKOLADNE BANANE FINESSE MINI 150g,90410146,FINESSE,0.15 kg,ko,1.79,11.93,,,1.79,3850334196170,HRANA
KAVA BEZ KOFEINA MLJEV VAC 250g FRAN,04070094,FRANCK,0.25 kg,ko,7.89,31.56,,,7.89,3858881080225,HRANA
DESERT M&M CHOCO 90g,90321277,MARS,0.09 kg,ko,2.25,25,,,2.25,5900951247972,HRANA
SPAGHETTI BOLOGNESE 1kg CONDELI,90673232,CONDELI,1.00 kg,ko,3.98,3.98,,,3.98,9009726807383,HRANA
NAPITAK BADEM 1L ALPRO,90038705,ALPRO,1.00 l,ko,3.79,3.79,,,3.79,5411188110835,HRANA
DŽEM K PLUS EXTRA MARELICA 350g,90794848,K PLUS,0.35 kg,ko,,5.69,1.99,2.49,2.49,3850334111326,HRANA
BISKVIT JAFFA NARANČA KAKAO 120g KRAŠ,90161666,KRAŠ,0.12 kg,ko,1.39,11.58,,,1.09,3850102505081,HRANA
SV LOP SK U KOŽI NEOBRAĐE ZA SUŠ ,02404213,PIK VRBOVEC,1.00 kg,kg,4.49,4.49,,,4.65,3850139431476,HRANA
DESERT SNICKERS CREAMY 36.5g,90670353,MARS,0.04 kg,ko,1.19,32.6,,,1.19,5900951310379,HRANA
KRAKOVI DIVOVSKE LIGNJE 500g OCEAN,90533137,OCEAN,0.50 kg,ko,,7.98,3.99,3.99,4.99,3850334045164,HRANA
AJVAR GARDEN GOOD LJUTI PREM 290g,90754902,GARDEN GOOD,0.29 kg,ko,3.69,12.72,,,3.69,3850334107848,HRANA
ČAJ BOROVNICA FILT 55g OMOT FRANCK,04090281,FRANCK,0.06 kg,ko,2.49,45.27,,,2.49,3858881083851,HRANA
RIŽA K PLUS 500g 4X125g DUGO ZRNO,90071920,K PLUS,0.50 kg,ko,1.19,2.38,,,1.19,3850334363640,HRANA
PRAŠAK ZA PECIVO 6X12g DR OETKER,90735033,DR OETKER,0.07 kg,ko,0.99,13.75,,,0.99,5997381375528,HRANA
ČOKOL MILKA JAGODA JOG 100g,04331005,MILKA,0.10 kg,ko,2.49,24.9,,,2.49,7622200007332,HRANA
MESNI NAREZAK 150g GALA,90051544,GALA,0.15 kg,ko,1.49,9.92,,,1.49,3858881224193,HRANA
NAMAZ HUMMUS SJEM BUNDE 200g RIBELLA,90290999,RIBELLA,0.20 kg,ko,,11.25,2.25,2.25,2.25,8606011898869,HRANA
ŽV GUMA JUICY FRUIT COLA TAPE 56G,90405116,WRIGLEY,0.06 kg,ko,2.29,40.89,,,2.29,4009900535410,HRANA
BRUSCHETTE ŠPINAT&SIR 70g MARETTI,04141688,MARETTI,0.07 kg,ko,0.95,13.57,,,0.95,3800205875000,HRANA
SIR SVJEŽI KREM ABC VLASAC 200g,90472806,ABC,0.20 kg,ko,2.39,11.95,,,2.39,3856015324269,HRANA
PAPAR BIJELI MLJEVENI VR VEGETA MAESTRO 20 g,90282053,VEGETA MAESTRO,0.02 kg,ko,1.79,89.5,,,1.79,3850104294501,HRANA
PAHULJICE ZOBENE 1kg MLIN PUKANIĆ,90518486,MLIN PUKANIĆ,1.00 kg,ko,2.25,2.25,,,2.25,3859892888510,HRANA
INĆUN PELAGOS SLANI FIL U SUNC ULJU 200g,90341460,PELAGOS,0.13 kg,ko,9.69,74.54,,,9.69,3857500068477,HRANA
PIZZA FELICIANA PRŠUT PESTO 360g,90380034,DR OETKER,0.36 kg,ko,4.29,11.92,,,4.29,5900437007113,HRANA
MARINIRANA PILEĆA KRILA RAW-ŠTILJ,90408130,RAW ŠTILJ,1.00 kg,kg,5.59,5.59,,,4.49,3850159155307,HRANA
KAVA CLAS ESP NS 30/1 171g LAVAZZA,90750513,LAVAZZA,0.17 kg,ko,15.89,92.92,,,15.89,8000070053861,HRANA
PLOČICA VOĆNA MAREL VANIL 40g ROOKIES,90320153,ROOKIES,0.04 kg,ko,1.35,33.75,,,1.33,3800232736251,HRANA
TIJESTO FETTUCCINE LC 500g BARILLA,04051128,BARILLA,0.50 kg,ko,3.49,6.98,,,3.49,8076809523776,HRANA
KEKS BUTTONS PEANUT BUTTER 95 g JAFFA,90750797,BUTTONS,0.10 kg,ko,1.65,17.37,,,1.49,8600114011439,HRANA
KOPAR 11g VREĆ KOTANYI,04100428,KOTANYI,0.01 kg,ko,0.99,90,,,0.99,9001414015100,HRANA
SENDVIČ PUREĆA ŠUNKA PAK 210g MLINAR,90325416,MLINAR,0.21 kg,ko,3.69,17.57,,,3.49,3858881125605,HRANA
PAŠTETA TELEĆA ZELENI PAPAR 100g GAV,90849777,GAVRILOVIĆ,0.10 kg,ko,3.99,39.9,,,3.99,3858892726662,HRANA
PIRE VOĆNI JAB BRES MANG 200 g BB,90800614,BOOM BOX,0.20 kg,ko,,8.45,1.69,2.19,1.99,3856027801277,HRANA
ČOK MILKA KIKIRIKI KARAMELA 90g,90308573,MILKA,0.09 kg,ko,2.49,27.67,,,2.49,7622210826633,HRANA
BOMBONI HARIBO CRVI 100g,90361633,HARIBO,0.10 kg,ko,1.59,15.9,,,1.59,9002975377379,HRANA
RIŽA DUGO ZRNO 250g BEN'S,90574019,BEN’S ORIGINAL,0.25 kg,ko,2.39,9.56,,,2.39,5410673007452,HRANA
ŠTRUDLA SPECIAL M ČOKO BRUSNICA 145g,90825549,SPECIAL MOMENTS,0.15 kg,ko,1,6.9,,,1,3850334429193,HRANA
KAVA DOLCE GUSTO FLAT WHITE 16/1 187.20g,90407350,DOLCE GUSTO,0.19 kg,ko,6.49,34.67,,,6.49,7613036595735,HRANA
TUNJ KOMADIĆI XXL 3X112g EVA,90720257,EVA,0.34 kg,ko,3.99,11.87,,,3.99,3856020267100,HRANA
CAPPUCCINO RITUAL IRISH VR 200g,90683003,RITUAL,0.20 kg,ko,,8.95,1.79,2.29,1.95,8605002356432,HRANA
PAŠTETA TUNA JUNIOR 100g GAVRILOVIĆ,90810790,GAVRILOVIĆ,0.10 kg,ko,1.99,19.9,,,1.99,3858892726440,HRANA
PRIPRAVAK ZA ŠLAG HALTA 1000ml,02324116,HALTA,1.00 l,ko,3.89,3.89,,,3.71,8004172000310,HRANA
KAVA DOLCE GUSTO RIST BAR 16/1 104g,90789913,DOLCE GUSTO,0.10 kg,ko,6.49,62.4,,,6.49,8445290869531,HRANA
ČOKOLADA CONFETTINO 100g KANDI,90047106,KANDIT,0.10 kg,ko,1.85,18.5,,,1.85,3858881046801,HRANA
TORTELLINI 4 VRSTE SIRA 250g KLASJE,02373688,AURELIA,0.25 kg,ko,2.89,11.56,,,2.89,3859890561019,HRANA
ČAJ KAMIL ĐUMBIR MED 40G FRANCK,90262742,FRANCK,0.04 kg,ko,2.49,62.25,,,2.49,3858881088306,HRANA
LUK LJUBIČASTI PAK VLAKIĆ 4 KOM,01400239,,0.75 kg,ko,1.19,1.59,,,1.49,3850334074560,HRANA
BJELANJAK TEKUĆI 1kg BALTICOVO,90350647,BALTICOVO,1.00 kg,ko,2.99,2.99,,,3.18,4750456003846,HRANA
VRHNJE ZA KUHANJE 20% M.M. 500ml KRAVICA,90485413,KRAVICA KRALJICA,0.50 l,ko,3.39,6.78,,,3.39,3856015324351,HRANA
ČAJ UVIN TRAG.PRIR.30g OM FRANCK,04092226,FRANCK,0.03 kg,ko,2.49,83,,,2.49,3850291049786,HRANA
TIROLSKA KOBASICA 750g XXL PIK,90744823,PIK VRBOVEC,0.75 kg,ko,4.69,6.25,,,4.69,3850139173475,HRANA
LOKARDA FILETI U BILJ ULJU 110g/77g ADRIA MARE,90804819,ADRIA MARE,0.08 kg,ko,1.99,25.84,,,1.69,3850334428370,HRANA
BOMBONJERA TOFFIFEE 200g,04251672,TOFFIFEE,0.20 kg,ko,4.49,22.45,,,4.49,4014400900651,HRANA
MIX FRANCK 2U1 15g,04070787,FRANCK,0.02 kg,ko,0.39,26,,,0.39,3858881083622,HRANA
BOMBON KARAMELA LJEŠNJAK 100g PIONIR,90031456,PIONIR,0.10 kg,ko,1.69,16.9,,,1.69,8602300207305,HRANA
PECIVO MIJEŠANI KRUŠČIĆ 120g KLARA,04020533,KLARA,0.12 kg,ko,0.95,7.92,,,0.95,3858881321397,HRANA
BADEM JEZGRA GG SUHO PRŽ NESL 180g,90514162,GARDEN GOOD,0.18 kg,ko,3.39,18.81,,,2.69,3838900987827,HRANA
DVOPEK FETTE DORATE 315G INTEG 2060 AWT,04148000,MULINO BIANCO,0.32 kg,ko,2.75,8.73,,,2.75,8076809512077,HRANA
JUHA KREM RAJČ I MOZZ 23g FIN MINI,90045355,FINI MINI,0.02 kg,ko,0.79,34.35,,,0.79,3850104260940,HRANA
KAKAO KRAŠ EXPRESS 200g KRAŠ,04212553,KRAŠ EXPRESS,0.20 kg,ko,2.75,13.75,,,2.75,3850102126903,HRANA
JUHA KREM OD GLJIVA 20g FINI MINI,90369850,FINI MINI,0.02 kg,ko,0.79,39.5,,,0.79,3856020230982,HRANA
SLAD LEDO M3 KING OBSESSION 300ml,90514521,KING,0.30 l,ko,6.99,23.3,,,6.99,3850116037677,HRANA
ČOKOLADA DORINA KREM LJEŠNJAK 98 g,90765188,DORINA,0.10 kg,ko,1.99,20.97,,,1.45,3850102005734,HRANA
ŠLJIVA GARDEN GOOD SUHA KOŠTICA 500g,90363935,GARDEN GOOD,0.50 kg,ko,2.49,4.98,,,2.49,3838900956267,HRANA
PAŠTETA ČAJNA  K PLUS 95G LO,90153739,K PLUS,0.10 kg,ko,0.85,8.95,,,0.85,3850334524447,HRANA
ČIPS DORITOS LJUTA PAPRIKA 90g,90754989,DORITOS,0.09 kg,ko,1.99,22.11,,,1.99,8606017379423,HRANA
DVOPEK IZ CIJELOG ZRNA 225g KLARA,04016293,KLARA,0.23 kg,ko,2.79,12.4,,,2.65,3858881324855,HRANA
KAKAO NESQUIK PLUS 800g NESTLE,04210700,NESQUIK,0.80 kg,ko,8.99,11.24,,,8.99,5998710960798,HRANA
MORTADELA K PLUS S MASL NAR 150g,90570288,K PLUS,0.15 kg,ko,,9.93,1.49,1.99,1.99,3850334413437,HRANA
BOMBONI LUMPI GUMENI MEDO 200g,90518145,LUMPI,0.20 kg,ko,1.39,6.95,,,1.39,3850334387554,HRANA
PRALINE FINESSE ORIGINAL 350g,90341275,FINESSE,0.35 kg,ko,,8.94,3.13,3.69,3.69,3850334132857,HRANA
SLAD BEN & JERRY HALF BAKED 465ml,90406111,BEN & JERRY'S,0.47 l,ko,8.99,19.33,,,8.99,8711327371002,HRANA
SLAD KINDER ČOKOLADA 4x55ml,90707139,KINDER,0.15 l,ko,5.99,39.41,,,5.99,8000500406427,HRANA
ŠUNKA DALMAT SUHA NAR 100g MAP PIVAC,90325041,PIVAC,0.10 kg,ko,3.35,33.5,,,3.35,3858890183917,HRANA
KAJMAK PRESIDENT 100G DUKAT,90153021,PRESIDENT,0.10 kg,ko,2.59,25.9,,,2.59,8606002112684,HRANA
TJESTENINA U ČAŠI PILETINA 63g MAGGI,90360845,MAGGI,0.06 kg,ko,2.09,33.17,,,2.09,8445291837508,HRANA
ČOKOLADA DORINA PETIT BEURRE 95 g,90765205,DORINA,0.10 kg,ko,1.99,20.95,,,1.45,3850102009978,HRANA
MJEŠAVINA KORZIKA 480 g LEDO,90825004,LEDO,0.48 kg,ko,3.99,8.3,,,3.99,3850116065236,HRANA
ČAJ INDIJSKI FILT OMOT 30g FRANCK,04091005,FRANCK,0.03 kg,ko,2.29,76.33,,,2.29,3858881082045,HRANA
BOMBONI LUMPI GUMENI COLA 200g,90518143,LUMPI,0.20 kg,ko,1.39,6.95,,,1.39,3850334387523,HRANA
MUFFIN CLASSIC 310g SWEET CHEF,90734721,SWEET CHEF,0.31 kg,ko,,7.06,2.19,2.19,2.49,3850334055354,HRANA
MAJONEZA ULTRA HOT 400g ZVIJEZDA,90083758,ZVIJEZDA,0.40 kg,ko,4.49,11.23,,,4.49,3856015307873,HRANA
FLIPS BOBI PIZZA 70g,04141014,BOBI,0.07 kg,ko,1.09,15.57,,,0.95,3858891590103,HRANA
ORIGANO 8g VREĆ KOTANY,04100450,KOTANYI,0.01 kg,ko,0.99,123.75,,,0.99,9001414015421,HRANA
VRHNJE KISELO 30% 450G VERONIKA,90202141,VERONIKA,0.45 kg,ko,3.15,7,,,2.69,3859889622530,HRANA
PLODOVI MORA ZA RIŽOTO OCEAN 300g,90488123,OCEAN,0.30 kg,ko,,6.63,1.99,2.79,2.79,3850334411631,HRANA
ŽV GUMA ORBIT EUCALYPTUS 14g,90299304,WRIGLEY,0.01 kg,ko,0.99,70.71,,,0.99,50173617,HRANA
SIR I VRHNJE 450g MEGGLE,90467836,MEGGLE,0.45 kg,ko,3.19,7.09,,,2.99,3870085020258,HRANA
NAPITAK ČOKO CLASSIC 250 ml MILKA,90830444,MILKA,0.25 l,ko,1.79,7.16,,,1.55,5711953190070,HRANA
BOMBON CONFETTINO TULJAC 30g,04192257,KANDIT,0.03 kg,ko,1.15,38.33,,,1.15,3858881042858,HRANA
TALIANETTA MAC N CHEESE 160g PODRAVKA,90770356,TALIANETTE,0.16 kg,ko,2.49,15.56,,,2.49,3856020269319,HRANA
SIR POLUTV TRAPIST PAŠKA SIRANA,02053288,PAŠKA SIRANA,1.00 kg,kg,22.99,22.99,,,19.99,3859889426046,HRANA
BOMBONI SKITTLES FRUITS VR 95g,90405119,WRIGLEY,0.10 kg,ko,1.59,16.74,,,1.59,4009900510813,HRANA
REZANAC S UMAK GLJIVA 140g TALIANETT,04050902,TALIANETTE,0.14 kg,ko,2.49,17.79,,,2.49,3850104230967,HRANA
AJVAR UPRŽ LJUTI BAKINA TAJNA 300g,01481015,BAKINA TAJNA,0.30 kg,ko,5.49,18.3,,,5.49,8606102785535,HRANA
DŽEM SMOKVA DIDA BOŽA 700g,90042599,DIDA BOŽA,0.70 kg,ko,6.19,8.84,,,5.71,3859891515745,HRANA
ODREZAK PILEĆI PANIRANI 400G LEDO,90157453,LEDO,0.40 kg,ko,7.69,19.23,,,7.69,3850116103907,HRANA
SIR TVRDI LIVANJSKI 180g,90299260,MLJEKARA LIV,0.18 kg,ko,6.29,34.94,,,6.29,3877000339877,HRANA
CRIJEVA SVINJ TANKA 10M 36/38 CROMA,90341556,CROMA,1.00 ko,ko,2.59,2.59,,,2.65,3859892658229,HRANA
ČIPS HRUSTY PAPRIKA RR MAXX 280 g,90745912,HRUSTY,0.28 kg,ko,1.59,5.68,,,1.59,8605028610716,HRANA
PANCETA DALM BARIĆ NAR 100g,90428251,OPSKRBA TRAD,0.10 kg,ko,2.99,29.9,,,2.85,3859892323110,HRANA
JOGURT DUKATOS SELECTION VANILIJA 150g,90602722,DUKATOS,0.15 kg,ko,1.09,7.27,,,1.09,3850354016984,HRANA
KRUH SOFTY PAK 400g MLINAR,90140637,MLINAR,0.40 kg,ko,1.85,4.63,,,1.59,3858881127067,HRANA
ŠLAG PJENA 120g 3X40g SWEET CHEF,90406551,SWEET CHEF,0.12 kg,ko,1.09,9.08,,,1.06,3850334197726,HRANA
PRALINE MOZART KUGLE  247g,90381820,MANNER,0.25 kg,ko,6.79,27.49,,,5.89,9001508890637,HRANA
CROISSANT 7DAYS MINI KAKAO 60g,04028124,CHIPITA,0.06 kg,ko,1.09,18.17,,,1.09,7622202215322,HRANA
TIJESTO STELLE 18 500g ZARA,04050185,PASTA ZARA,0.50 kg,ko,1.59,3.18,,,1.59,8004350130181,HRANA
TARTUFATA 80g ZIGANTE,01600100,ZIGANTE,0.08 kg,ko,10.62,132.75,,,10.62,3859889179201,HRANA
PODLOGA ZA TORTU TAM SWEET CHEF 400g,90810399,SWEET CHEF,0.40 kg,ko,3.49,8.73,,,3.49,8605028611867,HRANA
PILEĆA PRSA NAR 100g,90427802,AEQUILIBRIUM,0.10 kg,ko,1.46,14.6,,,1.46,8008110258627,HRANA
CHOCO BALLS LUMPI 90G,90251722,LUMPI,0.09 kg,ko,1.39,15.44,,,0.89,3850334577726,HRANA
PRSA PIL DIMLJ DIMCEK NAR 100G VINDIJA,90146772,CEKIN,0.10 kg,ko,2.19,21.9,,,2.19,3850159123337,HRANA
ČAJ ŠIPAK AO 60g PODRAVKA,04090141,PODRAVKA,0.06 kg,ko,2.09,34.83,,,2.09,3850104072710,HRANA
TUNJ FILETI U MASL ULJU AQ 73.5G,02198481,ADRIATIC QUEEN,0.07 kg,ko,4.69,63.81,,,3.99,3850160108538,HRANA
ŠUM. TABL. MAGNEZIJ 80g ACTIVE ZONE,90698015,ACTIVE ZONE,0.08 kg,ko,,12.38,0.99,1.15,1.15,3850334036049,HRANA
SARDINA SALATA ULJE ADRIA MARE 100 g,90754848,ADRIA MARE,0.10 kg,ko,1.39,13.9,,,1.09,3850334063397,HRANA
HREN 260g STAKLO ZVIJEZDA,90713493,ZVIJEZDA,0.26 kg,ko,2.49,9.58,,,2.15,3856015328472,HRANA
ČOKOLADA BAJADERA 130 g,90834874,KRAŠ SELECTION,0.13 kg,ko,3.49,26.85,,,3.49,3850102013470,HRANA
KAŠA ZOB MAL VAN 65g DOBRA,90231272,DOBRA,0.07 kg,ko,0.99,15.23,,,0.99,8595054904272,HRANA
MIX NESCAFE FRAPPE 3U1 8/1 120 g VR,90750919,NESCAFE,0.12 kg,ko,2.99,24.92,,,2.99,8445291183049,HRANA
HRENOVKE PIL KOKTEL 225 g CEKIN VIND,90885817,CEKIN,0.23 kg,ko,1.69,7.51,,,1.69,3850159121869,HRANA
CIMET MLJEVENI 25g VREĆ KOTANYI,04100233,KOTANYI,0.03 kg,ko,1.29,51.6,,,1.29,9001414015650,HRANA
SIR I VRHNJE 450g PRESIDENT,90428367,PRESIDENT,0.45 kg,ko,3.19,7.09,,,3.19,3850355006656,HRANA
TIJESTO SPAGHETTI 400g GRANO DORO,90296096,GRANO DORO,0.40 kg,ko,0.8,2,,,0.8,3850334349804,HRANA
SLAD GELATISSIMO TROPIC 1650ml,90765311,GELATISSIMO,0.90 l,ko,5.29,5.87,,,5.29,3850334103444,HRANA
VINO VRANAC CARSKO 2 L PET,90814796,CARSKO,2.00 l,ko,4.39,2.2,,,4.39,3859892866839,PIĆE
STOCK 84 38% 1L,03070709,STOCK,1.00 l,ko,18.05,18.05,,,18.05,8000440396383,PIĆE
VODA MINERALNA JANA 5L,90774664,JANA,5.00 l,ko,2.99,0.6,,,2.99,3856028502937,PIĆE
CIDER STARI LISAC 0.5L PB,90273227,STARI LISAC,0.50 l,ko,1.25,2.5,,,1.19,3850103003494,PIĆE
SOK FRUTEK KAMIL JAB 125ML,03140298,FRUTEK,0.13 l,ko,,6.32,0.79,0.79,0.99,3838945502696,PIĆE
NEKTAR MOJ DAN BRES /JAB 1L,90699268,MOJ DAN,1.00 l,ko,1.25,1.25,,,1.25,3850334020901,PIĆE
ENERGETSKI NAPITAK URAGAN 0.25L,90706517,URAGAN,0.25 l,ko,0.79,3.16,,,0.79,3850108073119,PIĆE
PIVO LP ČAKOVEČKO PILSNER 0.5 L LIM,90809795,LEPI DEČKI,0.50 l,ko,2.35,4.7,,,2.35,3859893292873,PIĆE
NEGAZ PIĆE JUICY FRUITS TREŠNJA PET 1.5L,90362978,JUICY FRUITS,1.50 l,ko,1.69,1.13,,,1.69,3858890977035,PIĆE
VISKI JACK DANIEL'S 0.7L+2ČAŠE,03082368,JACK DANIELS,0.70 l,ko,24.49,34.99,,,20,5099873045848,PIĆE
NEG PIĆE COCKT NAR JAB 1L,03142046,VINDI,1.00 l,ko,1.19,1.19,,,1.19,3850108077001,PIĆE
ČAJ BIO CICIBAN 40g AO BIO PODRAVKA,04094012,LINO,0.04 kg,ko,2.19,54.75,,,2.19,3850104073908,PIĆE
NEG PIĆE FRUC MULTI 0.5L PET,90603219,FRUCTAL,0.50 l,ko,1.05,2.1,,,1.05,3838945501248,PIĆE
NEGAZ PIĆE CAPPY PULPY NAR 0.33L,90068305,CAPPY PULPY,0.33 l,ko,1.69,5.07,,,1.69,54027596,PIĆE
SOK HIPP JAB/ GROŽĐE 500ML,90212953,HIPP,0.50 l,ko,1.65,3.3,,,1.65,4062300393639,PIĆE
PIVO KLAAS GREJP 0.5L LIM ,90775716,KLAAS,0.50 l,ko,0.85,1.7,,,0.85,3850334113740,PIĆE
SOK HIPP BIO NEK/ŠLJ/KRU 200ml,90493958,HIPP,1.00 ko,ko,1.19,1.19,,,1.19,9062300129882,PIĆE
RAKIJA STARA ŠLJIV 0.5L 40% BADEL 18,03060924,BADEL 1862,0.50 l,ko,10.05,20.1,,,9.19,3850112121110,PIĆE
PIVO KOZEL PREMIUM LAGER 0.5L PB,90316040,ASAHI,0.50 l,ko,1.29,2.58,,,1.25,8594404005096,PIĆE
VINO ROSE 1L VINA LAGUNA,90311399,LAGUNA,1.00 l,ko,5.45,5.45,,,5.45,3858881190832,PIĆE
PIVO BENEDIKTINER HELL 0.5l LIM,90407702,BENEDIKTINER,0.50 l,ko,1.79,3.58,,,1.79,4052197002455,PIĆE
PIVO KARLOVAČKO LIMUN 0.5L PB,03130788,KARLOVAČKO,0.50 l,ko,1.25,2.5,,,1.25,3850103002213,PIĆE
NEG PIĆE TOCO JABUKA RABARBARA 1.5L,90784810,TOCO,1.50 l,ko,1.69,1.13,,,1.69,3856028501060,PIĆE
PIVO OŽUJSKO GREJP 0.50 POV BOCA,90035146,OŽUJSKO,0.50 l,ko,1.25,2.5,,,1.25,3850131002520,PIĆE
PIVO PAULANER WEISS.0.5 L NB,90058419,PAULANER,0.50 l,ko,1.95,3.9,,,1.95,4066600298113,PIĆE
NEG PIĆE FRUCTAL FIRST  LIM/MENTA 0.5L,90360739,FRUCTAL,0.50 l,ko,1.25,2.5,,,1.25,3838945035309,PIĆE
PIVO ERDINGER TAMNO PŠENIČ 0.5L,03130656,ERDINGER,0.50 l,ko,2.15,4.3,,,2.15,4002103248422,PIĆE
PIVO VARIONICA PALE ALE 0.5L NB,90704193,VARIONICA,0.50 l,ko,2.55,5.1,,,2.55,3859893139499,PIĆE
NEKTAR VINDI JABUKA 0.2L,90093114,VINDI,0.20 l,ko,0.59,2.95,,,0.59,3850108074581,PIĆE
VODA SENSATION LIME/KIWA 0.5L JAM,03180154,SENSATION,0.50 l,ko,1.05,2.1,,,1.05,3858884602264,PIĆE
BACARDI BREEZER ORANGE RTD 0.275L,03075782,BACARDI,0.28 l,ko,3.39,12.33,,,3.25,5010677551311,PIĆE
NEG PIĆE LIMUNADA FRUCTAL CLASSIC 1 L,90784788,FRUCTAL,1.00 l,ko,,1.39,1.39,1.79,1.79,3838945042383,PIĆE
PIVO BECK'S 0.5L LIM ZAG PIV,03040052,BECKS,0.50 l,ko,1.69,3.38,,,1.65,3850131290101,PIĆE
NAPITAK ISO SPORT AZZURRO GAZ. 0.5L ,90672904,ISO SPORT,0.50 l,ko,1.25,2.5,,,1.13,3850108078404,PIĆE
NEKTAR NARANČA JUICY 2 L,90889896,JUICY,2.00 l,ko,3.99,2,,,3.99,3858890979220,PIĆE
VODA FUNKC JANA VIT NARANČA 0.5L,90312943,JANA,0.50 l,ko,1.19,2.38,,,1.19,3858890874013,PIĆE
PIĆE NEG.ALOE VERA NATURAL ALOE 0.5 L ,90745040,TROPICAL,0.50 l,ko,2.55,5.1,,,2.55,8712857004606,PIĆE
VODKA DALMATINO LIMUN 0.7L,03070029,NIMCO,0.70 l,ko,8.55,12.21,,,8.55,4000152004075,PIĆE
PIVO PAN LIM 0.5L 4 PACK,90059069,PAN,2.00 l,ko,,2.13,4.25,5.15,5.15,3858887580477,PIĆE
PIVO BEZ GL 0.33l ESTRELLA DAMM,90258815,ESTRELLA DAMM,0.33 l,ko,2.25,6.82,,,2.25,8410793262936,PIĆE
NAPITAK RED BULL 4-PACK 4X0.25L,03163560,RED BULL,1.00 l,ko,,6.29,6.29,6.29,6.29,9002490100490,PIĆE
SOK FRUVITA VOĆNI CRVENI MIX 330 ml,90809884,FRUVITA,0.33 l,ko,1.49,4.51,,,1.49,8606030051405,PIĆE
SIRUP FRUTTI LEDENI ČAJ BRESKVA 1L,90407070,FRUTTI,1.00 l,ko,1.55,1.55,,,1.55,3850334134301,PIĆE
VISKI BALLANTINES 0.7L+2ČAŠE,03080148,BALLANTINES,0.70 l,ko,18.79,26.84,,,18.05,5010106114667,PIĆE
VINO HVARSKI PLAVAC 0.75L KV BADEL,03021565,IVAN DOLAC HVAR,0.75 l,ko,7.79,10.39,,,7.79,3850112169143,PIĆE
VODA NEGAZIRANA PROLOM 1.5L,90735139,PROLOM VODA,1.50 l,ko,2.05,1.37,,,2.05,8600169600022,PIĆE
VINO DIVLJI KUPIN 0.75L GROŠEK,90408752,GROŠEK,0.75 kg,ko,8.09,10.79,,,8.09,3859893708008,PIĆE
CIDER SOMERSBY KRUŠKA 0.33L NB,03131476,SOMERSBY,0.33 l,ko,1.65,5,,,1.65,7310070748423,PIĆE
SOK 100% ANANAS 1L,90157056,VINDI,1.00 l,ko,2.59,2.59,,,2.59,3850108075380,PIĆE
NEGAZ PIĆE FRUCTAL DVOJNI C 1L,90219855,FRUCTAL,1.00 l,ko,,1.49,1.49,1.89,1.89,3838945031936,PIĆE
SOK FRUVITA VOĆNI JABUKA 330 ml,90809890,FRUVITA,0.33 l,ko,1.49,4.51,,,1.49,8606030051399,PIĆE
SOK 100% JAGODA JUICY 1 L,90889913,JUICY,1.00 l,ko,2.79,2.79,,,2.79,3858890977332,PIĆE
LIKER PELINKOVAC 500ml AL KAPRONE,90751071,AL KAPRONE,0.50 l,ko,15.09,30.18,,,15.09,3859892356439,PIĆE
CIDER SOMERSBY 0.0% JAG LIM 0.33L LIM,90770587,SOMERSBY,0.33 l,ko,1.25,3.79,,,1.25,8600331002685,PIĆE
MARAMICE K PLUS OLEA SENS 25/1,06500236,OLEA,25.00 ko,ko,0.99,0.04,,,0.99,3850334129420,KOZMETIKA
REGENER GLISS ULTIM REPAIR 200ML,06543504,GLISS,0.20 l,ko,,22.45,4.49,7.09,7.09,4015000941334,KOZMETIKA
LIP BALM K PLUS OLEA NATURAL 4.8g,90735118,OLEA,0.01 kg,ko,1.09,227.08,,,1.09,3850334450043,KOZMETIKA
SAPUN LAHOR ANTIBACTERIAL 80g,90571736,LAHOR,0.08 kg,ko,0.89,11.13,,,0.89,3850105177223,KOZMETIKA
MLIJEKO TIJ LACTOV LACTOUR 400ml,90572424,LACTOVIT,0.40 l,ko,6.05,15.13,,,5.49,8410190585997,KOZMETIKA
SAPUN TEK DOVE PEONY REFIL 500ml,90598315,DOVE,0.50 l,ko,3.99,7.98,,,3.99,8720181209062,KOZMETIKA
ŠAMPON H&S CLASSIC CLEAN 800 ml,90771143,HEAD&SHOULDE,0.80 l,ko,12.49,15.61,,,12.49,8700216156134,KOZMETIKA
ŠAMPON SCHAUMA 7 TRAVA 750ml,90669373,SCHAUMA,0.75 l,ko,7.99,10.65,,,7.99,9000101681123,KOZMETIKA
GEL SYOSS MAX HOLD 250ML,06544254,SYOSS,0.25 l,ko,6.49,25.96,,,4.89,9000100591058,KOZMETIKA
MLIJEKO AMBR SOL 175 ml SPF50,90887214,GARNIER AMBRE SOLAIR,0.18 l,ko,17.49,99.94,,,17.49,3600542624961,KOZMETIKA
ZP SIGNAL EXTRA FRESH INTENSE 75 ml,90774686,SIGNAL,0.08 l,ko,3.29,43.86,,,3.29,8720181437243,KOZMETIKA
ROLL ON MELEM DRAG ULJA 50ml,90403150,MELEM,0.05 l,ko,4.19,83.8,,,3.99,3856007907524,KOZMETIKA
KREMA EVEL NAT LINE RETIN+ALGE D/N 50ml,90260547,EVELINE,0.05 l,ko,4.99,99.8,,,4.99,5901761912296,KOZMETIKA
BOJA PALETTE DLX 4-6 SM KAVA,90899871,PALETTE,1.00 ko,ko,,4.79,4.79,5.99,5.99,9000101736748,KOZMETIKA
BRIJAČ FUSION PROGL RAZOR 2UP,90169023,GILLETTE,1.00 ko,ko,,15.59,15.59,20.79,16.59,7702018390816,KOZMETIKA
MAST DJEČJA 500ML       0631,06600073,JGL,0.50 l,ko,11.99,23.98,,,11.99,3858891013312,KOZMETIKA
BRIJAČ JEDN GILL BLUE 10+4,90042632,GILLETTE,14.00 ko,ko,10.35,0.74,,,10.35,7702018466979,KOZMETIKA
KREMA ZA RUKE NIV REF CARE PČELINJI VOS 75ml,90299022,NIVEA,0.08 l,ko,,27.87,2.09,2.99,2.99,9005800398822,KOZMETIKA
ULJE OLIVAL ZA KOSU ČIČKOVO 60ML,06541958,OLIVAL,0.06 l,ko,5.49,91.5,,,4.99,3859892751999,KOZMETIKA
KREMA LOREAL REVITALIFT DN 50ML,06596043,LOREAL,0.05 l,ko,14.49,289.8,,,14.49,3600520160764,KOZMETIKA
VODICA LISTERINE TOTAL CARE 500ml,90056397,LISTERINE,0.50 l,ko,7.49,14.98,,,7.25,3574660415506,KOZMETIKA
ZP AQF FRESH&MINTY 125ML,06530974,AQUAFRESH,0.13 l,ko,2.99,23.92,,,2.99,5054563199621,KOZMETIKA
DEO DOVE ORIG 150ml,06550240,DOVE,0.15 l,ko,5.35,35.67,,,5.35,8720181291715,KOZMETIKA
ULJE SPR AMBRE SOL F30 150ml,90064123,GARNIER AMBRE SOLAIR,0.15 l,ko,19.99,133.27,,,19.99,3600542452465,KOZMETIKA
BOJA COLOR NAT 6.41 SWEET AMBER,90800388,GARNIER COL NATURALS,1.00 ko,ko,,3.99,3.99,4.99,4.99,3600542617284,KOZMETIKA
BOJA PALETTE PNC 800 50+2X25ml,06543344,PALETTE PNC,0.10 l,ko,4.49,44.9,,,4.49,3838824171524,KOZMETIKA
BOJA PALETTE DELUXE 8-11 HL PL,90703663,PALETTE DELU,1.00 ko,ko,,4.79,4.79,4.79,4.79,9000101714579,KOZMETIKA
KREMA LOREAL AGE SPEC 55+ DNE 50ML,90089979,LOREAL,0.05 l,ko,9.99,199.8,,,9.99,3600522550204,KOZMETIKA
BRIJAČ WILKINSON ESSEN 3 HYBRID 4/1,90775547,WILKINSON,1.00 ko,ko,7.09,7.09,,,7.09,4027800513505,KOZMETIKA
ŠAMPON HERB ESSENCES COCONUT 350 ml,90771274,HERBAL ESSENCES,0.35 l,ko,6.19,17.69,,,6.19,8700216210843,KOZMETIKA
BOJA SYOSS OLEO 9-10 SVJ PLAVA,90059999,SYOSS OLEO,1.00 ko,ko,7.99,7.99,,,7.99,9000100814379,KOZMETIKA
SAPUN TEK PALM MED&MLIJ 300ml PUM,06510036,PALMOLIVE,0.30 l,ko,3.35,11.17,,,3.19,8003520013026,KOZMETIKA
KREMA NIVEA VIS Q10 50ml DN 2875,06590152,NIVEA,0.05 l,ko,,235.8,11.79,18.19,18.19,9005800227238,KOZMETIKA
ROLL ON GARNIER INVISIBLE BWC 50ml,90724710,GARNIER,1.00 ko,ko,4.99,4.99,,,4.99,3600541448179,KOZMETIKA
TEKUĆI SAPUN VANILLA 1 L,90362596,AFRODITA,1.00 l,ko,5.99,5.99,,,5.69,3831070651208,KOZMETIKA
GEL ZA ČIŠĆ LICA AFROD CLE PH 150ML,90090311,AFRODITA,0.15 l,ko,6.99,46.6,,,6.49,3831070654933,KOZMETIKA
SERUM GLISS FULL HAIR 100 ml,90885499,GLISS,0.10 l,ko,,79.9,7.99,9.99,9.99,9000101749373,KOZMETIKA
ŠAMPON H&S APPLE 400ml,90041246,HEAD&SHOULDE,0.40 l,ko,6.69,16.73,,,6.69,5410076659456,KOZMETIKA
PATRONE GILL FUSION 8/1,90380442,GILLETTE,8.00 ko,ko,37.19,4.65,,,37.19,8006540989197,KOZMETIKA
BOJA COL SENSAT 5.0,90032861,GARNIER COL SENSATION,1.00 ko,ko,5.29,5.29,,,5.29,3600541136021,KOZMETIKA
SET AFRODITA BOUQUET OF FLOWERS,90342683,AFRODITA,1.00 ko,ko,8.99,8.99,,,8.99,3831070651796,KOZMETIKA
BOJA PALETTE ICC RFE3   0187,06540423,PALETTE ICC,1.00 ko,ko,5.49,5.49,,,3.49,3838824159850,KOZMETIKA
GEL NIVEA MEN FIXATING 150ml,90377428,NIVEA,0.15 l,ko,6.49,43.27,,,6.49,9005800318349,KOZMETIKA
SUHI ŠAMPON SCHAUMA NORM KOSA 150ml,90341484,SCHAUMA,0.15 l,ko,,19.93,2.99,4.19,2.99,9000101213942,KOZMETIKA
MASKA ZA LICE U MARAMICI GARN MOIS+FRESH,90264258,GARNIER,1.00 ko,ko,2.99,2.99,,,2.99,3600542385329,KOZMETIKA
ODSTRANJIVAČ LAKA SOLVENTE 125ml,90598772,SOLVENTE,0.13 l,ko,0.89,7.12,,,0.89,8027391002187,KOZMETIKA
ŠAMP BOT THERA MAG CHARCOAL 250ml,90702878,BOTANIC THERAPY,0.25 l,ko,3.59,14.36,,,3.59,3600542512510,KOZMETIKA
DEO SPREJ NIVEA FRESH ACTIV M 250ml,90703786,NIVEA,0.25 l,ko,7.19,28.76,,,7.19,9005800396262,KOZMETIKA
LAK SYOSS KERATIN PERFECT 300ML,90081690,SYOSS,0.30 l,ko,6.19,20.63,,,4.65,9000100854733,KOZMETIKA
SAPUN TEK DAISY MED/MLI 1L,90071155,DAISY,1.00 l,ko,1.15,1.15,,,1.15,3850334355010,KOZMETIKA
MLIJEKO OLIVAL SPF30 200 ml,90785087,OLIVAL,0.20 l,ko,12.99,64.95,,,12.99,3858892694978,KOZMETIKA
ROLL ON NEUTR POW FR 50 9062,06552354,NEUTRO ROBER,0.05 l,ko,3.49,69.8,,,3.49,80619062,KOZMETIKA
ZP SENSOD FLUORID 75ML  0350,06511219,SENSODYNE,0.08 l,ko,5.95,79.33,,,5.49,5054563186904,KOZMETIKA
KREMA TIJ OLEA MEDITER LAVAN 250ml,90735107,OLEA,0.25 l,ko,2.99,11.96,,,2.99,3850334100030,KOZMETIKA
GLAVA ZAMJ ORAL B PRO LION K 8 kom,90850900,ORAL B,8.00 ko,ko,,2.6,20.78,24.49,24.49,8700216302227,KOZMETIKA
BOJA PALETTE DELUXE LED SREB,90402595,PALETTE DELU,1.00 ko,ko,,4.79,4.79,4.79,4.79,9000101267303,KOZMETIKA
ROLL ON DJ MELEM JAG MAL 30 ml,90874890,MELEM,0.03 l,ko,2.49,83,,,2.49,3856007912665,KOZMETIKA
ŠAMPON HERBAL ESSENCES ALOE 350 ml,90771276,HERBAL ESSENCES,0.35 l,ko,6.19,17.69,,,6.19,8700216211048,KOZMETIKA
KREMA MELEM RUKE VITAMIN 50ml,90730126,MELEM,0.05 l,ko,3.29,65.8,,,3.29,3856007910913,KOZMETIKA
BOJA PALETTE ICC RF3    0464,06540396,PALETTE ICC,1.00 ko,ko,5.49,5.49,,,3.49,3838824218601,KOZMETIKA
GEL TUŠ NIVEA CREME SOFT 500ML,90231974,NIVEA,0.50 l,ko,6.29,12.58,,,6.29,9005800282503,KOZMETIKA
PATRONE GILL FUS 4/1,06630400,GILLETTE,4.00 ko,ko,21.25,5.31,,,21.25,7702018866984,KOZMETIKA
VODICA USTA OB DESNI&CAKL 500ml,90377718,ORAL B,0.50 l,ko,4.39,8.78,,,4.39,8001090720399,KOZMETIKA
ŠAMPON H&S DEEP CLEASING 300ml,90518458,HEAD&SHOULDE,0.30 l,ko,6.69,22.3,,,6.69,8001841996769,KOZMETIKA
TABLETE COREGA BIO 108/1,90703559,COREGA,107.99 ko,ko,10.49,0.1,,,10.49,5054563226242,KOZMETIKA
KUPKA PALM THERM SPA ABS REL 500ml,06523565,PALMOLIVE,0.50 l,ko,,5.78,2.89,3.05,4.89,8718951429888,KOZMETIKA
GEL TUŠ NIVEA MEN DEEP 500ml,90311701,NIVEA,0.50 l,ko,6.69,13.38,,,6.69,5900017062266,KOZMETIKA
SPREJ NIV SUN DJ F50+ 200ML,06591723,NIVEA,0.20 l,ko,19.99,99.95,,,19.99,4006000075419,KOZMETIKA
ŠAMPON AFRODITA PROT ISPADANJ 320 ml,90771117,AFRODITA,0.32 l,ko,6.99,21.84,,,6.49,3831070661894,KOZMETIKA
VODICA MICEL GARNIER PURE ACT 400 ml,90774647,GARNIER,0.40 l,ko,7.79,19.48,,,7.79,3600542570275,KOZMETIKA
ZP SIGNAL FAM CAVITY PROT 75 6101,06530112,SIGNAL,0.08 l,ko,2.75,36.67,,,2.75,5900300056101,KOZMETIKA
ULJE J&J BABY ALOE VERA 300ml,90361035,J&J,0.30 l,ko,,15.63,4.69,6.25,6.25,3574669909181,KOZMETIKA
ŠAMPON NIVEA DIAMOND GLOSS 250ML,06521671,NIVEA,0.25 l,ko,4.59,18.36,,,4.59,4005900176028,KOZMETIKA
LOSION NIV SUN SPF30 200ML,06592243,NIVEA,0.20 l,ko,16.99,84.95,,,16.99,4005808423040,KOZMETIKA
ŠAMPON PANTENE 3U1 COLOR 325 ml,90850418,PANTENE,0.33 l,ko,5.99,18.43,,,5.99,8700216567152,KOZMETIKA
SPREJ NIVEA FRESH FLOWER Z 150ml,90162535,NIVEA,0.15 l,ko,5.39,35.93,,,3.99,9005800250342,KOZMETIKA
BOJA EXCELLENCE 8,90164080,LOREAL EXCELLANCE,1.00 ko,ko,8.99,8.99,,,8.99,3600523724901,KOZMETIKA
ZP COLG TOTAL WHITE 100ml,90362516,COLGATE,0.10 l,ko,3.99,39.9,,,3.79,8718951227972,KOZMETIKA
BOJA PALETTE DELUXE 800  2318,06542969,PALETTE DELU,1.00 ko,ko,,4.79,4.79,4.79,4.79,3838824176994,KOZMETIKA
KREMA MELEM COLD CREAM 35ml,90730130,MELEM,0.04 l,ko,6.79,194,,,6.79,3856007910067,KOZMETIKA
BOJA PALETTE ICC LG5 SVJ NOUGAT,90155177,PALETTE ICC,1.00 ko,ko,5.49,5.49,,,3.49,3838824307480,KOZMETIKA
INTERDENTAL ČET DENTORAL 32/1,90290507,DENTORAL,32.00 ko,ko,1.35,0.04,,,1.35,3850334609199,KOZMETIKA
REGEN ELSEVE DREAM LONG 200ml,90362102,LOREAL ELSEVE,0.20 l,ko,4.49,22.45,,,4.49,3600523756193,KOZMETIKA
ŠAMPON SCHAUMA MEN SPORT 400ml,90082448,SCHAUMA,0.40 l,ko,,7.48,2.99,4.19,4.19,9000100860246,KOZMETIKA
DEO REXONA SHOWER CLEAN 150ml,06550671,REXONA,0.15 l,ko,4.75,31.67,,,4.75,8711600350212,KOZMETIKA
SPREJ TAFT ALOE 150 ml,90885539,TAFT,0.15 l,ko,,31.93,4.79,5.99,5.99,9000101744408,KOZMETIKA
ROLL ON NIVEA FRESH M 50ml,06555167,NIVEA,0.05 l,ko,5.59,111.8,,,5.59,42242864,KOZMETIKA
ŠAMPON AFR KOPR 950ml,90744832,AFRODITA,0.95 l,ko,5.29,5.57,,,4.79,3831070661672,KOZMETIKA
MASKA GLISS NOURISHMENT 400 ml,90749851,GLISS,0.40 l,ko,,15.73,6.29,8.59,8.59,9000101726053,KOZMETIKA
GLINA ZA KOSU TAFT 75ml,90310730,TAFT,0.08 l,ko,,58.53,4.39,4.39,5.49,9000101206012,KOZMETIKA
BOJA COLOR NAT 7  NAT BLOND,06542046,GARNIER COL NATURALS,1.00 ko,ko,,3.49,3.49,4.99,4.99,3600540335647,KOZMETIKA
BOJA PALETTE ICC N7 INS COL 0095,06548065,PALETTE ICC,1.00 ko,ko,5.49,5.49,,,3.49,3838824159652,KOZMETIKA
BOJA PALETTE PNC 765,90090399,PALETTE PNC,1.00 ko,ko,4.49,4.49,,,4.49,9000100886383,KOZMETIKA
ZP COLG MAX WHITE CHARCOAL 75ml,90378137,COLGATE,0.08 l,ko,3.99,53.2,,,3.99,8718951250017,KOZMETIKA
KREMA VEET PURE BIK&UNDERARM 100ml,90478824,VEET,0.10 l,ko,6.69,66.9,,,6.19,5997321774480,KOZMETIKA
DEO DOVE Ž PEACH&BLOSSOM 150 ml,90885157,DOVE,0.15 l,ko,5.35,35.67,,,5.35,8720181443572,KOZMETIKA
ŠAMPON PANTEN INTENZ REG 250ml,90034822,PANTENE,0.25 l,ko,4.09,16.36,,,4.09,8006540532089,KOZMETIKA
KREMA UNIV AFROD CALEND HYDRA 150ml,90598469,AFRODITA,0.15 l,ko,4.99,33.27,,,4.69,3830001291582,KOZMETIKA
ŠAMPON ELSEVE EXTRAORD OIL 250ml,90154877,LOREAL ELSEVE,0.25 l,ko,4.39,17.56,,,4.39,3600522449393,KOZMETIKA
REGENER OLEA OBOJANA KOSA 300ml,90735086,OLEA,0.30 l,ko,,2.97,0.89,1.29,1.29,3850334073754,KOZMETIKA
GEL TUŠ NIVEA MEN PURE IMPACT 500ML,90280319,NIVEA,0.50 l,ko,6.69,13.38,,,6.69,4005808628087,KOZMETIKA
DEO NIVEA DOUBLE EFECT 150ml,06552528,NIVEA,0.15 l,ko,5.39,35.93,,,3.99,4005808735495,KOZMETIKA
BOJA EXCELLENCE 5.11,90483471,LOREAL EXCELLANCE,1.00 ko,ko,9.99,9.99,,,9.99,3600523939510,KOZMETIKA
ZP ELMEX CARIES PROTECTION 2X75 ml,90850477,ELMEX,0.15 l,ko,8.79,58.6,,,8.49,8714789992204,KOZMETIKA
REGENER GLISS OIL NUTRITIVE 200ML,06546646,GLISS,0.20 l,ko,4.79,23.95,,,2.99,9000100398572,KOZMETIKA
SRED SUPER JON IQ REFILL KUHINJA 3TA,90899906,SUPER JON,1.00 ko,ko,,2.39,2.39,3.45,3.45,3850111505812,SREDSTVA ZA ČIŠĆENJE
PRONTO CLASSIC SPREJ NAMJEŠTAJ 300ml,90356907,PRONTO,0.30 l,ko,5.99,19.97,,,5.99,5000204670967,SREDSTVA ZA ČIŠĆENJE
DET PERSIL FBS 4.95kg 90PR,90750753,PERSIL,4.95 kg,ko,19.99,4.04,,,19.99,9000101805963,SREDSTVA ZA ČIŠĆENJE
DET PERSIL UNIVERSAL 60 TAB,90904719,PERSIL,59.99 kg,ko,18.99,0.32,,,13.99,9000101830910,SREDSTVA ZA ČIŠĆENJE
SOL FINISH 1.5kg,08030474,FINISH ADW,1.50 kg,ko,3.25,2.17,,,3.25,8594002682736,SREDSTVA ZA ČIŠĆENJE
ARF NAMJEŠTAJ 600ML,90642698,ARF,0.60 l,ko,,4.38,2.63,3.29,2.59,3850105181282,SREDSTVA ZA ČIŠĆENJE
SANITAR ORIG CITRUS FRESH 750ml,08031080,SANITAR,0.75 l,ko,,2.12,1.59,2.59,2.39,3850111502743,SREDSTVA ZA ČIŠĆENJE
DET PERSIL GEL LAVENDER 0.9L=20PR,90744927,PERSIL,0.90 l,ko,8.49,9.43,,,9.99,9000101598056,SREDSTVA ZA ČIŠĆENJE
SANITAR FRESH LAVANDA 650ml,90108169,SANITAR,0.65 l,ko,2.89,4.45,,,2.49,3850111503849,SREDSTVA ZA ČIŠĆENJE
SAKUPLJAČ VLAGE BISON REF LAVAN 450g,08030788,BISON,0.45 kg,ko,4.99,11.09,,,4.99,8710439278988,SREDSTVA ZA ČIŠĆENJE
SPREJ ZA MRLJE FROSCH BABY 300ML,90147767,FROSCH,0.30 l,ko,4.09,13.63,,,4.09,4009175969378,SREDSTVA ZA ČIŠĆENJE
DET FAKS 5IN1 COLOR 14TAB,90825947,FAKS,14.00 ko,ko,,0.41,5.69,7.99,6.99,3850105187192,SREDSTVA ZA ČIŠĆENJE
DET ČARLI KAMILICA 1.35 L,90673055,ČARLI,1.35 l,ko,3.75,2.78,,,3.49,3850111304187,SREDSTVA ZA ČIŠĆENJE
DET VIO EXTRA STRONG LEMON 84/1,90784991,VIO,84.03 ko,ko,24.99,0.3,,,24.99,3870128036918,SREDSTVA ZA ČIŠĆENJE
PERMETAL PROTIV KAMENCA 650ml,90161965,PERMETAL,0.65 l,ko,4.05,6.23,,,3.45,3850111753831,SREDSTVA ZA ČIŠĆENJE
FLUX 1L ZA ČIŠĆENJE ODVODA,08030137,FLUX,1.00 l,ko,4.09,4.09,,,3.69,3859888110892,SREDSTVA ZA ČIŠĆENJE
OM LENOR FA FRESH WIND 700 ml,90886145,LENOR,1.00 ko,ko,,3.99,3.99,7.39,7.39,8700216722940,SREDSTVA ZA ČIŠĆENJE
DET PERWOLL BLACK 3L=60PR,90745022,PERWOLL,3.00 l,ko,16.49,5.5,,,11.49,9000101809527,SREDSTVA ZA ČIŠĆENJE
STAKLO VIOLETA SYMPHONY 750ml,90705445,VIOLETA,0.75 l,ko,2.19,2.92,,,2.19,3870128033436,SREDSTVA ZA ČIŠĆENJE
VODA DEST DAX 1L ISKRA,90365059,DAX,1.00 l,ko,0.73,0.73,,,0.73,3850334183415,SREDSTVA ZA ČIŠĆENJE
SOMAT GEL EXCELLENCE 2X684ml,90785216,SOMAT,1.37 kg,ko,28.99,21.19,,,14.49,9000101819502,SREDSTVA ZA ČIŠĆENJE
DET DASH AMBER 30TAB,90886342,DASH,30.00 ko,ko,19.99,0.67,,,19.99,8700216792172,SREDSTVA ZA ČIŠĆENJE
ARF STAKLO 650 ml,90627899,ARF,0.65 l,ko,,2.45,1.59,1.49,1.49,3850105181015,SREDSTVA ZA ČIŠĆENJE
ČISTAČ KER PLOČ SPREJ DR BECK 250ml,08031104,BECKMANN,0.25 l,ko,3.85,15.4,,,3.85,4008455601915,SREDSTVA ZA ČIŠĆENJE
OM SILAN REF MAGNOLIA 594 ml,90775830,SILAN,0.59 l,ko,2,3.37,,,2.79,9000101597431,SREDSTVA ZA ČIŠĆENJE
OM LENOR SPRING AWAK 850ml,90703528,LENOR,0.85 l,ko,2,2.35,,,2,8006540890066,SREDSTVA ZA ČIŠĆENJE
FINISH ULTIMATE GEL LEMON 1 L,90899663,FINISH ADW,1.00 l,ko,21.99,21.99,,,21.99,5999109583727,SREDSTVA ZA ČIŠĆENJE
OM SILAN COOL FRESH 1.1L,90744981,SILAN,1.10 l,ko,2,1.82,,,2.79,9000101585247,SREDSTVA ZA ČIŠĆENJE
KH-7 SREDSTVO ZA UKLANJANJE MRLJA 750ML,90138798,KH-7,0.75 l,ko,5.79,7.72,,,5.45,8420822115799,SREDSTVA ZA ČIŠĆENJE
DET ARIEL COLOR 24 TAB,90662796,ARIEL,24.00 ko,ko,10,0.42,,,10,8001090726827,SREDSTVA ZA ČIŠĆENJE
DET DASH AMBER 44TAB,90705832,DASH,44.00 ko,ko,20,0.45,,,25.59,8700216002233,SREDSTVA ZA ČIŠĆENJE
OM SILAN SUPREME BLOSSOM 1.012L,90744910,SILAN,1.01 l,ko,2,1.98,,,2.79,9000101579758,SREDSTVA ZA ČIŠĆENJE
OM VIOLETA SUMMER CHILL 4L,90572925,VIOLETA,4.00 l,ko,4.49,1.12,,,4.49,3870128028593,SREDSTVA ZA ČIŠĆENJE
OM DAX SUMMER 2L,90389182,DAX,2.00 l,ko,2,1,,,2.79,3838900962404,SREDSTVA ZA ČIŠĆENJE
ARF KUPAONICA PROF 600ML,90642695,ARF,0.60 l,ko,,4.38,2.63,3.29,2.59,3850105181374,SREDSTVA ZA ČIŠĆENJE
OM ORNEL LUNAR 800 ml,90771089,ORNEL,0.80 l,ko,3.29,4.11,,,3.29,3850105186492,SREDSTVA ZA ČIŠĆENJE
OM SILAN SUPREME ELEGANCE 1.012L,90744913,SILAN,1.01 l,ko,2,1.98,,,2.79,9000101580471,SREDSTVA ZA ČIŠĆENJE
DOMESTOS PINE 750ML     9797,08030272,DOMESTOS,0.75 l,ko,,3.05,2.29,3.29,2.95,5996037079797,SREDSTVA ZA ČIŠĆENJE
OM SILAN REF FRESH SKY 748 ml,90775832,SILAN,0.75 l,ko,2,2.67,,,2.79,9000101597462,SREDSTVA ZA ČIŠĆENJE
DET PERSIL EXPERT BY SILAN 2.70L=60P,90875468,PERSIL,2.70 l,ko,23.99,8.89,,,23.99,9000101566819,SREDSTVA ZA ČIŠĆENJE
OM LENOR FRESH WIND 462ml,90703448,LENOR,0.46 l,ko,3,6.49,,,3,8006540863183,SREDSTVA ZA ČIŠĆENJE
DET DASH LAVANDA 1.035 L=23PR,90886332,DASH,1.04 l,ko,13.79,13.32,,,13.79,8700216828154,SREDSTVA ZA ČIŠĆENJE
WC GEL SANITAR PINE FRESH 750ML,90222072,SANITAR,0.75 l,ko,3.05,4.07,,,2.95,3850111503887,SREDSTVA ZA ČIŠĆENJE
VARIKINA CEKIN 1L 0168 METEOR,08032999,CEKINA,1.00 l,ko,2.19,2.19,,,1.99,3859888110168,SREDSTVA ZA ČIŠĆENJE
SANYTOL PRA ZBJ UKL MRLJA I DEZ 450g,90895419,SANYTOL,0.45 kg,ko,7.69,17.09,,,7.29,3045206382601,SREDSTVA ZA ČIŠĆENJE
SANYTOL VIŠENAM ČIŠĆ I DEZ GREJP 500ml,90706132,SANYTOL,0.50 l,ko,,5.78,2.89,3.65,3.45,3045206312066,SREDSTVA ZA ČIŠĆENJE
DET ARIEL EX STAIN REMOVAL38TAB,90886271,ARIEL,38.01 ko,ko,25.49,0.67,,,25.49,8700216764254,SREDSTVA ZA ČIŠĆENJE
SOMAT EXCELLENCE 5IN1 65TAB,90795116,SOMAT,65.02 ko,ko,32.99,0.51,,,32.99,9000101807875,SREDSTVA ZA ČIŠĆENJE
DET PERSIL STAIN REMOVAL 23TAB,90895402,PERSIL,23.00 ko,ko,16.99,0.74,,,16.99,9000101829037,SREDSTVA ZA ČIŠĆENJE
TP VLAŽNI VIOLETA HEMO CARE 60/1,90403297,VIOLETA,60.02 ko,ko,2.49,0.04,,,2,3870128020733,TOALETNE POTREPŠTINE
PEL PAMPERS PREMIUM JP 78 5-9kg,90706575,PAMPERS,78.00 ko,ko,27.69,0.35,,,27.69,8006540857755,TOALETNE POTREPŠTINE
TP VIOLETA COTTON 16/1 3SL,05081013,VIOLETA,16.00 ko,ko,6.63,0.41,,,6.63,3859892288075,TOALETNE POTREPŠTINE
TP NATUR PREMIUM 160L 4SL 10/1,90184664,NATUR,10.00 ko,ko,,0.37,3.69,4.19,4.19,3850334614643,TOALETNE POTREPŠTINE
HIG UL NAT ULTRA NORMAL DUO 20/1,90308098,NATURELLA,20.00 ko,ko,2.85,0.14,,,2.85,8001090585592,TOALETNE POTREPŠTINE
TP NORD FLUFFY CLASSIC 140L 3SL 10/1,90705433,NORD,10.00 ko,ko,2.99,0.3,,,2.99,3858894271078,TOALETNE POTREPŠTINE
VL MARAM PAMPERS HARMONIE AQUA 48/1,90706590,PAMPERS,48.01 ko,ko,,0.04,1.79,3.39,3.39,8006540458563,TOALETNE POTREPŠTINE
PAP RUPČIĆI PALOMA KUTIJA 60/1,90073944,PALOMA,59.99 ko,ko,1.89,0.03,,,1.89,3838952014632,TOALETNE POTREPŠTINE
HIG UL NAT THICK NIGHT 14,90031409,NATURELLA,14.00 ko,ko,2.39,0.17,,,2.39,4015400437932,TOALETNE POTREPŠTINE
HIG UL LIBRESSE MAXI NORM CL 10/1,06502161,LIBRESSE,10.00 ko,ko,2.25,0.23,,,2.25,7310790088137,TOALETNE POTREPŠTINE
HANSAPLAST SUSTAINABLE 1MX6cm,90599093,HANSAPLAST,1.00 m,ko,3.09,3.09,,,3.09,4005800338427,TOALETNE POTREPŠTINE
VL MARAMICE LUMPI AQUA 72/1,90573292,LUMPI,72.05 ko,ko,,0.02,1.29,1.59,1.59,3850334523303,TOALETNE POTREPŠTINE
TAMPONI OB PRO COM NORMAL 32,06500266,OB,32.00 ko,ko,7.19,0.22,,,6.89,3574661485218,TOALETNE POTREPŠTINE
HIG UL ALW ULT PLAT NIGHT DUO 12,06501395,ALWAYS P&G,12.00 ko,ko,3,0.25,,,2.69,8001090445070,TOALETNE POTREPŠTINE
RUPČIĆI PAP VIOLETA CLASSIC SOFT 3SL 10/1,05089927,VIOLETA,10.00 ko,ko,1.99,0.2,,,1.99,3870128000070,TOALETNE POTREPŠTINE
VL MAR VIOLETA 99% WATER 3x56/1,90486069,VIOLETA,168.07 ko,ko,6.59,0.04,,,6.59,3870128018198,TOALETNE POTREPŠTINE
ŠTAPIĆI ZA UŠI JEAN CAROL BIO 100/1,90599166,JEAN CAROL,100.00 ko,ko,1.05,0.01,,,1.05,4000576488109,TOALETNE POTREPŠTINE
TP DAISY 180L 2SL 8/1,90754754,DAISY,8.00 ko,ko,1.99,0.25,,,1.99,3850334104175,TOALETNE POTREPŠTINE
PAP RUPČIĆI NATUR KUTIJA 2SL 150/1,90189209,NATUR,149.93 ko,ko,,0.01,1.25,1.59,1.59,3838900976647,TOALETNE POTREPŠTINE
RUPČIĆI PAP VIOLETA KAMILICA 3SL 10/1,05083092,VIOLETA,10.00 ko,ko,1.99,0.2,,,1.99,3870128000582,TOALETNE POTREPŠTINE
PEL VIOLETA AD MAXI 4 7-18kg 60/1,90194025,VIOLETA,59.99 ko,ko,15.93,0.27,,,15.93,3870128010253,TOALETNE POTREPŠTINE
TP VLAŽNI DJ LUMPI 60/1,90553379,LUMPI,60.02 ko,ko,,0.01,0.79,1.06,1.06,3850334523051,TOALETNE POTREPŠTINE
FLASTER LOLA ULTRA VODOOTP 12/1,06500273,LOLA,12.00 ko,ko,1.69,0.14,,,1.69,3858890792829,TOALETNE POTREPŠTINE
TP VIOLETA KAMILICA 16/1 3SL,90308094,VIOLETA,16.00 ko,ko,,0.22,3.49,4.99,4.99,3859892288686,TOALETNE POTREPŠTINE
PEL LUMPI XL 6 30/1,90370157,LUMPI,30.00 ko,ko,5.79,0.19,,,5.79,3850334153586,TOALETNE POTREPŠTINE
ŠTAPIĆI ZA UŠI LUMPI 60/1 PAP,90494202,LUMPI,60.02 ko,ko,,0.01,0.59,0.79,0.79,8605002353202,TOALETNE POTREPŠTINE
VL MARAMICE NIVEA TODDIES 57/1,90764770,NIVEA,57.01 ko,ko,3.25,0.06,,,3.25,9005800369235,TOALETNE POTREPŠTINE
PAP RUPČIĆI NATUR  3SL 1/1,90189774,NATUR,1.00 ko,ko,0.13,0.13,,,0.13,3838900965580,TOALETNE POTREPŠTINE
HIG UL VIOLETA COTTON SUPER+ 10/1,90152820,VIOLETA,10.00 ko,ko,,0.12,1.19,1.19,1.59,3870128040809,TOALETNE POTREPŠTINE
DN UL OLEA LARGE 50/1,90249940,OLEA,50.00 ko,ko,,0.03,1.69,2.16,2.16,3850334579454,TOALETNE POTREPŠTINE
DN UL ALWAYS DEO RPW 20/1,90300072,ALWAYS P&G,20.00 ko,ko,1.86,0.09,,,1.49,8001090361998,TOALETNE POTREPŠTINE
TP NATUR KAMILICA 150L 3SL 10/1,90184283,NATUR,10.00 ko,ko,2.65,0.27,,,2.65,3850334614681,TOALETNE POTREPŠTINE
TP VLAŽNI ZEWA SENSITIVE 80/1,90669825,ZEWA,80.00 ko,ko,3.99,0.05,,,3.99,7322541395050,TOALETNE POTREPŠTINE
DN UL LIBRESSE EXT NORM 58/1,90047670,LIBRESSE,58.01 ko,ko,3.19,0.05,,,3.19,7322540276855,TOALETNE POTREPŠTINE
HIG UL NAKON PORODA CHICCO 30/1,90058799,CHICCO,30.00 ko,ko,9.79,0.33,,,9.79,8003670666271,TOALETNE POTREPŠTINE
BLAZINICE JEAN CAROL 90/1,06501127,JEAN CAROL,90.01 ko,ko,1.72,0.02,,,1.72,4000576396909,TOALETNE POTREPŠTINE
PEL GAĆ PAMP EL JP 44/1,90167389,PAMPERS,44.01 ko,ko,,0.34,14.99,21.63,21.63,8006540069356,TOALETNE POTREPŠTINE
PEL GAĆICE PAMPERS JUMBOPACK S7 38 KO,90477873,PAMPERS,38.01 ko,ko,,0.39,14.99,21.63,21.63,8006540069387,TOALETNE POTREPŠTINE
TP ZEWA JUST1 6/1 5SL,90669533,ZEWA,6.00 ko,ko,6.75,1.13,,,6.75,7322541189314,TOALETNE POTREPŠTINE
VATA LOLA CIK CAK 100g       0619,06500797,LOLA,0.10 kg,ko,2.05,20.5,,,2.05,3858881100619,TOALETNE POTREPŠTINE
TP VIOLETA PURE&STRONG XXL 3SL 24/1,90503264,VIOLETA,24.00 ko,ko,4.69,0.2,,,4.99,3858893660255,TOALETNE POTREPŠTINE
VL MARAM BECUTAN 99% WATER 3X56/1,90886887,BECUTAN,167.79 ko,ko,4.49,0.03,,,4.49,5310001273156,TOALETNE POTREPŠTINE
PELENE GAĆ PAMPERS PREMIUM VP S4 9-15kg 38/1,90361331,PAMPERS,38.01 ko,ko,,0.39,14.99,21.63,21.63,8001090759832,TOALETNE POTREPŠTINE
TP VLAŽNI VIOLETA NEVEN 60/1,05081541,VIOLETA,59.99 ko,ko,2.25,0.04,,,2.25,3870128001664,TOALETNE POTREPŠTINE
DN UL CAREFREE ALOA 20,06505395,CAREFREE,20.00 ko,ko,2.05,0.1,,,1.99,3574660224849,TOALETNE POTREPŠTINE
PEL VIOLETA JUNIOR 5 GIGA 94/1,90453751,VIOLETA,94.07 ko,ko,19.99,0.21,,,19.99,3870128025530,TOALETNE POTREPŠTINE
TP PALOMA CLASSIC 3SL 16/1,90880022,PALOMA,16.00 ko,ko,2,0.13,,,2.99,3838952030823,TOALETNE POTREPŠTINE
HIG UL ALWAYS ULTRA SUPER WING 32/1,90668667,ALWAYS P&G,32.00 ko,ko,5.44,0.17,,,5.44,8700216861199,TOALETNE POTREPŠTINE
RUČNIK PAP PALOMA MEGA 3SL 2/1,90069679,PALOMA,2.00 ko,ko,3.32,1.66,,,3.32,3838952018814,PROIZVODI ZA KUĆANSTVO
SPUŽVA ABRAZIVNA OSJ POVRŠINE DAX 2/1,90289993,DAX,2.00 ko,ko,0.4,0.2,,,0.4,3850334608260,PROIZVODI ZA KUĆANSTVO
SALV PALOMA ELITE MESHPR 40X40 2SL 16/1,90572967,PALOMA,16.00 ko,ko,1,0.06,,,1,3838952028752,PROIZVODI ZA KUĆANSTVO
FELIX MM LOSOS 85g,90582730,FELIX,0.09 kg,ko,0.79,9.29,,,0.79,7613287489999,PROIZVODI ZA KUĆANSTVO
DAX RUKAVICE NITRIL BEZ PUD CRN L 100/1,90745175,DAX,100.00 ko,ko,,0.04,3.99,5.99,5.99,3850334070999,PROIZVODI ZA KUĆANSTVO
SALV PALOMA ELITE BEŽ 40X40 2SL 16/1,90572961,PALOMA,16.00 ko,ko,3.95,0.25,,,3.95,3838952028592,PROIZVODI ZA KUĆANSTVO
KRPA PROZORI DAX 2/1,90289990,DAX,2.00 ko,ko,2.55,1.28,,,2.52,3850334608116,PROIZVODI ZA KUĆANSTVO
WHISKAS MM TM KREM KREAC 4x85G,90707526,WHISKAS,0.34 kg,ko,2.75,8.09,,,2.75,4770608262655,PROIZVODI ZA KUĆANSTVO
FRISKIES MM PIL. GOV. JANJ. PAČ 4X85g,90381999,FRISKIES,0.34 kg,ko,2.29,6.74,,,2.29,7613036986250,PROIZVODI ZA KUĆANSTVO
WHISKAS SM PILET 1.4KG,90212562,WHISKAS,1.40 kg,ko,8.99,6.42,,,8.99,5998749129784,PROIZVODI ZA KUĆANSTVO
SALV PALOMA STARS ECO 30X30 3SL 20/1,90599175,PALOMA,20.00 ko,ko,2.55,0.13,,,2.55,3838952022095,PROIZVODI ZA KUĆANSTVO
WHISKAS MM PERAD 4X85 G,90678135,WHISKAS,0.34 kg,ko,2.75,8.09,,,2.75,4770608263652,PROIZVODI ZA KUĆANSTVO
ZIP-FIX VREĆICA ALUFIX  MIX 1L. 3L. 6L,90732179,ALUFIX,1.00 ko,ko,3.79,3.79,,,3.79,4823071655759,PROIZVODI ZA KUĆANSTVO
BUDDY MP GOVEDINA 405g,01647057,BUDDY,0.41 kg,ko,0.99,2.45,,,0.99,3850334018236,PROIZVODI ZA KUĆANSTVO
RUČNIK PAP PALOMA DESIGN 3SL 3/1,90725046,PALOMA,3.00 ko,ko,2.79,0.93,,,2.79,3838952033930,PROIZVODI ZA KUĆANSTVO
VILEDA EASY W&C TURBO MOP REFIL 2U1,90275870,VILEDA,1.00 ko,ko,,9.99,9.99,16.99,16.99,4023103195189,PROIZVODI ZA KUĆANSTVO
LOPATICA VILEDA S DUGOM DRŠKOM,90603087,VILEDA,1.00 ko,ko,,5.99,5.99,8.79,8.79,4023103118591,PROIZVODI ZA KUĆANSTVO
MOČO VILEDA MICROFIBRE ECO RESE S DRŠKOM,90382685,VILEDA,1.00 ko,ko,,13.64,13.64,19.49,19.49,4023103198401,PROIZVODI ZA KUĆANSTVO
ČETKA PRANJE RIBANJE RUKOHVATOM DAX,90276252,DAX,1.00 ko,ko,1.06,1.06,,,1.06,3850334599612,PROIZVODI ZA KUĆANSTVO
ALU POSUDA+POKL F&P 1125ml 3/1,90513616,FRESH&PACK,1.00 ko,ko,1.99,1.99,,,1.99,3850334395863,PROIZVODI ZA KUĆANSTVO
FELIX MM JUHA RIBA 6X48 g,90864723,FELIX,0.29 kg,ko,2.99,10.38,,,2.99,8445291612433,PROIZVODI ZA KUĆANSTVO
SPUŽVASTA KRPA DAX 5/1,90289998,DAX,5.00 ko,ko,2.09,0.42,,,2.09,3850334608147,PROIZVODI ZA KUĆANSTVO
BUDDY MP MINI PIL 150g,90725420,BUDDY,0.15 kg,ko,0.69,4.6,,,0.69,3850334043665,PROIZVODI ZA KUĆANSTVO
FOLIJA PRIJANJAJUĆA DOMUS 30m,90344372,DOMUS,30.00 m,ko,1.86,0.06,,,1.86,3859893097003,PROIZVODI ZA KUĆANSTVO
WHISKAS DREAMIES SIR 60g,90139351,WHISKAS,0.06 kg,ko,1.79,29.83,,,1.79,5998749130971,PROIZVODI ZA KUĆANSTVO
DAX GUMENE RUKAVICE S 2/1,90725627,DAX,2.00 ko,ko,,0.5,0.99,1.29,1.29,3850334036551,PROIZVODI ZA KUĆANSTVO
LOPATICA PRODUŽENA DRŠKA CS,90799919,CLEAN SMART,1.00 ko,ko,3.49,3.49,,,3.49,3859893097355,PROIZVODI ZA KUĆANSTVO
FRISKIES MM JUNIOR PIL 4X85g,90382004,FRISKIES,0.34 kg,ko,2.29,6.74,,,2.29,7613036988124,PROIZVODI ZA KUĆANSTVO
FRISKIES SM LOSOS POVRĆE 1.5kg,90622910,FRISKIES,1.50 kg,ko,,2.99,4.49,6.69,6.69,7613033923562,PROIZVODI ZA KUĆANSTVO
ALU PLADANJ F&P 6 PORCIJA 2/1,90513622,FRESH&PACK,1.00 ko,ko,2.39,2.39,,,2.39,3850334395887,PROIZVODI ZA KUĆANSTVO
SALV PALOMA BOŽIĆ NAR SOB 24x24 20/1,90668637,PALOMA,20.00 ko,ko,1,0.05,,,1,3838952033251,PROIZVODI ZA KUĆANSTVO
WHISKAS DREAMIES PILETINA 60G,90139347,WHISKAS,0.06 kg,ko,1.79,29.83,,,1.79,5998749130919,PROIZVODI ZA KUĆANSTVO
SALV NATUR PREM PLAV 33X33 3SL 30/1,90894729,NATUR,30.00 ko,ko,0.99,0.03,,,0.99,3850334432131,PROIZVODI ZA KUĆANSTVO
ČETKA POD DRŠKA DAX,90276257,DAX,1.00 ko,ko,3.32,3.32,,,3.32,3850334599674,PROIZVODI ZA KUĆANSTVO
PEDIGREE DENTASTIX VELIKI 270G,90069742,PEDIGREE,0.27 kg,ko,4.19,15.52,,,4.19,5998749109113,PROIZVODI ZA KUĆANSTVO
SALV PALOMA BUN&EGGS 33X33 3SL 20/1,90885063,PALOMA,1.00 ko,ko,1.69,1.69,,,2.29,3838952036016,PROIZVODI ZA KUĆANSTVO
SPUŽVA DUOCLEAN KUHINJSKI ČISTAČ 1/1,90055502,REKORD TIM,1.00 ko,ko,1.09,1.09,,,1.09,3858882683883,PROIZVODI ZA KUĆANSTVO
PAPIR PEČENJE LIST 30/1 38CMX42cm F&P,90675189,FRESH&PACK,1.00 ko,ko,,0.99,0.99,1.29,0.99,3850334431660,PROIZVODI ZA KUĆANSTVO
CELOFAN ZIMNICA+GUMICE,05612531,HERES,1.00 ko,ko,0.46,0.46,,,0.46,3859889869034,PROIZVODI ZA KUĆANSTVO
SALV NATUR PREM ZEL 33X33 3SL 30/1,90894731,NATUR,30.00 ko,ko,0.99,0.03,,,0.99,3850334432155,PROIZVODI ZA KUĆANSTVO
FRISKIES MP ADULT GOV PIL JANJ ŽELE 4X85 g,90809756,FRISKIES,0.34 kg,ko,,5.85,1.99,2.59,1.99,8445290751737,PROIZVODI ZA KUĆANSTVO
SHEBA PILETINA U UMAKU VR 85G,90260752,SHEBA,0.09 kg,ko,0.99,11.64,,,0.99,4770608257170,PROIZVODI ZA KUĆANSTVO
SALV PALOMA ELITE GALAXY 40X40 2SL 16/1,90572969,PALOMA,16.00 ko,ko,3.95,0.25,,,3.95,3838952028738,PROIZVODI ZA KUĆANSTVO
KRPA VILEDA MICROFIBRE UF 3/1,90706273,VILEDA,3.00 ko,ko,,1.3,3.89,6.49,6.49,4023103229273,PROIZVODI ZA KUĆANSTVO
VREĆA SMEĆE LD VEZ EST 60 L 25/1 DAX,90800599,DAX,25.00 ko,ko,2.99,0.12,,,2.99,3850334101839,PROIZVODI ZA KUĆANSTVO
RUČNIK PAP VIOLETA SUPERSOFT 2SL 4/1,90152862,VIOLETA,4.00 ko,ko,1.79,0.45,,,1.99,3870128000094,PROIZVODI ZA KUĆANSTVO
ONE SM ADULT LOSOS RIŽA 800G,01647070,ONE,0.80 kg,ko,5.69,7.11,,,5.69,8445290080028,PROIZVODI ZA KUĆANSTVO
SPUŽVA KUHINJSKA PROFILNA PREM FINO 2+1,90570358,FINO,1.00 ko,ko,1.99,1.99,,,1.99,8606013476607,PROIZVODI ZA KUĆANSTVO
MRVICE PANKO BLUE DRAGON 120 g,90934658,BLUE DRAGON,0.12 kg,ko,3.99,33.25,,,3.99,5010338014902,HRANA
KAVA STARB COLOMBIA NS 10/1 57 g,90949767,STARBUCKS,0.06 kg,ko,,96.32,5.49,5.49,5.49,7630477891691,HRANA
KAVA STARB RISTRET SHOT NS 10/1 57 g,90949770,STARBUCKS,0.06 kg,ko,,96.32,5.49,5.49,5.49,8445291452749,HRANA
KAVA STARB GUATEMALA NS 10/1 52 g,90949773,STARBUCKS,0.05 kg,ko,,105.58,5.49,5.49,5.49,7613287855640,HRANA
JUHA SPEC PIL XXL 10X75 g INDOMIE,90950099,INDOMIE,0.75 kg,ko,2.89,3.85,,,2.89,3858889367465,HRANA
DES FINESSE ZIM SLAD U KANTICI 195 g,90956116,FINESSE,0.20 kg,ko,2,10.26,,,4.99,3850334071934,HRANA
PANETTONE ČOKO KOMADIĆI 500 g BAULI,90959739,BAULI,0.50 kg,ko,2,4,,,9.99,8001720426165,HRANA
KRUH PAN CERE MAESTRO BG 300 g SCHÄR,90950229,DR SCHAR,0.30 kg,ko,4.39,14.63,,,4.39,8008698007389,HRANA
ČIPS LAY'S JABUKA I KARAMELA 130 g,90970230,PEPSICO,0.13 kg,ko,0.5,3.85,,,2.29,5900259140203,HRANA
NAMAZ KIKIR MASL CRUN ACT Z 350 g,90945143,ACTIVE ZONE,0.35 kg,ko,2.99,8.54,,,2.99,3838900845653,HRANA
BOMBON HARIBO ZL MEDO KANTICA 1 kg,90970458,HARIBO,1.00 kg,ko,3,3,,,9.99,4001686805169,HRANA
PRALINE XMAS JAGODA 280 g KANDIT,90970468,KANDIT,0.28 kg,ko,1,3.57,,,4.19,3856024806381,HRANA
ČOKOLADA SPECULAAS XMAS  220 g KANDI,90970470,KANDIT,0.22 kg,ko,1,4.55,,,4.49,3856024806404,HRANA
BOŽIĆNA VREĆICA XMAS 419 g KANDIT,90970472,KANDIT,0.42 kg,ko,1,2.39,,,5.59,3856024806428,HRANA
KEKS LIMENKA SNOOPY 150 g JACOBSENS,90930149,DANISH COOKI,0.15 kg,ko,1.5,10,,,2.99,5776879021136,HRANA
PIRE VOĆ MUCH BERRY MIX 4X200 g NUTR,90939689,NUTRINO LAB,0.80 kg,ko,5.49,6.86,,,5.96,8606019656218,HRANA
PROKULICA LEDO 400 g,90955677,LEDO,0.40 kg,ko,2.99,7.48,,,2.99,3870398905945,HRANA
TOAST GRANO DORO AMERICAN 750 g,90955683,GRANO DORO,0.75 kg,ko,,1.99,1.49,1.49,2.05,3850334445407,HRANA
TOAST GRANO DORO AMERIC INTEG 750 g,90955687,GRANO DORO,0.75 kg,ko,,1.99,1.49,1.49,2.15,3850334445421,HRANA
MORTADELA BOL PIST IGP 120 g SPEC MO,90955691,SPECIAL MOMENTS,0.12 kg,ko,2.15,17.92,,,2.15,3850334446817,HRANA
SALAME FINOCCHIO 120 G SPECIAL MOM,90955695,SPECIAL MOMENTS,0.12 kg,ko,2.99,24.92,,,2.99,3850334446770,HRANA
DESERT BANANKO MINI BNG 120 g KRAŠ,90970586,BANANKO,0.12 kg,ko,1,8.33,,,1.69,3850102016372,HRANA
PRALINE CRISPY MILK 95 g WITORS,90959845,WITORS,0.10 kg,ko,0.5,5.26,,,1.99,8003535085810,HRANA
KEKS PARIS SPECULAAS XMAS 225 g KOES,90970475,PARIS,0.23 kg,ko,0.5,2.22,,,1.89,3856014107924,HRANA
KEKS SPECULAAS XMAS 200 g KOESTLIN,90970477,SPEKULAS,0.20 kg,ko,0.5,2.5,,,2.39,3856014107863,HRANA
LIGNJA EVA KOL I KRAK 400 g,90955810,EVA,0.40 kg,ko,8.99,22.48,,,8.99,3856020283971,HRANA
KOKICE SPECIAL MOMEN SLATKE MIX 90 g,90956053,SPECIAL MOMENTS,0.09 kg,ko,1,11.11,,,1.99,3850334442383,HRANA
BOMBONI TIC TAC EXOTIC ESCAPE 54 g,90950372,FERRERO,0.05 kg,ko,2.15,39.81,,,2.15,8000500451236,HRANA
TJEST RIGATONI BRONZO 500 g BARILLA,90959989,BARILLA,0.50 kg,ko,2.89,5.78,,,2.89,8076809585224,HRANA
TJEST LINGUINE BRONZO 500 g BARILLA,90959991,BARILLA,0.50 kg,ko,2.89,5.78,,,2.89,8076809585231,HRANA
DJED BOŽIĆNJAK 120 g MERCI,90974727,MERCI,0.12 kg,ko,0.5,4.17,,,3.99,4014400915198,HRANA
KOKICE WERTHERS CARAMEL 140 g,90974747,WERTHERS,0.14 kg,ko,1,7.14,,,3.99,4014400934618,HRANA
BOMBONI TIC TAC EXOTIC ESCAPE 18 g,90950376,FERRERO,0.02 kg,ko,0.79,43.89,,,0.79,80850199,HRANA
ČOKOLADA ROCHER MACADAM/HAZEL 90 g,90950385,FERRERO,0.09 kg,ko,2.89,32.11,,,2.89,8000500447833,HRANA
DESERT GIOTTO 43 g FERRERO,90950392,FERRERO,0.04 kg,ko,2.19,50.93,,,2.19,8000500319475,HRANA
BADEM JEZGRA GARDEN GOOD 500 g,90930130,GARDEN GOOD,0.50 kg,ko,5.99,11.98,,,5.99,3850334443960,HRANA
MIX MILKA 96 g + PLIŠANAC,90974772,MILKA,0.10 kg,ko,2,20.83,,,11.99,7622210857934,HRANA
ČOKO DJED BOŽIĆNJAK MILKA 45 g,90974862,MILKA,0.05 kg,ko,0.5,11.11,,,1.89,7622210587237,HRANA
ČOKOLADA ZA KUH 43% 350 g SWEET CHEF,90945278,SWEET CHEF,0.35 kg,ko,3.65,10.43,,,4.49,3850334100764,HRANA
KOBASICA JELEN S TARTUF 80 g HISTRIS,90945338,HISTRIS,0.08 kg,ko,4.99,62.38,,,4.99,3858895020231,HRANA
KOBASICA DIVLJ SVINJA S TARTUF 80 g,90945340,HISTRIS,0.08 kg,ko,4.99,62.38,,,4.99,3858895020156,HRANA
BOŽIĆNA VREĆICA RITTER SPORT 195 g,90959886,RITTER SPORT,0.20 kg,ko,1,5.13,,,5.49,4000417906809,HRANA
RAJČICA PASIR GARDEN GOOD 700 g ST,90970411,GARDEN GOOD,0.70 kg,ko,,1.84,1.29,1.69,1.69,3850334446794,HRANA
ČOKOLADA FINESSE TAMNA NARANČA 100 g,90930031,FINESSE,0.10 kg,ko,2.49,24.9,,,2.09,3850334441942,HRANA
TAPAS MIJEŠ LISTIĆ SIR 120 g SPEC MO,90960089,SPECIAL MOMENTS,1.00 ko,ko,3.49,3.49,,,3.49,3850334446220,HRANA
STALAK MERCI BLACK&WHITE 135 kom,90974659,MERCI,1.00 ko,ko,1078.65,1078.65,,,1078.65,4014400113914,HRANA
STALAK MIX MILKA 96g+ PLIŠANAC 80kom,90974775,MILKA,1.00 ko,ko,959.2,959.2,,,959.2,7622201504885,HRANA
KUPUS KISELI REZANI 500g VŽ KIS ZELJ,90955058,,0.50 kg,ko,1.09,2.18,,,1.09,3856028676966,HRANA
MIX BARCAFFE CLASSIC 2U1 14 g,90949701,BARCAFFE,0.01 kg,ko,0.29,20.71,,,0.29,3838471057516,HRANA
MIX BARCAFFE CLASSIC 3U1 10/1 180 g,90949705,BARCAFFE,0.18 kg,ko,2.79,15.5,,,2.79,3838471057431,HRANA
MJEŠ ZA FRANC SALATU O'PLANT 400 g,90960243,O PLANT,0.40 kg,ko,1.89,4.73,,,1.89,3856020279066,HRANA
BOMBON HARIBO MINIS MERRY CHRI 250 g,90970508,HARIBO,0.25 kg,ko,1,4,,,3.49,4001686805138,HRANA
DESERT KNOPPERS COCONUT BAR 40g,90673135,KNOPPERS,0.04 kg,ko,0.85,21.25,,,0.85,40144474,HRANA
ČAJ KAMILICA 22g TEEKANNE,90623520,TEEKANNE,0.02 kg,ko,1.79,81.36,,,1.59,5901086400119,HRANA
ORIGANO 12g VR NADALINA,04101277,NADALINA,0.01 kg,ko,0.99,82.5,,,0.99,3858881580251,HRANA
SLAD HAAGEN DAZS MANGO MALINA 460 ML,90360202,HAAGEN DAZS,0.46 l,ko,7.49,16.25,,,7.49,3415581165838,HRANA
PIADINA ČETVRTASTA 320g GECCHELE,90350562,GECCHELE,0.32 kg,ko,3.78,11.81,,,3.78,8015854166385,HRANA
SLAD MILKA VANIL ČOKOLAD ČAŠA 425 ml,90886498,MILKA,0.43 l,ko,7.99,18.8,,,7.99,4007993035862,HRANA
ČAJ MAJČINA DUŠICA 40G,90404282,SUBAN,0.04 kg,ko,2.65,66.25,,,2.65,3858882912389,HRANA
ZAČIN PIKANTNA PILETINA 30g VEGETA NATUR,90703018,VEGETA NATUR,0.03 kg,ko,1.19,39.67,,,1.19,3850104277221,HRANA
BOMBONI GUMENI SOUR WORMS 90 g FINI,90886069,FINI,0.09 kg,ko,1.39,15.44,,,1.39,8410525116711,HRANA
ZAČIN GRILL MARINADA BBQ 75g VEGETA,90484199,VEGETA,0.08 kg,ko,1.29,17.2,,,1.29,3850104283239,HRANA
SIRLOIN STEAK 275 g SKIN,90894963,DILMAR,0.28 kg,ko,7.79,28.33,,,6.99,3859893373213,HRANA
KUPUS KIS ČEŠNJAK PAPAR 250g,90348706,KORA,0.25 kg,ko,1.99,7.96,,,1.59,3859891493623,HRANA
CIMET MLJEVENI VR 25g NADALINA,04101285,NADALINA,0.03 kg,ko,0.99,39.6,,,0.99,3858881580305,HRANA
VEGETA SMOKED 200 g PODRAVKA,90890326,VEGETA,0.20 kg,ko,2.19,10.95,,,2.19,3856020276669,HRANA
MJEŠ SHAKE VANILLA HI PROT 40g DOLCELA,90770257,DOLCELA,0.04 kg,ko,1.39,34.75,,,1.39,3856020269647,HRANA
JUNEĆI BUT B.K. FIVAS,90795043,FIVAS,1.00 kg,kg,14.49,14.49,,,10.99,,HRANA
KRUŠKA EDEN GOLD kom,90870001,ENNA FRUIT,0.60 kg,ko,2.29,3.82,,,1.99,3856028689829,HRANA
BOMBON RICOLA ORGINAL BILJ VR 75 g,90770183,RICOLA,0.08 kg,ko,2.69,35.87,,,2.69,7610700945087,HRANA
BOSILJAK 15g BOČ KOTANYI,04100433,KOTANYI,0.02 kg,ko,2.15,143.33,,,2.15,9001414041819,HRANA
DESERT PLAZMA STIKSI ČOKOLADA 30 g,90887174,BAMBI,0.03 kg,ko,0.79,26.33,,,0.79,8600043038903,HRANA
KEKS FINESSE PUNJ KAKAO KREMA 150 g,90864727,FINESSE,0.15 kg,ko,,9,1.35,1.69,1.69,3850334105707,HRANA
BOMBONI GUMENI FORMULA X ŠUMI 200 g,90887394,ŠUMI,0.20 kg,ko,1.89,9.45,,,1.89,3838700393620,HRANA
ENJOY MIX 350 g NATURA PLUS,90895279,NATURA,0.35 kg,ko,4.99,14.26,,,4.99,3858893922506,HRANA
CMOKI OKRUGLICE OD KRUHA 1 kg ZP,90890439,ZLATO POLJE,1.00 kg,ko,6.99,6.99,,,6.99,3838700369175,HRANA
ULJE MASLIN EX DJ TRAD 0.75L ORGULA,90394786,ORGULA,0.75 l,ko,11.49,15.28,,,11.49,3859890446019,HRANA
SLAD BARATOLLINO SLAN KARAMEL 800 ml,90886252,SAMMONTANA,0.80 l,ko,5.99,7.49,,,5.99,8005840020685,HRANA
UMAK ARRABBIATA 190g SACLA,90484153,SACLA,0.19 kg,ko,3.29,17.32,,,3.29,8001060001930,HRANA
KAŠICA ORG GERBER POVR/TELET 190g,90707597,GERBER,0.19 kg,ko,2.65,13.95,,,2.65,7613039018484,HRANA
ČAJ WINT WONDER EARL GREY KUG RIN 25 g AHMAD,90830455,AHMAD,0.25 kg,ko,2,8,,,0.5,054881027489,HRANA
MUESLI LINO ZOB/ŠLJIVA 150 g,90874768,LINO,0.15 kg,ko,2.79,18.6,,,2.79,3856020277284,HRANA
MASLINE CRNE 720ML MARINA,01580196,MARINA,0.39 kg,ko,6.69,17.15,,,6.29,3859888295094,HRANA
TJEST PENNE MINI 400g ZLATO POLJE,90769971,ZLATO POLJE,0.40 kg,ko,1.99,4.98,,,1.99,3838700330069,HRANA
FIT HRENOVKE 160g VEGETARIANA,90062769,VEGETARIANA,0.16 kg,ko,3.49,21.81,,,2,3859892560089,HRANA
UMAK LJUTI ORIGINAL 100ml VRABASCO,90485523,VRABASCO,0.10 l,ko,5.49,54.9,,,5.49,3858893750192,HRANA
MAHUNARKE ŽITARICE MIX VEDRI 500 g,90850498,VEDRINI,0.50 kg,ko,1.89,3.78,,,1.99,3859890630371,HRANA
UMAK  BUFFALO WINGS 148ml FRANK’S,90364157,FRANK'S REDHOT,0.15 l,ko,4.29,28.99,,,4.29,0041500888200,HRANA
MED CVJETNI 450g ŽUPANJA,90412086,KUĆA MEDA,0.45 kg,ko,9.59,21.31,,,8.69,3859893780042,HRANA
MASLINE ZELENE 370g MARINA,01580646,MARINA,0.20 kg,ko,4.99,24.95,,,5.29,3859888295278,HRANA
HIPP VOĆ PL BAN/JAB/ZOB 23g,90290056,HIPP,0.02 kg,ko,1.15,50,,,1.15,4062300446052,HRANA
ŠTAPIĆI PRIMA KIKIRIKI 40 g,90894828,SOKO ŠTARK,0.04 kg,ko,0.55,13.75,,,0.49,8600939212844,HRANA
SLAD HAAGEN DAZS MACARON ČOKO 420ml,90764927,HAAGEN DAZS,0.36 l,ko,7.49,20.6,,,7.49,3415583000830,HRANA
PAŠTETA JETRENA 50g  GAVRILOVIĆ,02164106,GAVRILOVIĆ,0.05 kg,ko,1.09,21.8,,,1.09,3858881220072,HRANA
TOAST K PLUS S MASLACEM 500g,90290976,K PLUS,0.50 kg,ko,1.75,3.5,,,1.75,3850334610836,HRANA
ŠUNKA WEIN SCHWARZWALD cca 2.5kg,90673822,WEIN,1.00 kg,kg,,12.49,12.49,15.93,15.93,,HRANA
SIR POLUTVRDI TRAPIST K PLUS,90052146,K PLUS,1.00 kg,kg,12.99,12.99,,,12.99,3858888594503,HRANA
MIJEŠ MLJEV MESO 850g MA PIK VRBOVEC,02404336,PIK VRBOVEC,0.85 kg,ko,7.25,8.53,,,3.84,3850139435917,HRANA
SV POLOVICA KLASIČNA E KL ,02401020,PIK VRBOVEC,1.00 kg,kg,,2.39,2.39,2.49,4.29,3850139430042,HRANA
BRUSNICA GARDEN GOOD SUHA 180g,90363722,GARDEN GOOD,0.18 kg,ko,2.19,12.17,,,1.99,3838900956984,HRANA
SV SLABINA I LEĐA BK ODR 560g PIK,90032093,PIK VRBOVEC,0.56 kg,ko,,7.12,3.99,3.99,2.79,3850139431681,HRANA
ULJE MASLINOVO EX DJEV 1L K PLUS,90077664,K PLUS,1.00 l,ko,,5.99,5.99,8.99,9.99,3850334441881,HRANA
PRIPRAVAK ZA ŠLAG SWEET CHEF 500g,90734702,SWEET CHEF,0.50 kg,ko,,2.98,1.49,1.99,1.72,3850334010728,HRANA
SIR POLUTV GOUDA 48% 400g DUKAT,02055421,PRESIDENT,0.40 kg,ko,5.39,13.48,,,5.19,3850355007325,HRANA
BOROVNICA 125 grama,01410089,,0.13 kg,ko,1.49,11.92,,,1.69,8013912500065,HRANA
JANJEĆI TRUP S GLAVOM UVOZ,02470111,PIK VRBOVEC,1.00 kg,kg,13.49,13.49,,,7.69,3850139510171,HRANA
PROTEIN NAP COOKIES&CREAM 250 ml ZOT,90880090,ZOTT,1.00 ko,ko,1.39,1.39,,,1.39,4014500520780,HRANA
SIR FETA 200 g DELISO,90895229,DELISO,0.20 kg,ko,2.99,14.95,,,2.99,3850334433725,HRANA
ČIPS HRUSTY STICKS SLANI 100 g,90887126,HRUSTY,0.10 kg,ko,,7.9,0.79,0.99,0.99,3838900820636,HRANA
BOMBON MAMBA FRUIT SURFER 140 g,90889834,MAMBA,0.14 kg,ko,1.79,12.79,,,1.79,4014400933420,HRANA
LIZALICA CHUPA CHUPS MEL COLA 15 g,90814826,CHUPA CHUPS,0.02 kg,ko,0.59,39.33,,,0.59,6921211119807,HRANA
ĆEVAPČIĆI 810 g K PLUS,90890231,K PLUS,0.81 kg,ko,,4.8,3.89,6.15,6.09,3850139286342,HRANA
PAŠTETA JETRENA 4X100 g MAXX GAVRIL,90900062,GAVRILOVIĆ,0.40 kg,ko,3.79,9.48,,,3.79,,HRANA
FLIPS TIP TOP CHICKEN 45 g,90886930,TIP TOP,0.05 kg,ko,1.09,24.22,,,1.09,3856021307546,HRANA
LASAGNE BOLOGNESE 1kg COME A CASA,90597798,COME A CASA,1.00 kg,ko,5.39,5.39,,,5.39,5900741600284,HRANA
KOMPOT BRESKVA POL 820/480 g EXCELS,90886691,EXCELSIOR,0.48 kg,ko,2.99,6.23,,,2.99,9001397506107,HRANA
ZAČIN CHINA ASIA 38g WOK VR KOTANYI,01490395,KOTANYI,0.04 kg,ko,1.69,44.47,,,1.69,9001414418109,HRANA
BOMBON MENTOS PEPPERMINT 21g,90809898,MENTOS,0.02 kg,ko,1.3,61.9,,,1.3,80880042,HRANA
PURETINA BOŽIĆNA RASJEK SVJ VINDIJA,02451440,VINDON,1.00 kg,kg,8.99,8.99,,,8.99,3850339408032,HRANA
PAKET ZIGANTE TARTUFI,90114057,ZIGANTE,1.00 ko,ko,17.99,17.99,,,17.99,3859892799175,HRANA
TJESTENINA FUSILLI TRICOLORI 500g PUKANIĆ,90486467,MLIN PUKANIĆ,0.50 kg,ko,2.25,4.5,,,2.25,3859892888503,HRANA
SMIRKO ČAJ 60g PIRAMID PAMPA-TEA,90669497,PAMPA TEA,0.06 kg,ko,10.39,173.17,,,10.39,3859891239344,HRANA
SLAD KIT KAT KORNET 110ml,90408669,KIT KAT,0.11 l,ko,2.99,27.18,,,1.58,5900130031460,HRANA
VOĆNI NAMAZ OD ŠUM. VOĆA 300gr BOKUN,90403914,BOKUN,0.30 kg,ko,4.69,15.63,,,4.19,3859891224081,HRANA
UMAK NORMA 260g AGROMONTE,90814803,AGROMONTE,0.26 kg,ko,3.99,15.35,,,3.99,8032817245871,HRANA
BOMBONI KARAMELE FRUTIGUTI 400g,04190349,PECCINI,0.40 kg,ko,3.09,7.73,,,3.09,7896306605208,HRANA
SIR MEKI APETINA KOCKICE 200 g/410 g,90850722,ARLA,0.20 kg,ko,3.99,19.95,,,3.99,5711953182648,HRANA
SNACK VOĆ JAB/BAN/MAN/ANA 180g NUTRINO,90825346,NUTRINO,0.18 kg,ko,1.89,10.5,,,1.89,8606019651619,HRANA
TIJESTO SPAGHETTI 400 g KOLEDA,90889953,KOLEDA,0.40 kg,ko,1.85,4.63,,,1.85,3859888433618,HRANA
BOMBONI GUMENI SOUR LITTLE MIX 90 g,90886062,FINI,0.09 kg,ko,1.39,15.44,,,1.39,8410525160554,HRANA
MRKVA GRANULE 70g SOTINAC,90751067,OPG SOTINAC,0.07 kg,ko,1.29,18.43,,,1.29,3859893718373,HRANA
JAPANSKA JABUKA KAKI KOM,90049476,,0.13 kg,ko,0.89,7.12,,,0.69,3850334330291,HRANA
BOMBONI PARTY MIX 150g VIDAL,90732124,VIDAL,0.15 kg,ko,2.99,19.93,,,2.99,8413178193566,HRANA
KORA ZA BAKLAVU 500g ANA,90597766,ANA,0.50 kg,ko,2.19,4.38,,,2.19,3859890841029,HRANA
DRINK MILK SLAM ČOKOL 30g,90678469,QUICK MILK,0.03 kg,ko,0.85,28.33,,,0.85,5996071650648,HRANA
ČAJ S KONOPLJOM 25g BIO CANNONA,90408559,CANNONA,0.03 kg,ko,4.64,185.6,,,4.64,3859893683060,HRANA
TOLSTOLOBIK ODR PAK KONZUM,90032935,,1.00 kg,kg,3.45,3.45,,,3.45,,HRANA
SENF ESTRAGON ST 350g PODRAVKA,01530155,PODRAVKA,0.35 kg,ko,,5.11,1.79,2.49,2.49,3850104023484,HRANA
KOBASICA DOMAĆA DIMLJENA RFZ MM,90077570,MM,1.00 kg,kg,12.99,12.99,,,12.99,3859893378805,HRANA
SLAD LEDO M4 KONTIKI 280ml,90406704,LEDO,0.28 l,ko,4.59,16.41,,,3.99,3850116066394,HRANA
POMMES FRITES 1000g LEDO,02360042,LEDO,1.00 kg,ko,3.99,3.99,,,3.99,3850116677477,HRANA
JUN BUT BK MARTINJAK MHF,90308779,,1.00 kg,kg,15.59,15.59,,,13.89,3859893702464,HRANA
INSTANT NESCAFE CL LIM 200g+20g GRATIS,90697803,NESCAFE,0.20 kg,ko,10.99,54.95,,,9.99,7891000365779,HRANA
PAPRIKA MIX,01400092,,0.50 kg,ko,2.69,5.38,,,2.49,3859892029500,HRANA
TIJESTO SPAGHETT 5 500g BARILLA,04050075,BARILLA,0.50 kg,ko,,1.9,0.95,1.09,1.09,8076800195057,HRANA
SIR MEKI MOZZARELLA 125g GALBANI DUK,02398962,GALBANI,0.13 kg,ko,2.49,19.92,,,2.19,8000430133035,HRANA
PUDING ŠLAG ČOK 175g FINESSE,90713932,FINESSE,0.18 kg,ko,,1.66,0.29,0.29,0.39,3850334043344,HRANA
DŽEM MARELICA 670g PODRAVKA,90573080,PODRAVKA,0.67 kg,ko,3.99,5.96,,,3.99,3856020252502,HRANA
JAJA BIO 6/1 VITA-E,90713114,OPG CVETIĆ,6.00 ko,ko,2.99,0.5,,,2.99,3857500131508,HRANA
MATOVILAC 125 grama,90290468,KONZUM,0.13 kg,ko,1.29,10.32,,,1.39,3858890542462,HRANA
NJOKI MINUTE 1000g,90725830,MINUTE,1.00 kg,ko,,1.79,1.79,2.39,2.39,3850334044839,HRANA
SV BUT SK U KOŽI NEOBRAĐEN ,02404212,PIK VRBOVEC,1.00 kg,kg,,3.09,3.09,3.19,4.75,3850139523003,HRANA
SIR POLUTV K PLUS GAUDA 45%MM,02055431,K PLUS,1.00 kg,kg,6.49,6.49,,,6.49,3850334137050,HRANA
MIJEŠ MLJEV MESO 540g (MA),90276063,PIK VRBOVEC,0.54 kg,ko,5.59,10.35,,,5.19,3850139540635,HRANA
BRAŠNO GLATKO T-550 5kg MLINETA,04030001,MLINETA,5.00 kg,ko,3.58,0.72,,,3.58,3859888419070,HRANA
PAN RIBLJI ŠTAPIĆI 300g LEDO,02190287,LEDO,0.30 kg,ko,2.99,9.97,,,2.99,3850116066486,HRANA
BOMBONJERA BAJADERA 87g KRAŠ,90568810,BAJADERA,0.09 kg,ko,4.39,50.46,,,4.39,3850102521883,HRANA
DESERT ROCHER 200g T16,04221393,FERRERO,0.20 kg,ko,7.19,35.95,,,6.49,8000500003787,HRANA
GRAŠAK 400g LEDO,90668440,LEDO,0.40 kg,ko,1.99,4.98,,,1.19,3850116053165,HRANA
SIR TOP TROK ČARDAŠ 140g ZDENKA,02103200,ZDENKA,0.14 kg,ko,2.25,16.07,,,2.25,3858888590109,HRANA
SIR POLUTV DIMSI 400g DUKAT,02055422,PRESIDENT,0.40 kg,ko,5.39,13.48,,,5.19,3850355007288,HRANA
HRENOVKE PIL BEZ OV 100g CEKIN VIND,02048156,CEKIN,0.10 kg,ko,0.85,8.5,,,0.85,3850159120015,HRANA
KEKS DOMAĆICA ORIGINAL 300g,04151246,DOMAĆICA,0.30 kg,ko,,8.3,2.49,3.49,3.19,3850102314126,HRANA
RAFFAELLO T23X8 230g FERRERO,04217535,FERRERO,0.23 kg,ko,6.39,27.78,,,5.99,4008400183022,HRANA
MRKVA,01401501,,1.00 kg,kg,,0.49,0.49,0.55,0.79,3850334173126,HRANA
SV VRAT BK ODR 560g PIK,90385917,PIK VRBOVEC,0.56 kg,ko,4.99,8.91,,,4.39,3850139445770,HRANA
KEKS CHOCO MINIS 150g MILKA,90060897,MILKA,0.15 kg,ko,2.25,15,,,2.25,7622300441715,HRANA
BOMBONJERA BAJADERA 300g KRAŠ,04220967,BAJADERA,0.30 kg,ko,11.49,38.3,,,10.79,3850102230051,HRANA
KAVA GLORIA MLJEVENA 250g VR FRANCK,04070352,GLORIA,0.25 kg,ko,5.09,20.36,,,5.09,3858881084872,HRANA
KRUH FIT 420g PAK MLINAR,90714325,MLINAR,0.42 kg,ko,2.29,5.45,,,1.79,3856028400967,HRANA
KIWI,01410105,,1.00 kg,kg,,2.15,2.15,2.99,2.99,3850334173522,HRANA
SLAD LEDO M6 BOX KORNET 660ML,90363675,LEDO,0.66 l,ko,4.99,7.56,,,3.99,3850116008622,HRANA
LIGNJA PATAGONICA OČIŠĆ OCEAN 400g,90518609,OCEAN,0.40 kg,ko,3.59,8.98,,,5.49,3850334396273,HRANA
MORTADELA K PLUS VAC,02036476,K PLUS,1.00 kg,kg,,6.49,6.49,7.99,7.99,3850139285468,HRANA
JADRANSKA KOZICA OČIŠĆENA 250g,90356833,ADRIA MARE,0.25 kg,ko,,23.96,5.99,6.69,6.69,3856023602366,HRANA
KAVA MLJ CLASSIC BARCAFFE 500g,90097740,BARCAFFE,0.50 kg,ko,10.99,21.98,,,9.89,3838471021272,HRANA
SLAD LEDO M6 SILK MILK 390ml,90598929,LEDO,0.39 l,ko,5.99,15.36,,,5.99,3850116048543,HRANA
MANGO KOM,01410076,,0.25 kg,ko,1.19,4.76,,,1.29,3850334181947,HRANA
BUĐOLA DALMATINSKA 1/2 VP PIVAC,90598411,PIVAC,1.00 kg,kg,,16.99,16.99,16.49,24.99,3858881618039,HRANA
PRŠUT NAREZAK 200g PIVAC,90364988,PIVAC,0.20 kg,ko,6.19,30.95,,,5.79,3858884994765,HRANA
KRASTAVAC K PLUS I KL 350g,01522203,K PLUS,0.35 kg,ko,,5.69,1.99,2.15,1.95,3850334117953,HRANA
GROŽĐE CRVENO,01410725,,1.00 kg,kg,4.29,4.29,,,3.99,3850334173584,HRANA
WINTERA K PLUS 650g MA,02024514,K PLUS,0.65 kg,ko,9.15,14.08,,,9.15,3850139030389,HRANA
ŠTAPIĆI K PLUS HRUSTY SLANI 220g,90090560,HRUSTY,0.22 kg,ko,,2.95,0.65,0.79,0.79,3858884500140,HRANA
PAŠTETA KOKOŠJA ARGETA 95g,90047247,ARGETA,0.10 kg,ko,1.49,15.68,,,1.39,3838975567009,HRANA
RIŽA DUGO ZRNO 1kg,04060845,SLOVA,1.00 kg,ko,1.59,1.59,,,1.59,3850334001030,HRANA
JUN REBRA MARTINJAK MHF,90308782,,1.00 kg,kg,9.89,9.89,,,8.99,3859893702457,HRANA
JOGURT K PLUS PROACTIVE NATUR 150g,02324214,K PLUS,0.15 kg,ko,,1.93,0.29,0.36,0.36,3850334078636,HRANA
KRUH CHIA 400g PAK MLINAR,90485261,MLINAR,0.40 kg,ko,2.09,5.23,,,1.79,3858889894039,HRANA
FLIPS TIP TOP CUBICS 50g,04151533,TIP TOP,0.05 kg,ko,1.09,21.8,,,1.09,3856021303685,HRANA
ČOKOL KINDER T 8 100g,04210063,FERRERO,0.10 kg,ko,1.89,18.9,,,1.79,80177616,HRANA
BRAŠNO GLATKO T-550 1kg ČAKOVEČKI,04034294,ČAK MLINOVI,1.00 kg,ko,0.8,0.8,,,0.8,3858884172569,HRANA
SIR KUHANI CHILLI cca 300 g VERONIKA,90824899,VERONIKA,1.00 kg,kg,13.29,13.29,,,13.29,,HRANA
BOMBONI GUM YUMMI GUMMI DONUTS 70g,90729979,ROSHEN,0.07 kg,ko,0.89,12.71,,,0.89,4823077636370,HRANA
KAŠICA FRUTEK ŠPINAT PURETINA 190g,90320527,FRUTEK,0.19 kg,ko,1.99,10.47,,,1.99,3838945030687,HRANA
JUHA MINESTRONE 55 g MAGGI,90890348,MAGGI,0.06 kg,ko,1.39,25.27,,,1.39,8445291602205,HRANA
KREKER HRUSTY PARTY PVC 350 g,90886925,HRUSTY,0.35 kg,ko,,4.26,1.49,1.89,1.89,3838900844533,HRANA
WOK 84g KOTANYI,04102086,KOTANYI,0.08 kg,ko,3.25,38.69,,,3.25,9001414541494,HRANA
PASTRVA SVJ PAK 640g,90408066,KONZUM,0.64 kg,ko,2.59,4.05,,,2.59,,HRANA
TACO STAND N STUFF 193g OLD EL PASO,90819736,OLD EL PASO,0.19 kg,ko,3.49,18.08,,,3.49,8410076472175,HRANA
JELI PILEĆI PARIZER 800 g SR,90890083,JELI,0.80 kg,ko,3.55,4.44,,,3.55,3858881228320,HRANA
PUDING VANILIJA HI PROTEIN 35g DOLCELA ,90571098,DOLCELA,0.04 kg,ko,0.99,28.29,,,0.99,3856020249199,HRANA
DAGNJE 300 g ŽUVELA,90890613,ŽUVELA,0.30 kg,ko,2.99,9.97,,,2.99,3856023604926,HRANA
SIRNI NAMAZ S TARTUF PAŠKA SIRANA 200g,90432991,PAŠKA SIRANA,0.20 kg,ko,2.29,11.45,,,2.19,3859892884826,HRANA
BOMBONI LIMUN NANA 100 g PIONIR,90770523,PIONIR,0.10 kg,ko,0.95,9.5,,,0.95,8602300231034,HRANA
KINDER MINI FRIENDS CRUNCHY 122g,90734749,FERRERO,0.12 kg,ko,2,16.39,,,1.5,8000500409558,HRANA
ČOKOLADNO PISMO 75g DR OETKER,90185554,DR OETKER,0.08 kg,ko,3.89,51.87,,,3.89,4000521025458,HRANA
UMAK ARRABBIATA 260g AGROMONTE,90814789,AGROMONTE,0.26 kg,ko,3.99,15.35,,,3.99,8032817245918,HRANA
SNACK SPICY HUMMUS 130 g RIBELLA,90730842,RIBELLA,0.13 kg,ko,1.99,15.3,,,1.99,8606011896643,HRANA
DEKOR PERLE SREBRNE 10g DR OETKER,90073942,DR OETKER,0.01 kg,ko,0.69,69,,,0.69,5907707057373,HRANA
TUBA NAT GERBER JAB BOR BAN 90 g,90759690,GERBER,0.09 kg,ko,1.39,15.44,,,1.39,8445290308238,HRANA
ŠEĆER SMEĐI GOLD 1kg BILLINGTON,04120020,BILLINGTON,1.00 kg,ko,4.49,4.49,,,4.49,5010651001559,HRANA
ZAČIN BILJE ZA SALATU 16g VREĆ KOTAN,04100208,KOTANYI,0.02 kg,ko,1.15,71.88,,,1.15,9001414016022,HRANA
SOL CVIJET SOLI SPECIAL MOMENTS 85g,90829786,SPECIAL MOMENTS,0.09 kg,ko,2.5,29.41,,,4.49,3850334430397,HRANA
TUBA NUTRINO JAB/BAN/KEKS 180 g,90874853,NUTRINO,0.18 kg,ko,1.69,9.39,,,1.69,8606019651626,HRANA
ČOKOLAD TAMNA 70% NARANČA 100 gVALO,90880112,VALOR,0.10 kg,ko,2.99,29.9,,,2.99,8410109050523,HRANA
ZASLAĐIVAČ U TABL.1200 kom GALILEO,90403211,GALILEO,0.07 kg,ko,2.99,41.53,,,2.99,3859890364160,HRANA
SIR TVRDI RIB PAŠKI 40g PAŠKA,02055625,PAŠKA SIRANA,0.04 kg,ko,0.99,24.75,,,0.93,3859889426138,HRANA
MUESLI GRANOLA RISE&SMILE NUTS 300 g,90775606,RISE&SMILE,0.30 kg,ko,,5.3,1.59,1.89,1.89,3850334109477,HRANA
PAŠTETA PILEĆA  K PLUS 95G LO,90153835,K PLUS,0.10 kg,ko,0.85,8.95,,,0.85,3850334524508,HRANA
KAVA JUBIL MLJEV VAC ZA FILT AP 250g,04070003,JUBILARNA,0.25 kg,ko,7.89,31.56,,,7.89,3858881080270,HRANA
BOMBONJERA MERCI HERBE 250g,04430980,MERCI,0.25 kg,ko,7.99,31.96,,,7.99,4014400901412,HRANA
PUREĆI BATAK PODLOŽAK VINDIJA,02450381,VINDON,1.00 kg,kg,4.79,4.79,,,4.79,3850339404003,HRANA
INSTANT NESCAFE GOLD VR 75g,04070428,NESCAFE,0.08 kg,ko,5.69,75.87,,,5.29,5998710981533,HRANA
PROTEIN 1ST WHEY 908g CHOCOLATE,90346310,POLLEO,0.91 kg,ko,34.99,38.54,,,34.99,3858892293362,HRANA
BOMBONIJERA MERCI WINTER 250g,90674283,MERCI,0.25 kg,ko,3,12,,,3,4014400933239,HRANA
LISNATI ŠTAPIĆI 125G GECCHELE,90158092,GECCHELE,0.13 kg,ko,1.59,12.72,,,1.59,8015854121025,HRANA
SIR TOPLJ LIST GOUDA DELISO 200g,90750912,DELISO,0.20 kg,ko,1.85,9.25,,,1.85,3850334082602,HRANA
OCAT VINSKI CRNO VINO 1L ZVIJEZDA,03120100,ZVIJEZDA,1.00 l,ko,1.79,1.79,,,1.79,3858882211154,HRANA
JOGURT PROT SKYR BOURB VAN 200g VIND,90408493,Z BREGOV,0.20 kg,ko,1.29,6.45,,,1.29,3850108032635,HRANA
MLIJEKO ACIDOFILNO 3.2% 1000G VINDIJA,90513991,Z BREGOV,1.00 kg,ko,2.59,2.59,,,2.55,3850108037296,HRANA
ORADA L SVJ PAK KONZUM,02199534,,1.00 kg,kg,11.59,11.59,,,10.79,,HRANA
KRUH ZLATNA KORA 600g KLARA,04015840,KLARA,0.60 kg,ko,2.29,3.82,,,2.05,3858881322370,HRANA
PAPAR CRNI MLJEVENI VREĆICA VEGETA MAESTRO 20 g,90282175,VEGETA MAESTRO,0.02 kg,ko,1.49,74.5,,,1.49,3850104294426,HRANA
GRAH GARDEN GOOD ZELENČEK 500g,90514149,GARDEN GOOD,0.50 kg,ko,2.39,4.78,,,1.69,3838900987889,HRANA
RIBIZL 125 grama,01410091,,0.13 kg,ko,2.49,19.92,,,3.99,3859889497558,HRANA
PROTEIN BAR CHOCO JAFFA 60g,90373151,POLLEO,0.06 kg,ko,1.99,33.17,,,1.99,3856026813646,HRANA
PRALINE THANK YOU MILKA MLIJEKO 110g,90377735,MILKA,0.11 kg,ko,4.99,45.36,,,4.99,7622210598714,HRANA
PIZZA 4 VRSTE SIRA 330g MINUTE,90669695,MINUTE,0.33 kg,ko,,5.42,1.79,1.79,2.29,3850334035929,HRANA
MAJONEZA THOMY 611g + 150g GR,90448038,THOMY,0.76 kg,ko,3.49,4.59,,,3.65,3858890178692,HRANA
SLAD LEDO KESTEN 60 ml,90824992,LEDO,0.06 l,ko,1.39,23.17,,,1.4,3850116064413,HRANA
ČOKOL KINDER MINI  120g,90219624,FERRERO,0.12 kg,ko,3.49,29.08,,,3.19,8000500256213,HRANA
KULEN 300g PODRAVKA,02024511,PODRAVKA,0.30 kg,ko,6.99,23.3,,,6.99,3858886466383,HRANA
NAMAZ POVRTNI SLANUTAK 95g ARGETA,90675212,ARGETA,0.10 kg,ko,1.89,19.89,,,1.89,8606018021826,HRANA
TORTELLINI DALMAT PRŠUT 250g KLASJE,02373691,AURELIA,0.25 kg,ko,2.89,11.56,,,2.89,3859890561071,HRANA
SIR POLUTVRDI TILZIT 150g DUKAT,90573853,PRESIDENT,0.15 kg,ko,3.19,21.27,,,3.19,3850355007141,HRANA
NAPITAK PROTEIN KEKS UHT 0.5L VINDIJA,90404984,Z BREGOV,0.50 l,ko,2.49,4.98,,,2.49,3850108023671,HRANA
TIJESTO PUŽIĆI SREDNJI 400g MARODI,04057538,MARODI,0.40 kg,ko,1.89,4.73,,,1.89,3859888666061,HRANA
CROISSANT 7DAYS SUPER MAX KAKAO 110g,90401431,CHIPITA,0.11 kg,ko,1.3,11.82,,,1.3,7622201388362,HRANA
GORSKI SIR ZAČINSKO BILJE 340g CASEUS,90404025,OPG CASEUS,0.34 kg,ko,6.49,19.09,,,5.79,3857500021298,HRANA
KAŠ INST ČOKOLEŠNIK 950g,90707633,ČOKOLEŠNIK,0.95 kg,ko,7.99,8.41,,,7.99,3856020262204,HRANA
JOGURT FORTIA NATUR 330g VINDIJA,90382177,FORTIA,0.33 kg,ko,1.39,4.21,,,1.39,3850108036640,HRANA
BOMB SKITTLES FRUITS BOČICA 125G,90279424,WRIGLEY,0.13 kg,ko,2.99,23.92,,,2.99,4009900500166,HRANA
TORTELLINI SA RIKOTOM I ŠPIN 250G RANA,90202038,RANA,0.25 kg,ko,2.99,11.96,,,2.99,8001665713177,HRANA
KAKAO LUMPI VREĆICA 350g,90739658,LUMPI,0.35 kg,ko,2.19,6.26,,,2.19,3850334072450,HRANA
ČOK JAJE KINDER MAXI SEZONA 100g,90428010,FERRERO,0.10 kg,ko,2,20,,,2,4008400230726,HRANA
JUN BUT BK FRIKANDO VAC,90148441,PIK VRBOVEC,1.00 kg,kg,16.49,16.49,,,10.69,3850139284690,HRANA
POSEBNA PILEĆA EXTRA 1200g  XXL,90712712,PP,1.20 kg,ko,2.65,2.21,,,2.65,3850220408134,HRANA
CROISSANT KAKAO 6/1 300g BAULI,04029201,BAULI,0.30 kg,ko,3.79,12.63,,,3.29,8001720645825,HRANA
SLAD TORTERIE NUTELLISSIMO 500ml,90599597,TORTERIE MACARON,0.50 l,ko,6.99,13.98,,,7.89,3859893855306,HRANA
BAKE ROLLS PIZZA 80g,04141302,CHIPITA,0.07 kg,ko,0.82,11.71,,,0.82,7622202016196,HRANA
UMAK BOLOGNESE 410g PODRAVKA,01490571,PODRAVKA,0.41 kg,ko,4.29,10.46,,,3.99,3850104224850,HRANA
BOMBON MR TWISTER VOĆNI TVRDI 250g,90745545,MR TWISTER,0.25 kg,ko,1.49,5.96,,,1.49,3850334045713,HRANA
TIJESTO REZANCI ŠIR JAJ MRK 400g KOL,04051254,KOLEDA,0.40 kg,ko,2.25,5.63,,,2.25,3859888433144,HRANA
MUESLI CRUNCH RISE&SMILE VOĆE 350g,90726171,RISE&SMILE,0.35 kg,ko,,5,1.75,2.19,2.19,3850334045423,HRANA
CAPPUCCINO NESCAFE CLASSIC 8/1 108 g,90869933,NESCAFE,0.11 kg,ko,,27.69,2.99,3.99,2.99,8445291531581,HRANA
VIVIS SVJEŽI KREM SIR VLASAC 100g,90299403,VIVIS,0.10 kg,ko,1.29,12.9,,,1.29,3850108058932,HRANA
BRAŠNO KUKURUZNO 1kg PODRAVKA,04030204,PODRAVKA,1.00 kg,ko,1.49,1.49,,,1.49,3850104052552,HRANA
NJOKI KRUMPIROVI 500g NICHI,90409661,NICHI,0.50 kg,ko,2.69,5.38,,,2.69,3859890997016,HRANA
MAJONEZA PRŽENI LUK 85g ZVIJEZDA,90432847,ZVIJEZDA,0.09 kg,ko,,10.47,0.89,0.89,0.85,3856015322180,HRANA
JUHA KREM OD BROKULE 57g PODRAVKA,90160138,PODRAVKA,0.06 kg,ko,1.39,24.39,,,1.39,3850104274589,HRANA
SV PRSNI VRŠCI  ,02402402,PIK VRBOVEC,1.00 kg,kg,,2.79,2.79,3.65,3.95,3850139280128,HRANA
KNEDLE SA ŠLJIVAMA MINUTE 1000g,90425459,MINUTE,1.00 kg,ko,2.49,2.49,,,2.39,3850334234124,HRANA
ČOKOL DORINA NOISETTE 80g,04211564,DORINA,0.08 kg,ko,1.89,23.63,,,1.89,3850102125173,HRANA
PERECI SLANI 250g ZLATNO ZRNO,04025444,ZLATNO ZRNO,0.25 kg,ko,2.59,10.36,,,2.59,3859889360746,HRANA
JOGURT S ČOK DUKATINO GRIC 122g,90039965,DUKATINO,0.12 kg,ko,,9.75,1.19,1.39,1.29,3850354003694,HRANA
MORTADELA BOLOGNA STELLA cca 3kg,90770366,NEGRONI,1.00 kg,kg,12.39,12.39,,,11.99,,HRANA
ČAJ ŠIPAK K 120g MAXI FRANCK,04091136,FRANCK,0.12 kg,ko,3.29,27.42,,,2.99,3858881086081,HRANA
ČOKOLADA ZA KUHANJE 52% 200G SWEET CHEF,90412418,SWEET CHEF,0.20 kg,ko,3.49,17.45,,,3.49,3850334044129,HRANA
KOMPOT GARDEN GOOD BRESKVA 480g/825g,90673220,GARDEN GOOD,0.48 kg,ko,1.99,4.15,,,2.29,3838900825143,HRANA
SIR K PLUS POLUTV TILZIT 300G,90219558,K PLUS,0.30 kg,ko,3.58,11.93,,,3.58,3850334571052,HRANA
KEKS MILKA SENS CHOCO INSIDE 156G,90251779,MILKA,0.16 kg,ko,3.39,21.73,,,3.39,7622202265914,HRANA
SLAD KING OBSESSION 450 ml,90764876,KING,0.45 l,ko,7.99,17.76,,,6.99,3850116064475,HRANA
NAPOLITANKA VOĆNE KOCKE 370g,90089094,KOESTLIN,0.37 kg,ko,3.09,8.35,,,2.79,3856014114595,HRANA
KRUH RAŽENA RUSTIKA 500g NAR PAK KLARA,90632842,KLARA,0.50 kg,ko,0.85,1.7,,,2.09,3856016906563,HRANA
PAŠTETA ČAJNA 95g PODRAVKA,90087641,PODRAVKA,0.10 kg,ko,1.29,13.58,,,1.29,3858886469209,HRANA
ŽV GUMA ORBIT PEPERMINT 14g,04201410,WRIGLEY,0.01 kg,ko,0.99,70.71,,,0.99,50173204,HRANA
PILEĆI MINI FILE  400g AIA,90410127,AIA,0.40 kg,ko,4.78,11.95,,,4.78,8008110260705,HRANA
UMAK HREN 260g STAKLO ZVIJEZDA,90713489,ZVIJEZDA,0.26 kg,ko,2.49,9.58,,,2.15,3856015328410,HRANA
ŽV GUMA ORBIT PEPERMINT BOČ 64 g,90770788,WRIGLEY,0.06 kg,ko,3.69,57.66,,,3.69,4009900550215,HRANA
PAŠTETA ČAJNA 100g ASSCOMMERCE,90058331,ASCOMMERCE,0.10 kg,ko,0.69,6.9,,,0.69,3858881333864,HRANA
PAŠTETA ČAJNA 100g U OVITKU SLJEME,02048492,SLJEME,0.10 kg,ko,0.99,9.9,,,0.99,3850139230109,HRANA
ZAGREBAČKI ODREZAK 400G LEDO,90157439,LEDO,0.40 kg,ko,8.99,22.48,,,7.49,3850116102917,HRANA
LISTIĆI K PL OD SIRA I BILJ MAS 150g,02102786,K PLUS,0.15 kg,ko,0.99,6.6,,,0.99,3850334005205,HRANA
JELO U ČAŠI TERIYAKI PILETINA 96g AJINOMOTO,90483192,AJINOMOTO,0.10 kg,ko,1.89,19.69,,,1.89,5901384503642,HRANA
SIR NAM ABC ŠUNKA 100g BELJE,02390928,ABC,0.10 kg,ko,1.35,13.5,,,1.15,3856015324207,HRANA
PAŠTETA ČAJNA 4X100g GAVRILOVIĆ,90668864,GAVRILOVIĆ,0.40 kg,ko,4.99,12.48,,,4.99,3858892726136,HRANA
MIJEŠANO MLJEVENO MESO 750 g  K PLUS,90890228,K PLUS,0.75 kg,ko,,5.59,4.19,5.49,5.29,3850139280371,HRANA
ŽV GUMA ORBIT REFRESH TROPICAL BOČ 67g,90713428,WRIGLEY,0.07 kg,ko,4.2,62.69,,,4.2,4009900540551,HRANA
PUDING PREMIUM ČOK/VAN 500 g FINESSE,90809843,FINESSE,0.50 kg,ko,,3.38,1.69,1.99,1.99,3838900836798,HRANA
DŽEM MIJEŠANO VOĆE 690g PODRAVKA,90570512,PODRAVKA,0.69 kg,ko,2.9,4.2,,,2.9,3856020252304,HRANA
RIŽA ORIGINARIO 1kg SCOTTI,04060055,RISO SCOTTI,1.00 kg,ko,3.99,3.99,,,3.98,8001860100017,HRANA
ROTKVICA 300 grama ,90745531,,0.30 kg,ko,0.99,3.3,,,0.99,3858885878477,HRANA
VRHNJE ZA KUHANJE 0.5 VINDIJA,02331013,Z BREGOV,0.50 l,ko,3.39,6.78,,,3.29,3850108033571,HRANA
CAPP FR KOKOS BIJE ČOK KUT 148g,90281767,FRANCK,0.15 kg,ko,,22.23,3.29,3.89,3.89,3858881088351,HRANA
KESTEN BLOK 250g LEDO,02351424,LEDO,0.14 kg,ko,3.99,28.5,,,3.49,3850116888132,HRANA
VAFL FRONDI VANILIJA 250g KRAŠ,90702869,FRONDI,0.25 kg,ko,,7.96,1.99,1.99,2.59,3850102002269,HRANA
VAFL NAPOLITANKA 327g KRAŠ,90692773,KRAŠ,0.33 kg,ko,2.85,8.72,,,2.85,3850102523443,HRANA
ŽV GUMA ORBIT BUBBLEMINT 14g,90069669,WRIGLEY,0.01 kg,ko,0.99,70.71,,,0.99,42247371,HRANA
VAFL NAPOLITANKA ČOK PRELJ KOKOS 500 g KRAŠ,90775776,KRAŠ,0.50 kg,ko,,9.98,4.99,4.99,6.29,3850102012473,HRANA
KAVA GLORIA MLJEVENA VR 400g,90528321,GLORIA,0.40 kg,ko,7.79,19.48,,,7.79,3850291052380,HRANA
ČIPS DORITOS TACO PIKANTNI 90g,90754987,DORITOS,0.09 kg,ko,1.99,22.11,,,1.99,8606017379416,HRANA
VAFL LOACKER NAPOLITANER 175g,04140669,LOACKER,0.18 kg,ko,2.49,14.23,,,2.19,8000380007219,HRANA
JUHA TIROLSKA 67g PODRAVKA,04163723,PODRAVKA,0.07 kg,ko,1.39,20.75,,,1.39,3850104006777,HRANA
PEC BOMBICE SA SJEM PAK 4 240g DON,04014012,PET MINUTA,0.24 kg,ko,2.59,10.79,,,2.59,3858885560273,HRANA
ŽV GUMA AIRW BLACK CURR BOČ  64 g,90770769,WRIGLEY,0.06 kg,ko,3.69,57.66,,,3.69,4009900550499,HRANA
JOGURT CRNI RIBIZ CIMET 150g DUKATOS,90092412,DUKATOS,0.15 kg,ko,0.99,6.6,,,0.99,3850354010920,HRANA
VOĆ JOG VILIKIS GRČKI MIX 150G,90168151,VILIKIS,0.15 kg,ko,,5.67,0.85,0.99,0.99,3850108030594,HRANA
BRAŠNO PŠEN INTEG 1kg FARIN,04030569,FARINA,1.00 kg,ko,1.09,1.09,,,1.09,3859890160618,HRANA
PAŠTETA JETRENA U TUBI 150g,90083371,GAVRILOVIĆ,0.15 kg,ko,2.49,16.6,,,2.49,3858881226562,HRANA
PILEĆI RAŽNJIĆI 400g,90363035,PIKNIK,0.40 kg,ko,5.3,13.25,,,5.3,3838977035131,HRANA
SOL MORSKA KRUPNA 1kg PVC SOLANA PAG,04110037,SOLANA PAG,1.00 kg,ko,0.69,0.69,,,0.7,3859888155442,HRANA
MASLAC 250g MEGGLE,02180312,MEGGLE,0.25 kg,ko,4.59,18.36,,,4.59,4034900004932,HRANA
ŠUM. TABL.VITAMIN C 80g ACTIVE ZONE,90698016,ACTIVE ZONE,0.08 kg,ko,,12.38,0.99,1.15,1.15,3850334036148,HRANA
MUESLI GRANOLA BOOM BOX ČOKOL 300g,90493482,BOOM BOX,0.30 kg,ko,,9.3,2.79,3.99,3.99,3858890477344,HRANA
DESERT ČOK DRAŽE SELECTION 350g,90649025,KRAŠ SELECTION,0.35 kg,ko,12.49,35.69,,,12.49,3850102002139,HRANA
KEKS JIMMY NOISETTE 145g,90770542,JIMMY FANTASTIC,0.15 kg,ko,2.69,18.55,,,2.69,8600939843475,HRANA
JUHA GOV. NOODLES 75g FINI MINI ,90599207,FINI MINI,0.08 kg,ko,0.69,9.2,,,0.69,3856020258054,HRANA
PLATA DOMAĆA 8 OSOBA KONZUM,90273249,,0.83 kg,ko,19.91,23.89,,,19.91,,HRANA
BOMBONI GUMENI DINO REX 100g TROLLI,90344384,TROLLI,0.10 kg,ko,1.65,16.5,,,1.65,4003084319507,HRANA
ČAJ K PLUS BRUSNICA 20X2g,90453800,K PLUS,0.04 kg,ko,1.25,31.25,,,1.25,3850334240132,HRANA
MLIJEKO ČOK BEZ LAKTOZE UHT 1L,90570044,VINDIJA,1.00 l,ko,2.29,2.29,,,2.29,3850108023268,HRANA
NAMAZ MILKA 350g,90407634,MILKA,0.35 kg,ko,5.99,17.11,,,5.99,7622201521226,HRANA
PAHULJICE COOKIE CRISP 625g NESTLE,90669568,NESTLE ŽITAR,0.63 kg,ko,,7.98,4.99,4.99,4.99,5900020018342,HRANA
INSTANT KAVA GOLD ST 200g BARCAFFE,90707700,BARCAFFE,0.20 kg,ko,11.99,59.95,,,10.99,3838471049665,HRANA
SOL KAMENA KUT 1 kg K PLUS,90648400,K PLUS,1.00 kg,ko,0.55,0.55,,,0.55,3850334058928,HRANA
ČAJ PLANINSKI 44g PODRAVKA,90308247,PODRAVKA,0.04 kg,ko,2.29,52.05,,,2.15,3856020205270,HRANA
TIJESTO K PLUS LUMACONI RIGATI PREM 500g,90312372,K PLUS,0.50 kg,ko,,1.98,0.99,1.39,1.39,3850334352484,HRANA
BRUSCHETTE LUK I VRHNJE 70g MARETTI,90324729,MARETTI,0.07 kg,ko,0.95,13.57,,,0.95,3800205877325,HRANA
PROTEIN BROWNIE DOUBLE CHOCOLATE 75g,90674575,POLLEO,0.08 kg,ko,2.49,33.2,,,2.49,3856026803647,HRANA
BOMBON VOĆNI TVRDI 350g LIKING,04194470,LIKING,0.35 kg,ko,3.09,8.83,,,3.09,8002415500429,HRANA
CROISSANT KAKAO SUNNY 1kg,90467877,SUNNY,1.00 kg,ko,,2.15,2.15,2.69,2.69,3850334386748,HRANA
KEFIR 3.5%MM 400G VERONIKA,90267832,VERONIKA,0.40 kg,ko,2.25,5.63,,,1.99,3859889622479,HRANA
KVASAC SUHI 500g DIGO,04181020,DIGO,0.50 kg,ko,7.09,14.18,,,7.09,3859889940108,HRANA
JOGURT VOĆ JOGOBELLA 400g ZOTT,02330042,JOGOBELLA,0.40 kg,ko,1.59,3.98,,,1.52,4014500506159,HRANA
PAHULJ LINO CRUNCH DUO VR PODR 500g,90059729,LINO,0.50 kg,ko,4.99,9.98,,,4.99,3850104263514,HRANA
KOCKA POVRTNA 120g MAGGI,90405896,MAGGI,0.12 kg,ko,2.09,17.42,,,2.09,8585002438645,HRANA
PRELJEV JAGODA SWEET CHEF 320g,90745450,SWEET CHEF,0.32 kg,ko,2.29,7.16,,,2.29,8605028606030,HRANA
ČOKOLADA FINESSE JAGODA&CHEESC 270 g,90854970,FINESSE,0.27 kg,ko,,12.22,3.3,3.89,3.69,8605028614523,HRANA
PAPAR CRNI ZRNO 50 g SPICE CHEF,90770547,SPICE CHEF,0.05 kg,ko,0.99,19.8,,,0.99,3850334100948,HRANA
DESERT KINDER PINGUI KOKOS 4x30 g,90851084,FERRERO,0.12 kg,ko,2.69,22.42,,,2.39,8000500385395,HRANA
KEKS KEKSOLINO MULTIGRAIN 140g,90617943,LINO,0.14 kg,ko,,11.36,1.59,1.89,1.89,3856020254858,HRANA
UMAK BECHAMEL 200g DUKAT,02331188,BRZO&FINO,0.20 kg,ko,2.29,11.45,,,2.09,3850354017455,HRANA
ČAJ DETOX AHMAD 20X2g,90147021,AHMAD,0.04 kg,ko,3.05,76.25,,,3.05,054881013666,HRANA
DESERT FINESSE TRUFFLES KAKAO 200g,90825383,FINESSE,0.22 kg,ko,,10.77,2.37,2.79,2.79,3838900830512,HRANA
BRAŠNO NAMJ DIZ TIJESTA 1kg BELJE,04031815,BELJE,1.00 kg,ko,1.29,1.29,,,1.3,3850257015671,HRANA
VRHNJE ZA KUHANJE 20% M.M. 1L KRAVICA,90485401,KRAVICA KRALJICA,1.00 l,ko,5.99,5.99,,,5.99,3856015324344,HRANA
ROGAČ MLJEVENI 200g ŠAFRAM,01310284,ŠAFRAM,0.20 kg,ko,1.09,5.45,,,0.99,3859888163645,HRANA
SENDVIČ ŠUNKA SIR PAK 215g MLINAR,90325417,MLINAR,0.22 kg,ko,3.69,17.16,,,3.49,3858881126442,HRANA
KREKER TAK MULTIGRAIN CLASSIC 115g,90704668,TAK,0.12 kg,ko,1.09,9.48,,,1.09,8600114009474,HRANA
BRAŠNO T-1100 1kg PODRAVKA,04030073,PODRAVKA,1.00 kg,ko,1.29,1.29,,,1.29,3850104063183,HRANA
DESERT MILKA LJEŠ KREMA/KEKS 46g,90829848,MILKA,0.05 kg,ko,1.35,29.35,,,1.35,7622202241826,HRANA
MINESTRA MAHUN ŽITAR EC MIX 500g,04160955,EUROCOMPANY,0.50 kg,ko,1.99,3.98,,,1.99,3872084000941,HRANA
KEKS BOOM BOX ZOBENI BRUSNICA 50g,90487094,BOOM BOX,0.05 kg,ko,1.19,23.8,,,0.99,3858890476835,HRANA
HUMMUS DUO MIX SWEET ONION 200g RIBELLA,90311322,RIBELLA,0.20 kg,ko,,11.25,2.25,2.25,2.25,8606011898968,HRANA
JOGURT TEKUĆI 330G 2.8  DUKAT,90514056,DUKAT,0.33 kg,ko,1.39,4.21,,,1.35,3850354016007,HRANA
SIRNI NAMAZ NATURA 150g ZDENKA,02398989,ZDENKA,0.15 kg,ko,2.29,15.27,,,2.29,3858888596941,HRANA
OCAT K PLUS VINSKI 1L,90063885,K PLUS,1.00 l,ko,1.05,1.05,,,1.05,3850334343963,HRANA
INĆUN PELAGOS SL FIL U EKS DJ MASL ULJU 180g,90401401,PELAGOS,0.10 kg,ko,9.29,97.79,,,9.29,3859893545238,HRANA
KAŠ LINO JAB KEKS 190G,90184183,LINO,0.19 kg,ko,1.05,5.53,,,1.59,3850104280108,HRANA
ŠPINAT BABY BIO 90 g,90809861,ORGANIC WILD ROCKET,0.09 kg,ko,1.49,16.56,,,1.49,3856028689218,HRANA
KOLAČ SUHI MIX 350g SUNCE,90759766,SUNCE,0.35 kg,ko,6.99,19.97,,,6.99,3859892656102,HRANA
HRENOVKA POLI COCKTAIL 330g PERUTNINA,90316862,POLI,0.33 kg,ko,2.25,6.82,,,2.25,3850220153942,HRANA
ČAJ ENGLISH BREAKFAST 50g,04095668,TWININGS,0.05 kg,ko,4.25,85,,,4.25,0070177077693,HRANA
KNEDLE S MARELICOM MINUTE 1000g,90425426,MINUTE,1.00 kg,ko,2.99,2.99,,,2.99,3850334234148,HRANA
KOMPOT VIŠNJA BK 340g PODRAVKA,01471987,PODRAVKA,0.34 kg,ko,3.19,9.38,,,3.19,3850104223518,HRANA
SLAD TAMNA ČOK MALINA 150 g FRANUI,90810876,FRANUI,0.15 kg,ko,6.99,46.62,,,6.99,8437020396028,HRANA
KEKS PLAZMA KOCKA ČOKO PRELJ 135g,90404751,BAMBI,0.14 kg,ko,2.35,17.41,,,2.35,8600043028263,HRANA
JAJA SVJEŽA L 10/1 POD UZGOJ ŽITO,90835054,ŽITO,10.00 ko,ko,3.19,0.32,,,3.19,3859889611381,HRANA
HREN K PLUS 260g,90714424,K PLUS,0.26 kg,ko,1.59,6.12,,,1.59,3850334063144,HRANA
ČOKOLADA MILKA NOUGAT CREME 85 g,90749732,MILKA,0.09 kg,ko,2.49,29.29,,,2.49,7622202013218,HRANA
LIMUNSKA KISELINA 500g ŠAFRAM,04180346,ŠAFRAM,0.50 kg,ko,4.35,8.7,,,4.38,3859888163362,HRANA
CAPP ANAMARIA ČOK 200g VR,04072023,ANAMARIA,0.20 kg,ko,2.49,12.45,,,2.49,3858881770676,HRANA
PAŠTETA KOKOŠJA CLASSIC  100 g,90427967,GAVRILOVIĆ,0.10 kg,ko,1.35,13.5,,,1.25,3858890207682,HRANA
PAPRIKA K PLUS FILET CRV 320g,01519027,K PLUS,0.32 kg,ko,2.59,8.09,,,2.59,3850334148605,HRANA
OBLATNE 200g TENA,04150009,TENA,0.20 kg,ko,1.19,5.95,,,1.19,3859892466022,HRANA
GLJIVA ŠAMPINJON MINI 250 grama,90093475,KORA,0.25 kg,ko,1.69,6.76,,,1.69,3850334393128,HRANA
SLAD LEDO KING SEDUCTION 3x100ml,90764713,KING,0.25 l,ko,6.99,27.75,,,6.99,3850116064536,HRANA
KEKS GRANCEREALE FRUTTA 250g,04140500,BARILLA,0.25 kg,ko,2.85,11.4,,,2.85,8076809540179,HRANA
OCAT JABUČNI 0.5L MAUTNER,03120404,MAUTNER MARK,0.50 l,ko,2.19,4.38,,,2.19,9011900104676,HRANA
KOBASICA ISTAR SUHA S TARTUF 135 g SPEC MOM,90834726,SPECIAL MOMENTS,0.14 kg,ko,4.99,36.96,,,4.99,3850334431141,HRANA
INĆUN MARINIRANI 160g ARBASOL,90091855,ARBASOL,0.10 kg,ko,5.89,58.9,,,5.89,3859891895106,HRANA
KOCKA ZA JUHU POVRTNA 110g,90344710,FATTORIA ITALIA,0.11 kg,ko,0.79,7.18,,,0.8,8012429003311,HRANA
MUESLI RISE&SMILE VOĆE PREMIUM 600g,90726159,RISE&SMILE,0.60 kg,ko,,5.3,3.18,3.98,3.98,3850334045508,HRANA
CROISSANT MILKA VANILIJA 50 g,90874692,MILKA,0.05 kg,ko,1.09,21.8,,,1.09,7622202257223,HRANA
JUHA RAMEN MISO 66g AJINOMOTO,90412635,AJINOMOTO,0.07 kg,ko,1.69,25.61,,,1.69,5901384500610,HRANA
KIFLICE KOKOS 225g FANOLA,90670198,FANOLA,0.23 kg,ko,2.65,11.78,,,2.65,3859888257672,HRANA
ČOKOLADA FINESSE BISCUIT&CARAM 270g,90854973,FINESSE,0.27 kg,ko,,12.22,3.3,3.89,3.69,8605028614547,HRANA
UMAK TARTAR VREĆICA 80g THOMY,90324329,THOMY,0.08 kg,ko,1.15,14.38,,,1.15,8445291314948,HRANA
KREKER KUK MAHUNARKE ACTIVE ZONE 120 g,90779959,ACTIVE ZONE,0.12 kg,ko,,8.25,0.99,1.49,1.49,3838900837412,HRANA
SEITAN DIMLJ EKO 200G ANNAPURNA,90186764,ANNAPURNA,0.20 kg,ko,3.58,17.9,,,3.58,3859890343448,HRANA
UMAK PESTO ALLA GENOVESE VERDE POLLI 190g,90453071,POLLI,0.19 kg,ko,2.99,15.74,,,2.92,8001310810626,HRANA
PAŠTETA TUNA CREAM 50g LINO,90623064,LINO,0.05 kg,ko,1.19,23.8,,,1.19,3856020259396,HRANA
ŠLAG PJENA VODA 42g DOLCELA,04183295,DOLCELA,0.04 kg,ko,1.1,26.19,,,0.85,3850104216947,HRANA
SIR POLUTV ŠKRIPAVAC 250g DALM SIREVI,90354873,DALMATINSKI SIREVI,0.25 kg,ko,4.89,19.56,,,4.89,3859893220050,HRANA
BULGUR 500G BIO ZONE,90229410,BIO ZONE,0.50 kg,ko,,3.5,1.75,2.19,2.19,3838900841129,HRANA
KREKER CHIO SLANI 100g,90428226,CHIO,0.10 kg,ko,1.39,13.9,,,1.39,4000522060731,HRANA
ČAJ KAMILICA 100g PAMPA-TEA,90408780,PAMPA TEA,0.10 kg,ko,4.39,43.9,,,4.39,3859891239061,HRANA
ČIPS RIŽA TEXAS BARBECUE 60g B YOND,90739837,B YOND,0.06 kg,ko,1.29,21.5,,,1.29,3800233091625,HRANA
SIR POLUTV CHEDDAR 150 g VINDIJA,90799985,VINDIJA SIREVI,0.15 kg,ko,2.99,19.93,,,2.99,3850108057911,HRANA
VAFL HAPPY SWING ROLICE LJEŠNJAK 150g,90422808,FLIS,0.15 kg,ko,1.25,8.33,,,1.25,5908234805666,HRANA
SALAMA POSEBNA WUDY POP 500g,90114551,WUDY,0.50 kg,ko,1.99,3.98,,,1.89,8008110001049,HRANA
PANCETA 100g PERAJICA,90514267,SUŠARA PERAJICA,0.10 kg,ko,4.09,40.9,,,4.09,3857500112804,HRANA
KAŠICA HIPP INT ŽI JAB BAN 4-6MJ 190,03140033,HIPP,0.19 kg,ko,1.65,8.68,,,1.65,9062300132363,HRANA
SNACK OD SIRA SA ZAČ AZUR OBALE 100g,90405660,ILE DE FRANCE,0.10 kg,ko,3.85,38.5,,,3.85,3480341002692,HRANA
ROLICA MAK 700 g MINUTE,90810844,MINUTE,0.70 kg,ko,3.59,5.13,,,3.49,3850334429780,HRANA
ČOK. CREMISSIMO BIJELA ČOKOLADA 40g,90754835,POLLEO,0.04 kg,ko,2.49,62.25,,,2.49,3856026808451,HRANA
KNEDLE DUPLO PUNJENJE MINUTE 600 g,90810828,MINUTE,0.80 kg,ko,,2.49,1.99,2.99,2.99,3850334429766,HRANA
KEKS BREAKFAST DUBLE CHOCOLATE  160g,90167475,BREAKFAST,0.16 kg,ko,1,6.25,,,1.89,3856014117886,HRANA
KOKOS BRAŠNO 100g NATURA,90311337,NATURA,0.10 kg,ko,0.89,8.9,,,0.8,3859893124655,HRANA
PUDING NOUGAT PREMIUM 48g PODRAVKA,04181709,DOLCELA,0.05 kg,ko,0.99,20.62,,,0.99,3850104254727,HRANA
OCAT BALZAMSKI 3 GR SPICE CHEF 0.25L,90749789,SPICE CHEF,0.25 l,ko,1.99,7.96,,,1.99,3850334072290,HRANA
TORTA TOBLERONE ALMONDY 400g,90473102,ALMONDY,0.40 kg,ko,7.19,17.98,,,6.49,7312930010886,HRANA
KEKS PIKNIK 460g KOESTLIN,04144046,KOESTLIN,0.46 kg,ko,2.85,6.2,,,2.85,3858881090262,HRANA
KEKS ČAJNI KOLUTIĆI 420g LASTA,90662957,LASTA,0.42 kg,ko,2.39,5.69,,,2.39,3870128029989,HRANA
SKUŠA SA POVRĆ.WEEKEND 125g,02195225,DELAMARIS,0.13 kg,ko,2.99,23.92,,,2.69,3838929567727,HRANA
ZAČIN PAP CRNI ZRNO MLIN 42g VEG MAESTR,90381053,VEGETA MAESTRO,0.04 kg,ko,4.19,99.76,,,3.89,3856020233051,HRANA
BOMBON WERTHERS ČOKO TOFFEE 120G,90179097,WERTHERS,0.12 kg,ko,1.99,16.58,,,1.99,4014400915143,HRANA
ČAJ ŠUMSKO VOĆE 20X3g NATURAVITA,90212919,NATURAVITA,0.04 kg,ko,,39.75,1.59,1.99,1.99,3858884090573,HRANA
KAVA LUNGO FORTE JULIUS M 10/1 NS 56g,90632791,JULIUS MEINL,0.06 kg,ko,5.69,101.61,,,5.29,9000403933647,HRANA
SIR PARMIGGIANO REGG RIBANI 60g,90672986,PARMAREGGIO,0.06 kg,ko,1.99,33.17,,,1.86,8010721974513,HRANA
OCAT BALZAMSKI 0.5L PONTI,03120006,PONTI,0.50 l,ko,3.49,6.98,,,3.49,80228486,HRANA
KAŠA ZOB ČOK 4X65g DOBRA,90073925,DOBRA,0.26 kg,ko,3.25,12.5,,,3.25,8595054901110,HRANA
JADRANSKA LOKARDA ADRIA MARE 1KG,90404188,ADRIA MARE,1.00 kg,ko,,2.79,2.79,3.49,3.49,3850334131447,HRANA
FLIPS K PLUS HRUSTY NEUTRAL PAPRIKA 100g,90097229,HRUSTY,0.10 kg,ko,,5.1,0.51,0.65,0.59,3850334377739,HRANA
ŠAMPINJONI SLOVA 390G/210G,90731285,SLOVA,0.21 kg,ko,1.39,6.62,,,1.39,3850334070814,HRANA
PAPRIKA DIMLJ SLATKA MLJ 70g VEGETA MAESTRO,90185770,VEGETA MAESTRO,0.07 kg,ko,1.49,21.29,,,1.49,3850104280894,HRANA
ČOKOL MILKA CHOCOWAFER 270g,90599719,MILKA,0.27 kg,ko,6.79,25.15,,,6.79,7622201677879,HRANA
ČIPS LAY'S PIKANTNA PAPRIKA 200g,90593070,PEPSICO,0.20 kg,ko,3.19,15.95,,,2.99,8606017377535,HRANA
KAVOVINA CIKORIJA VR 250g FRANCK ,90707118,FRANCK,0.25 kg,ko,2.49,9.96,,,2.49,3850291054087,HRANA
KOŠARICE 100g SWEET CHEF,90675342,SWEET CHEF,0.10 kg,ko,3.49,34.9,,,3.49,3850334036612,HRANA
PIL BATAK RFZ VINDIJA,02431431,CEKIN,1.00 kg,kg,4.19,4.19,,,4.19,3850159110504,HRANA
SMOOTHIE B'AKTIV ZOB/BUND 330g DUKAT,90514044,B'AKTIV,0.33 kg,ko,1.99,6.03,,,1.85,3850354015925,HRANA
TUNJ SALATA KUS KUS 160g EVA,90320986,EVA,0.16 kg,ko,4.29,26.81,,,4.29,3856020217730,HRANA
PAHULJICE LUMPI PILLOWS VANILLA 250g,90593658,LUMPI,0.25 kg,ko,,4.48,1.12,1.33,1.33,3850334007926,HRANA
BRAŠNO INTEGRALNO PIROVO 1kg FARINA,90377974,FARINA,1.00 kg,ko,2.05,2.05,,,2.06,3858887100972,HRANA
MASLINE CRNE 200g ZVIJEZDA,01580219,ZVIJEZDA,0.20 kg,ko,3.19,15.95,,,3.19,3858882213714,HRANA
ARIZONA RAŽNJIĆI FILEA PRSA,90775724,CEKIN,1.00 kg,kg,12.99,12.99,,,12.99,3850159150289,HRANA
KAVA ESPRESSO CREMA JULIUS M 10/1 NS 56g,90409304,JULIUS MEINL,0.06 kg,ko,5.69,101.61,,,5.29,9000403940294,HRANA
FEFERON K PLUS LJUTI 300g,01560313,K PLUS,0.30 kg,ko,2.49,8.3,,,2.49,3850334411822,HRANA
SVJEŽE TIJESTO SPATZLI MINUTE 400g,90377905,MINUTE,0.40 kg,ko,,3.48,1.39,1.69,1.69,3850334195586,HRANA
PRELJEV ČOKOLADA SWEET CHEF 320g,90745452,SWEET CHEF,0.32 kg,ko,2.29,7.16,,,2.29,8605028606023,HRANA
ORAH IND SUHOPRŽ SLANI FP EC 300 g,90769728,EUROCOMPANY,0.30 kg,ko,6.79,22.63,,,6.79,3872084015693,HRANA
KAVA MUST CREMOSO NS 10/1 50g,90307008,MUST,0.05 kg,ko,3.49,69.8,,,3.15,8056370761029,HRANA
BAKALAR NA BIJELO 90g ALDEN,02190378,ALDEN,0.09 kg,ko,2.35,26.11,,,2.12,3859891792016,HRANA
MLIJEKO TRAJNO KOZJE 2.8% 0.5L VIND,02230432,Z BREGOV,0.50 l,ko,1.59,3.18,,,1.59,3850108026603,HRANA
SIR TVRDI GRANA PADANO RIBANI 100g,90045587,AGRIFORM,0.10 kg,ko,3.49,34.9,,,2.99,8003518100219,HRANA
SLAD TWICE VANILIJA JAGODA 1L LEDO,02350876,TWICE,1.00 l,ko,2.99,2.99,,,2.99,3850116713045,HRANA
OCAT BALZAMSKI 0.5L DUOMO CARANDINI,03120186,CARANDINI,0.50 l,ko,3.39,6.78,,,3.39,8014347000465,HRANA
KAVA RITUAL MLJEVENA 500 g,90879683,RITUAL,0.50 kg,ko,,11.98,5.99,6.79,6.79,3850334114150,HRANA
INSTANT KAVA GOLD 200g BOČICA FRANC,90473017,FRANCK,0.20 kg,ko,,39.1,7.82,9.79,9.79,3850291055237,HRANA
CRISPY ŠKOLICA 600g VINDIJA,90298112,CEKIN,0.60 kg,ko,7.69,12.82,,,7.69,3850159141928,HRANA
PAŠTETA PILEĆA CLASSIC  100 g,90427959,GAVRILOVIĆ,0.10 kg,ko,1.35,13.5,,,1.35,3858890207743,HRANA
JUN POTRBUŠINA MARTINJAK MHF,90308798,,1.00 kg,kg,11.29,11.29,,,10.09,3859893702433,HRANA
KEFIR 3.5% M.M. 1kg KRAVICA,90713390,KRAVICA KRALJICA,1.00 kg,ko,2.45,2.45,,,2.29,3856015328915,HRANA
VAFL NAPOLITANKA VOĆNA 420g,04155567,KRAŠ,0.42 kg,ko,3.19,7.6,,,3.19,3850102326235,HRANA
NARANČA EKO 1 kg,90273967,,1.00 kg,ko,1.99,1.99,,,1.89,8019796620301,HRANA
RIŽA ORO PARAB 1kg SCOTTI,04060050,RISO SCOTTI,1.00 kg,ko,3.99,3.99,,,3.98,8001860190520,HRANA
ČOKOLADA DORINA KREM LJEŠNJAK 245 g,90765224,DORINA,0.25 kg,ko,4.99,20.37,,,4.99,3850102005758,HRANA
PILEĆA JETRA SA SRCEM K PLUS,90452976,K PLUS,1.00 kg,kg,,3.59,3.59,3.59,3.59,3850159118104,HRANA
KAŠA ZOB ŠUM VOĆE 65g DOBRA,90231275,DOBRA,0.07 kg,ko,0.99,15.23,,,0.99,8595054904302,HRANA
GRAH SMEĐI ZVIJEZDA 800/480G,90157606,ZVIJEZDA,0.48 kg,ko,1.99,4.15,,,1.99,3856015309679,HRANA
MARGARIN KLASIK 60% 250g ZVIJEZDA,90033637,ZVIJEZDA,0.25 kg,ko,0.99,3.96,,,0.8,3856015301901,HRANA
ROLADA SUNNY KAKAO 200g,90702780,SUNNY,0.20 kg,ko,1.19,5.95,,,1.19,3850334044082,HRANA
BISKVIT SUNNY KAKAO 200g 8/1,90702782,SUNNY,0.20 kg,ko,1.45,7.25,,,1.45,3850334043931,HRANA
KAŠICA FRUTEK JAB KOLAČ 190g,04172606,FRUTEK,0.19 kg,ko,,6.79,1.29,1.29,1.75,3838945511391,HRANA
KVIKI GRIC 200g PODRAVKA,90364819,KVIKI,0.20 kg,ko,2.15,10.75,,,2.15,3856020225643,HRANA
KEKS ČAJNI KOLUTIĆI 800g BALADA,90295390,BALADA,0.80 kg,ko,2,2.5,,,2.59,3850334350817,HRANA
ČOKOLADA PRAH 100 g KRAŠ,90839939,KRAŠ,0.10 kg,ko,2.89,28.9,,,2.89,3850102006670,HRANA
PULLED PORK 500g VAK PIK,90682745,PIK VRBOVEC,0.50 kg,ko,7.29,14.58,,,7.45,3850139130201,HRANA
NJOKI PREMIUM 500g LEDO,02373639,LEDO,0.50 kg,ko,3.59,7.18,,,2.99,3850116876177,HRANA
CHIA SJEMENKE BIO ZONE 300 g,90824881,BIO ZONE,0.30 kg,ko,,6.63,1.99,2.75,2.75,3838900841037,HRANA
ŽV GUMA AIRWAVES CHERRY MEN 14g,90290694,WRIGLEY,0.01 kg,ko,0.99,70.71,,,0.99,42102120,HRANA
PIZZA PEPPERONI 340g MINUTE,90669693,MINUTE,0.34 kg,ko,,5.26,1.79,1.79,2.29,3850334035905,HRANA
DŽEM MIJEŠANO VOĆE 360g PODRAVKA,90570508,PODRAVKA,0.36 kg,ko,2.19,6.08,,,2.19,3856020252274,HRANA
KRUH RAŽENI FITNESS 500g ACTIVE ZONE,90731246,ACTIVE ZONE,0.50 kg,ko,,2.58,1.29,1.49,1.49,3850334053787,HRANA
DESERT MLIJ K PLUS ČOKO-LJEŠNJ 4X57.5g,90354835,K PLUS,0.23 kg,ko,1.39,6.04,,,1.39,3850334341112,HRANA
SIR TVRDI RIBANAC VINTAGE 40g,90706019,PRESIDENT,0.04 kg,ko,1.59,39.75,,,1.59,3850355007851,HRANA
PIL BATAK.ZABATAK DIO LEĐA VINDIJA,90854669,CEKIN,1.00 kg,kg,4.19,4.19,,,4.19,3850159110665,HRANA
 FANTASIA ČOK KUGL 100g DANONE,90081126,FANTASIA,0.10 kg,ko,0.99,9.9,,,0.99,8595002100862,HRANA
PIRE VOĆ JAB BOB VOĆ  BIO 100g FRULLA,90705143,FRULLA,0.10 kg,ko,1.19,11.9,,,1.19,8024985000796,HRANA
PULLED BEEF 500g VAK PIK,90733481,PIK VRBOVEC,0.50 kg,ko,15.49,30.98,,,13.49,3850139282122,HRANA
BOMBONI TIC TAC MINT 54g,90800645,FERRERO,0.05 kg,ko,2.15,39.81,,,2.15,8000500166697,HRANA
PRESIDENT ZRNATI SIR BEZ LAKTOZE 200g DUKAT,90311830,PRESIDENT,0.20 kg,ko,2.49,12.45,,,2.29,3850355005673,HRANA
ŠUNKA WEIN SCHWARZ 100g NAR,90673824,WEIN,0.10 kg,ko,2.12,21.2,,,2.12,4003419002500,HRANA
ZAČIN PILETINA 30g VEGETA NATUR,90185723,VEGETA NATUR,0.03 kg,ko,1.19,39.67,,,1.19,3850104278594,HRANA
TORTILLA ORIGINAL 6KOM 370g  MISSION,90478740,MISSION,0.37 kg,ko,2.99,8.08,,,2.65,8710637105352,HRANA
BOMBONI SKITTLES FRUITS 38G,90055417,WRIGLEY,0.04 kg,ko,0.95,25,,,0.95,5000159376655,HRANA
ORAH PEKAN GARDEN GOOD 180g,90553209,GARDEN GOOD,0.18 kg,ko,4.69,26.03,,,4.39,3838900987988,HRANA
ČOKOLADA MLIJ BEZ ŠEĆ 80g DORINA,90062786,DORINA,0.08 kg,ko,2.99,37.38,,,2.99,3850102128433,HRANA
INSTANT NESCAFE CREMA VR REFILL 150 g,90750906,NESCAFE,0.15 kg,ko,8.79,58.6,,,7.99,8445291256323,HRANA
ČOKO CIJELI LJEŠNJ KANDIT 220g FLOW PACK,90642979,KANDIT,0.22 kg,ko,4.89,22.23,,,4.89,3856024803946,HRANA
DŽEM K PLUS EXTRA VIŠNJA 350g,90794856,K PLUS,0.35 kg,ko,,5.69,1.99,2.49,2.49,3850334111371,HRANA
DŽEM MIJEŠANI K PLUS 840g,90067420,K PLUS,0.84 kg,ko,,2.96,2.49,3.19,3.19,3850334350992,HRANA
KRASTAVAC EXCLUSIVE 290g DOORA,90697858,DOORA,0.29 kg,ko,2.65,9.14,,,2.65,3858894541676,HRANA
KEKS BELVITA MLIJEKO ŽITARICE 225g,90400383,BELVITA,0.23 kg,ko,2.69,11.96,,,2.69,7622210899286,HRANA
JUŠNE OKRUGLICE MY TOPPINGS 200g,90707357,MY TOPPINGS,0.20 kg,ko,1.29,6.45,,,1.29,9001411922081,HRANA
FEFERON LJUTI 300g PODRAVKA,01560141,PODRAVKA,0.30 kg,ko,3.29,10.97,,,3.29,3850104011689,HRANA
TUNJ SALATA PROTEIN 160g EVA,90706294,EVA,0.16 kg,ko,4.29,26.81,,,4.29,3856020263904,HRANA
PITA S MESOM 550 g MINUTE,90810845,MINUTE,0.55 kg,ko,,8.99,4.94,6.19,5.99,3850334415073,HRANA
KOLAČ BOŽIĆNI STOLLEN 750g KUCHEN MEISTER,90410822,KUCHENMEISTER,0.75 kg,ko,5.99,7.99,,,5.69,4101540707117,HRANA
MAG 375+VIT B6 DIRE 30g NATUREL,90410569,NATUREL,0.03 kg,ko,,79.67,2.39,3.45,3.45,3858889365034,HRANA
GULAŠ GOVEĐI 300g GAVRILOVIĆ,90377511,GAVRILOVIĆ,0.30 kg,ko,4.45,14.83,,,4.45,3858892720912,HRANA
OCAT ALKOHOLNI 5L KISKO,03120042,KISKO,5.00 l,ko,5.59,1.12,,,5.59,3850164310197,HRANA
KAVA DOLCE GUSTO MACCHIA 16/1 183.2g,90405486,DOLCE GUSTO,0.18 kg,ko,6.49,35.43,,,6.49,7613037491159,HRANA
PAPRIKE CHERRY PUNJE SIR 210/110G MEGGLE,90344951,MEGGLE,0.11 kg,ko,4.25,38.64,,,4.25,8606108738801,HRANA
SLANUTAK GARDEN GOOD 500g,90493318,GARDEN GOOD,0.50 kg,ko,1.39,2.78,,,0.95,3838900957073,HRANA
ĐUMBIR 250 g BIO ZONE,90810463,BIO ZONE,0.25 kg,ko,,5.96,1.49,1.99,2.59,3856028689317,HRANA
SIR POLUTV SPORT 45% ZDENKA,02051756,ZDENKA,1.00 kg,kg,13.49,13.49,,,13.49,3858888590536,HRANA
ČOKOLADA FINESSE CIJEL LJEŠ 100g,90335282,FINESSE,0.10 kg,ko,,12.6,1.26,1.49,1.49,3850334343000,HRANA
SOL MORSKA KRUPNA 1kg KUTIJA SOLANA,04110024,SOLANA PAG,1.00 kg,ko,0.89,0.89,,,0.85,3859888155107,HRANA
SIR TVRDI KRAVLJI OVČJI KOZJI 150g,90705263,INTERLAT,0.15 kg,ko,3.99,26.6,,,3.99,8427298009577,HRANA
PROTEIN BAR CHOCO BROWNIE 60g,90373148,POLLEO,0.06 kg,ko,1.99,33.17,,,1.99,3858892292266,HRANA
ČOKOL KANDI TUTTI FRUTTI 80g,90069870,KANDIT,0.08 kg,ko,1.85,23.13,,,1.85,3858881046610,HRANA
KAVA LEDENA NES XPRESS MACCH 250ml,04071193,NESCAFE,0.25 l,ko,2.05,8.2,,,2.05,8445290619198,HRANA
TOAST AMERICAN SANDWICH 550G MORATO,90167259,MORATO,0.55 kg,ko,2.65,4.82,,,2.65,8006837000918,HRANA
SAVIJAČA JABUKA CIMET 600 g MINUTE,90810835,MINUTE,0.60 kg,ko,,2.82,1.69,1.69,2.29,3850334429827,HRANA
ŠAMPINJONI REZANI 115g PODRAVKA,01600117,PODRAVKA,0.12 kg,ko,1.59,13.83,,,1.59,3850104257841,HRANA
RIŽA ZL POLJE ARBORIO 1KG KUT VAK,90112358,ZLATO POLJE,1.00 kg,ko,6.49,6.49,,,6.49,3838700540604,HRANA
PAHULJICE COOKIE CRISP NESTLE 375g,04034426,NESTLE ŽITAR,0.38 kg,ko,4.49,11.97,,,4.29,5900020011886,HRANA
PUDING JAGODA 40g VREĆ PODRAVKA,04183457,DOLCELA,0.04 kg,ko,0.75,18.75,,,0.75,3850104216725,HRANA
SIR CHEDDAR MATURE RED 200 g SPEC MOM,90829778,SPECIAL MOMENTS,0.20 kg,ko,3.79,18.95,,,3.79,3850334429179,HRANA
OCAT BALZAMSKI 0.25L DUOMO CARANDINI,03120185,CARANDINI,0.25 l,ko,2.69,10.76,,,2.69,8014347000458,HRANA
BRUSCHETTE RAJČ/MASL/ORIG 140g MARETT,90553388,MARETTI,0.14 kg,ko,1.59,11.36,,,1.59,3800205877547,HRANA
TJESTENI U ČAŠI SESAME CHIC 75g MAGGI,90483132,MAGGI,0.08 kg,ko,2.09,27.87,,,2.09,8445291259171,HRANA
KAŠA ZOB BOOM BOX ŠUM VOĆE BADEM 60g,90493466,BOOM BOX,0.06 kg,ko,,11.5,0.69,0.99,0.99,3858890477191,HRANA
KAŠA ZOB JAB CIM 65g DOBRA,90231267,DOBRA,0.07 kg,ko,0.99,15.23,,,0.99,8595054904326,HRANA
FLIPS POM BAR ORIGINAL 20g,90733244,POM BAR,0.02 kg,ko,0.49,24.5,,,0.49,3856021305740,HRANA
CEDEVITA BAZGA LIMUN 455g,90571958,CEDEVITA,0.46 kg,ko,4.39,9.65,,,4.19,3850322014943,PIĆE
PIVO UNION 0.5L LIM,03040034,UNION,0.50 l,ko,1.25,2.5,,,1.25,3838999050013,PIĆE
LIKER PELINKOVAC PELINOVA 0.7 L,90764952,PELINOVA,0.70 l,ko,15.05,21.5,,,15.05,8594005025561,PIĆE
LIKER CHERRICA ČUTURICA 0.7L MARASKA,03070784,MARASKA,0.70 l,ko,13.05,18.64,,,13.05,3850158401122,PIĆE
GAZ PIĆE PEPSI 0.25L LIM ,90732673,PEPSI,0.25 l,ko,0.85,3.4,,,0.85,3830065023167,PIĆE
LIKER TERANINO INCANTO 0.5L,90363309,INCANTO,0.50 l,ko,14.79,29.58,,,14.05,3858891172743,PIĆE
NEG PIĆE TOCO LIMUN KRASTAVAC 0.5 L,90784815,TOCO,0.50 l,ko,1.05,2.1,,,1.05,3856028501091,PIĆE
VINO CABER SAUV SANTA LUCIA 0.75 l,90800263,SANTA LUCIA,0.75 l,ko,5.69,7.59,,,3.99,7804661041012,PIĆE
VODA FUNKC JANA VIT LIMUN 1.5L,90286672,JANA,1.50 l,ko,1.79,1.19,,,1.59,3858890873085,PIĆE
SIRUP K PLUS ŠUMSKO VOĆE 1L,90703453,K PLUS,1.00 l,ko,2.55,2.55,,,2.55,3850334044198,PIĆE
GAZ PIĆE LEMONISH LIMUN BAZGA 0.4 L,90889855,LEMONISH,0.40 l,ko,1.39,3.48,,,1.39,3838471045438,PIĆE
VINO PLAVAC PELJEŠAC KV 0.75L RADOVI,03019006,RADOVIĆ,0.75 l,ko,5.79,7.72,,,5.79,3859889668231,PIĆE
COCKTAIL MOJITO 0.33l nb,90291842,A LE COQ,0.33 l,ko,1.65,5,,,1.55,4740098002833,PIĆE
PIVO SAN SERVOLO IPA 0.33L NB,90300326,SAN SERVOLO,0.33 l,ko,2.69,8.15,,,2.69,3859893049170,PIĆE
PIVO PAN ZLATNI 0.5L POV BOCA,03131469,PAN,0.50 l,ko,1.19,2.38,,,1.19,3858887580507,PIĆE
VINO ŽDREPČEVA KRV 1L ČOKA,03017798,VIN ČOKA,1.00 l,ko,4.29,4.29,,,4.29,8600102938076,PIĆE
VINO SANGRIA DI LUNA 1L ČOKA,03017802,VIN ČOKA,1.00 l,ko,4.49,4.49,,,4.49,8600102938144,PIĆE
PIVO BUDWEISER PREMIUM 0.5L PB CARLSBERG,90078727,BUDWEISER,0.50 l,ko,1.29,2.58,,,1.29,8594403705294,PIĆE
SOK IMMUNITY 330 ml JUICEFAST,90890199,JUICEFAST,0.33 l,ko,2.99,9.06,,,2.99,3859894234551,PIĆE
SIRUP OD MALINE 500ml,90404095,AGROPOSTA,0.50 l,ko,9.09,18.18,,,9.09,3859892734688,PIĆE
MARTINI VERMOUTH BIANCO 1L,03090075,MARTINI,1.00 l,ko,17.49,17.49,,,16.05,7630040408820,PIĆE
VINO VRANAC TERRA VINEA 1L,90528184,TERRA VINEA,1.00 l,ko,3.49,3.49,,,3.49,3850334519580,PIĆE
PIVO STELLA ARTOIS LIMENKA 0.5L ZP,03130389,STELLA ARTOIS,0.50 l,ko,1.75,3.5,,,1.69,3850131486009,PIĆE
SIRUP K PLUS JABUKA BAZGA 1L,90703460,K PLUS,1.00 l,ko,2.55,2.55,,,2.55,3850334044280,PIĆE
LIKER APEROL SPRITZ 3X0.2L,90730922,APEROL,0.60 l,ko,10.49,17.48,,,10.49,8002230340538,PIĆE
VINO DINGAČ 0.75L VRH PL,90058606,TERRA VINEA,0.75 l,ko,,13.72,10.29,10.29,12.89,3850334343543,PIĆE
SOK 100% HRVATSKA JABUKA VINDI 1 L,90785360,VINDI,1.00 l,ko,2.29,2.29,,,2.29,3850108078664,PIĆE
MIN VODA KISELJAK 1.5L PET,03180015,SAR KISELJAK,1.50 l,ko,0.89,0.59,,,0.75,3871059000078,PIĆE
NAPITAK HELL PEACH LEMON 0.5 L,90835107,HELL,0.50 l,ko,1.69,3.38,,,1.69,5999571051878,PIĆE
RAKIJA MEDICA 1L MARASKA,03061183,MARASKA,1.00 l,ko,14.05,14.05,,,14.05,3850158202255,PIĆE
NEKTAR MOJ DAN MULTIVITAMIN 1L ,90699259,MOJ DAN,1.00 l,ko,1.29,1.29,,,1.25,3850334028099,PIĆE
PJENUŠAC FREIXENET C NEVADA 0.75L,03030024,FREIXENET,0.75 l,ko,9.99,13.32,,,9.99,8410036002015,PIĆE
SOK 100% MOJ DAN NARANČA 1L,90683052,MOJ DAN,1.00 l,ko,,2.09,2.09,2.49,1.59,3850334020888,PIĆE
PIVO STAROČEŠKO SVIJ LAGER 0.5L PB,03130670,STAROČEŠKO,0.50 l,ko,1.09,2.18,,,1.09,3859892222017,PIĆE
KONJAK MARTELL VS 0.7L,03080250,MARTELL,0.70 l,ko,34.99,49.99,,,33.55,3219820000078,PIĆE
SOK FRUCTAL ANANAS 1L,90112717,FRUCTAL,1.00 l,ko,2.49,2.49,,,1.87,3838945509077,PIĆE
PROSECCO MIONETTO 0.75L,90101483,MIONETTO,0.75 l,ko,14.99,19.99,,,14.99,8006220001669,PIĆE
NEKTAR MULTIVITAMIN TO 1 L,90889996,TO,1.00 l,ko,1.59,1.59,,,1.59,3858890975512,PIĆE
VODKA BELVEDERE 0.7L      ,90131143,BELVEDERE,0.70 l,ko,46.49,66.41,,,46.49,5901867816641,PIĆE
ZAČIN BOTANICALS GIN & TONIC 3 /1,90235833,BOTANICALS,3.00 ko,ko,7.79,2.6,,,7.79,8412206006144,PIĆE
SOK ARONIJA 0.75 L ENCIAN,90835158,ENCIAN,0.75 l,ko,7.75,10.33,,,7.75,3858894620340,PIĆE
PIĆE GAZ FANTA 5+1 GR 0.33 l LIM,90794732,FANTA,1.65 l,ko,5.45,3.3,,,5.45,5000112669046,PIĆE
PJENUŠAC LA BELLE PERLA BELJE 0.75L,90568580,BELJE,0.75 l,ko,5.99,7.99,,,5.99,3850257022112,PIĆE
VISKI STAG HUNTER 0.7L,90754910,STAG HUNTER,0.70 l,ko,10.15,14.5,,,10.15,5021692450459,PIĆE
SIRUP OD BAZGE 500ml,90404076,AGROPOSTA,0.50 l,ko,5.69,11.38,,,5.69,3859892734671,PIĆE
GAZ PIĆE PIPI 0.33l LIM,90325259,PIPI,0.33 l,ko,1.15,3.48,,,1.15,3859893637001,PIĆE
NAPITAK ISO SPORT LIMUN GREJP NEG. 0.5L ,90672898,ISO SPORT,0.50 l,ko,1.39,2.78,,,1.39,3850108073164,PIĆE
SOK PEPSI COLA 0.33L LIM,03167267,PEPSI,0.33 l,ko,0.99,3,,,0.99,3830065022566,PIĆE
VINO OD ARONIJE 0.5l BOBO,90403977,BOBO,0.50 l,ko,11.19,22.38,,,11.19,3859893313301,PIĆE
NEG PIĆE COLA NARANČA YIPPY 0.33 L PET,90784758,YIPPY,0.33 l,ko,1.39,4.21,,,1.35,9008700238687,PIĆE
GAZ. PIĆE LEMONISH LIMUN 0.4 L,90889840,LEMONISH,0.40 l,ko,1.39,3.48,,,1.39,3838471045414,PIĆE
ČAJ LEDENI JANA MALINA HIBISKUS 0.5l,90485650,JANA,0.50 l,ko,1.19,2.38,,,1.19,3858890876390,PIĆE
NEGAZ PIĆE JUICY FRUITS LIMUNADA 0.5L,03141834,JUICY FRUITS,0.50 l,ko,1.09,2.18,,,1.09,3858890975215,PIĆE
COCKTAIL RTD JAMESON & COLA 0.25 L,90824870,JAMESON,0.25 l,ko,2.65,10.6,,,2.65,5011007018955,PIĆE
PIVO STAROČEŠKO 0.0% 0.5 L LIM,90884940,STAROČEŠKO,0.50 l,ko,1.49,2.98,,,1.49,3859893750960,PIĆE
ŠAMPON OLIVAL ČIČAK 250ml,90587927,OLIVAL,0.25 l,ko,6.29,25.16,,,6.09,3858892693896,KOZMETIKA
KREMA ZA RUKE ZORINA PROBIOTS 50 ml,90849694,ZORINA MAST,1.00 ko,ko,5.29,5.29,,,5.29,3859894008565,KOZMETIKA
SAPUN TEK AFRODITA LEMON 1L,90412567,AFRODITA,1.00 l,ko,5.99,5.99,,,5.69,3831070652847,KOZMETIKA
GEL TUŠ AXE AFRICA 400ml,90068783,AXE,0.40 l,ko,4.95,12.38,,,4.95,54024892,KOZMETIKA
PATRONE VENUS SENSITIVE 4/1,90699352,VENUS,4.00 ko,ko,20,5,,,20,7702018352883,KOZMETIKA
ŠAMPON BOTANIC THERAPY RICINUS 400ml,90311683,BOTANIC THERAPY,0.40 l,ko,4.59,11.48,,,4.59,3600542114400,KOZMETIKA
KUPKA 3U1 MELEM VOĆNA 300 ml,90874874,MELEM,0.30 l,ko,6.89,22.97,,,6.89,3856007912719,KOZMETIKA
ZP COLGATE MAX WHITE BYE STAIN 75 ml,90850487,COLGATE,0.08 l,ko,4.19,55.87,,,3.99,8718951610521,KOZMETIKA
ŠAMPON PALM MASLINA 350ml,90078218,PALMOLIVE,0.35 l,ko,3.99,11.4,,,3.89,8718951577039,KOZMETIKA
BOJA COLOR NAT 111 PRIR PEPELJ PLAVA,06542063,GARNIER COL NATURALS,1.00 ko,ko,,3.49,3.49,4.99,4.99,3600540335890,KOZMETIKA
ZP SIGNAL WHITENING 125ml,06530688,SIGNAL,0.13 l,ko,2.99,23.92,,,2.99,5900300349395,KOZMETIKA
ZP AQUA MILD 100ml 8079,06530558,AQUAFRESH,0.10 l,ko,2.89,28.9,,,2.69,5054563197993,KOZMETIKA
ROLL ON LACTOVIT Ž EXTRA 50 ml,90775564,LACTOVIT,0.05 l,ko,3.95,79,,,3.95,8411135353091,KOZMETIKA
PJENA ZA KUPANJE HIPP PATK 250 ml,90839909,HIPP,0.25 l,ko,4.99,19.96,,,4.99,42241287,KOZMETIKA
ŠAMPON SCHAUMA FOR MEN 750ml,90669375,SCHAUMA,0.75 l,ko,7.99,10.65,,,7.99,9000101681185,KOZMETIKA
ROLL ON LACTOVIT Ž INVISIBLE 50 ml,90775571,LACTOVIT,0.05 l,ko,3.95,79,,,3.95,8411135005532,KOZMETIKA
GEL TUŠ NIVEA CARE&DIAMOND 500ML,90280305,NIVEA,0.50 l,ko,6.29,12.58,,,6.29,9005800282480,KOZMETIKA
PJENA TAFT VOLUM ULTRA 200ml,06542679,TAFT,0.20 l,ko,,19.95,3.99,4.99,4.99,3838824083704,KOZMETIKA
ČETKICA SIGNAL ESSENTIAL 1+1,06531258,SIGNAL,1.00 ko,ko,2.59,2.59,,,2.59,8718114047928,KOZMETIKA
SPREJ NIV SUN PR&MOIS SPF30 270ml,90607818,NIVEA,0.27 l,ko,22.99,85.15,,,22.99,4005900908698,KOZMETIKA
HYDROGEN CREAM ANNYER 12% 120ml,90704474,ANNYER,0.12 l,ko,3.29,27.42,,,3.29,3850177008128,KOZMETIKA
KUPKA FELCE AZZURRA CLASSIC 650ml,90301402,FELCE AZZURA,0.65 l,ko,4.85,7.46,,,4.85,8001280068003,KOZMETIKA
ZP SIGNAL HERBAL 75ml   6002,06537574,SIGNAL,0.08 l,ko,2.75,36.67,,,2.75,5900300056002,KOZMETIKA
DEO AXE KEN LAV 150 ml,90885196,AXE,0.15 l,ko,5.49,36.6,,,5.49,8720181555602,KOZMETIKA
ODSTRANJIVAČ LAKA AFR ULJNI 125ML,06592607,AFRODITA,0.13 l,ko,4.29,34.32,,,3.79,3830001296716,KOZMETIKA
PJENA GILLETTE SOOTHING 400 ml,90850208,GILLETTE,0.40 l,ko,6.99,17.48,,,6.99,8700216579889,KOZMETIKA
BRIJAČ WILKINSON BEAUTY DUPLO VREČICA 5/1,90128151,WILKINSON,5.00 ko,ko,,0.34,1.69,1.69,2.69,4027800518838,KOZMETIKA
GEL TUŠ DOVE W PETAL SOFT XXL 450 ml,90775092,DOVE,0.45 l,ko,5.99,13.31,,,5.99,8720181471599,KOZMETIKA
BOJA SYOSS 5/8 LJEŠNJAK SMEĐA,06544302,SYOSS,1.00 ko,ko,6.99,6.99,,,5.59,9000100633345,KOZMETIKA
VODICA MICEL NIVEA ROSE T 400ml,90572221,NIVEA,0.40 l,ko,,14.13,5.65,8.69,8.69,9005800347028,KOZMETIKA
MAGLICA SAMOT TR SUN BIOBAZA 150ml,90707464,BIOBAZA,0.15 l,ko,9.89,65.93,,,9.89,3856020911911,KOZMETIKA
SPREJ NIV SUN PR&BRON SPF30 270ml,90607815,NIVEA,0.27 l,ko,22.49,83.3,,,22.49,9005800386362,KOZMETIKA
ŠAMPON I KUPKA 2U1 VIOLETA 400ml,90618010,VIOLETA,0.40 l,ko,5.35,13.38,,,5.35,3870128030954,KOZMETIKA
DEO OLD SPICE WOLF 150ml,90359981,OLD SPICE,0.15 l,ko,4.99,33.27,,,4.99,4015600306595,KOZMETIKA
ZP SENSOD CLINICAL REPAIR 75 ml,90814955,SENSODYNE,0.08 l,ko,8.5,113.33,,,7.99,5054563207357,KOZMETIKA
MLIJEKO OLIVAL SPF20 200 ml,90785083,OLIVAL,0.20 l,ko,9.99,49.95,,,9.99,3858892694961,KOZMETIKA
NOKTARICA TC VELIKA   7026,06622214,TOP CHOICE,1.00 ko,ko,1.79,1.79,,,1.79,5905710007026,KOZMETIKA
GEL TUŠ PALM JASMIN 500 ml,90885385,PALMOLIVE,0.50 l,ko,,5.78,2.89,3.05,5.09,8718951638976,KOZMETIKA
SAPUN PALM OS ALOE&OLIVE 90g,90031239,PALMOLIVE,0.09 kg,ko,1.49,16.56,,,1.39,8693495033985,KOZMETIKA
LAK TAFT POWER CASHMERE OVERFILL,06540611,TAFT,0.25 l,ko,,15.96,3.99,4.99,4.99,9000100477505,KOZMETIKA
STICK NIVEA M B&W 50ML,90699161,NIVEA,0.05 l,ko,5.29,105.8,,,5.29,9005800352206,KOZMETIKA
DEO NIVEA Ž B&W ULTIM IMP 150ml,90407665,NIVEA,0.15 l,ko,5.39,35.93,,,3.99,9005800329659,KOZMETIKA
MARAMICE SEPTONA VITAMIN C 20/1,90775706,SEPTONA,20.00 ko,ko,1.95,0.1,,,1.95,5201410616194,KOZMETIKA
GEL SYOSS MEN POW EXTR HOLD 250ML,06544326,SYOSS,0.25 l,ko,6.49,25.96,,,4.89,9000100654074,KOZMETIKA
KREMA NIVEA PROT BORA 55+ NOĆ 50ml,90299085,NIVEA,0.05 l,ko,,133.8,6.69,10.29,10.29,9005800396149,KOZMETIKA
ULJE ZA KOSU ELSEVE EXTRAORDINARY 50ml,90361785,LOREAL ELSEVE,0.05 l,ko,5.99,119.8,,,5.99,3600523626373,KOZMETIKA
LAK TAFT VOLUM MEGA STRONG 250ml,90037361,TAFT,0.25 l,ko,,15.96,3.99,4.99,4.99,9000100728201,KOZMETIKA
SUHI ŠAMPON NIVEA SVIJE KOSA 200 ml ,90885418,NIVEA,0.20 l,ko,6.79,33.95,,,6.79,9005800301532,KOZMETIKA
ZP PARODONT FLUORID 75ml,06537553,PARODONTAX,0.08 l,ko,5.95,79.33,,,5.55,5054563110350,KOZMETIKA
DEO OLD SPICE CAPTAIN 250 ml,90850666,OLD SPICE,0.25 l,ko,7.49,29.96,,,7.49,8700216875714,KOZMETIKA
MLIJEKO L'ANGELICA SPF30 200 ml,90784734,L ANGELICA,0.20 l,ko,10.99,54.95,,,10.99,8017331098035,KOZMETIKA
ŠAMPON OLEA NORMALNA KOSA 300ml,90735075,OLEA,0.30 l,ko,,2.97,0.89,1.29,1.29,3850334073389,KOZMETIKA
BOJA SYOSS OLEO 8-60 MEDENO PLAVA,90310722,SYOSS OLEO,1.00 ko,ko,7.99,7.99,,,7.99,9000101086652,KOZMETIKA
ZP PLIDENTA SUPERFRESH 125 ml+75 ml,90795171,PLIDENTA,1.00 ko,ko,2.79,2.79,,,2.69,3856007911453,KOZMETIKA
GEL TUŠ PALM OS SENSIT 250ml 1322,06520157,PALMOLIVE,0.25 l,ko,2.99,11.96,,,2.99,5997530171322,KOZMETIKA
DEO LACTOVIT Ž EXTRA 200 ml,90775580,LACTOVIT,0.20 l,ko,4.79,23.95,,,4.79,8411135008953,KOZMETIKA
ČETKICA OB 3 EFFECT NAT DUO,90705800,ORAL B,0.50 ko,ko,2.55,5.1,,,2.55,3014260022839,KOZMETIKA
GEL TUŠ NIVEA CREME ROSE 500ml,90478522,NIVEA,0.50 l,ko,6.29,12.58,,,6.29,9005800263601,KOZMETIKA
ŠAMPON ELSEVE COLOR VIV 250ml 0869,06520385,LOREAL ELSEVE,0.25 l,ko,4.39,17.56,,,4.39,3600523327713,KOZMETIKA
BOJA COL SENSAT 111,90032874,GARNIER COL SENSATION,1.00 ko,ko,5.29,5.29,,,5.29,3600541136137,KOZMETIKA
BOJA PALETTE DELUXE 880  2394,06542972,PALETTE DELU,1.00 ko,ko,,4.79,4.79,4.79,4.79,3838824177052,KOZMETIKA
GEL TUŠ K PLUS OLEA MI&HO 300ml,06520183,OLEA,0.30 l,ko,1.19,3.97,,,1.19,3850334103215,KOZMETIKA
BRIJAČ JEDNOK GILL BL II 5/1 3278,06630018,GILLETTE,5.00 ko,ko,4.69,0.94,,,4.69,7702018849031,KOZMETIKA
ŠAMPON MELEM BLONDE 300 ml,90850560,MELEM,0.30 l,ko,7.99,26.63,,,7.99,3856007912382,KOZMETIKA
ŠAMPON GLISS 400ml+REG MIRAC 200ml,90714507,GLISS,1.00 ko,ko,5.99,5.99,,,5.99,3838824433073,KOZMETIKA
GEL GILL MACH3 EXTRA COMFORT 240ml,90699377,GILLETTE,0.24 l,ko,,16.63,3.99,5.29,4.19,7702018405015,KOZMETIKA
ČETK EL ORAL B VIT PR PROT X BL,90669704,ORAL B,1.00 ko,ko,39.89,39.89,,,39.89,4210201427124,KOZMETIKA
ČETKICA PDX GEN CL EX SOFT 3PACK,90361939,PARODONTAX,3.00 ko,ko,11.39,3.8,,,10.59,5054563049889,KOZMETIKA
GEL TUŠ L'ANGELICA HYDRA SKIN 500 ml,90774661,L ANGELICA,0.50 l,ko,3.25,6.5,,,3.25,8017331096680,KOZMETIKA
KREMA NIVEA SOFT 75ml TUBA 0576,06590160,NIVEA,0.08 l,ko,,53.2,3.99,5.69,5.69,4005808751457,KOZMETIKA
ŠAMPON H&S 400ml ČISTA NJEGA,06520521,HEAD&SHOULDE,0.40 l,ko,6.69,16.73,,,6.69,5011321336049,KOZMETIKA
SPREJ NIVEA SENS F 50+ 200ml,90360656,NIVEA,0.20 l,ko,21.49,107.45,,,21.49,4005900604965,KOZMETIKA
ŠAMPON SYOSS MEN POWER 440ml,90478959,SYOSS,0.44 l,ko,,10.2,4.49,6.49,4.49,9000101277395,KOZMETIKA
MLIJEKO AMBRE SOL NAKON SUN 400ml,90089854,GARNIER AMBRE SOLAIR,0.40 l,ko,16.49,41.23,,,16.49,3600540305381,KOZMETIKA
BOJA PALETTE ICC E20    0426,06540395,PALETTE ICC,1.00 ko,ko,5.49,5.49,,,3.49,3838824159256,KOZMETIKA
WHY MASK EYTREME HYDR 2X6ml,90362622,AFRODITA,0.01 l,ko,2.79,232.5,,,2.49,3830001297416,KOZMETIKA
SAPUN TEK DAISY MED/KOK 1L,90071151,DAISY,1.00 l,ko,1.15,1.15,,,1.15,3850334355102,KOZMETIKA
DEO JEAN MARC LA BELLE 75 ML,90669435,JEAN MARC,0.08 l,ko,1.69,22.53,,,1.69,5901815016352,KOZMETIKA
KREMA NIVEA 75ML        1039,06590158,NIVEA,0.08 l,ko,,29.2,2.19,3.35,3.39,42163176,KOZMETIKA
SAPUN TEK K PLUS OLEA ORH/CAS 500ml,90097689,OLEA,0.50 l,ko,,1.98,0.99,1.45,1.45,3850334567482,KOZMETIKA
KUPKA SEPTONA BABY GIRLS 500ml,90765169,SEPTONA,0.50 l,ko,4.99,9.98,,,4.99,5201410220667,KOZMETIKA
DEO SPRAY MEN NIVEA B&W 150ml,90281388,NIVEA,0.15 l,ko,5.29,35.27,,,5.29,9005800280707,KOZMETIKA
DEO DOVE W SOFT FEEL 150ml,90703623,DOVE,0.15 l,ko,5.35,35.67,,,5.35,8720181291852,KOZMETIKA
GEL TUŠ AGRADO VANIL 750 ml,90795009,AGRADO,0.75 l,ko,2.79,3.72,,,2.79,8433295052867,KOZMETIKA
KREMA ROSAL CL BADEM ULJE 50ml,90401594,ROSAL,0.05 l,ko,7.79,155.8,,,6.99,3856007906817,KOZMETIKA
REGENERATOR SYOSS INTEN PLEX 250 ml,90775211,SYOSS,0.25 l,ko,,17.96,4.49,6.49,6.49,9000101731545,KOZMETIKA
DEO AXE SUNSET FRESH 150 ml,90885191,AXE,0.15 l,ko,4.99,33.27,,,4.99,8720181590863,KOZMETIKA
HAIR FOOD FRUCTUIS BAN 390ml,90380314,GARNIER FRUCTIS,0.39 l,ko,7.49,19.21,,,7.49,3600542135993,KOZMETIKA
MLIJEKO DOVE ESSENT NOURISH 400ml,06592141,DOVE,0.40 l,ko,8.49,21.23,,,8.49,8711600368804,KOZMETIKA
ŠAMPON SCHAUMA KIDS BLUEBER 400 ml,90874921,SCHAUMA,0.40 l,ko,,9.98,3.99,4.99,4.99,9000101657715,KOZMETIKA
DEO BOROTALCO SOFT 150ML,90669168,BOROTALCO,0.15 l,ko,,19.93,2.99,4.69,3.99,8002410045079,KOZMETIKA
BRIJAČ JEDNOK GIL BL3 COOL 3/1,90324331,GILLETTE,3.00 ko,ko,5.29,1.76,,,5.29,7702018457229,KOZMETIKA
ROLL ON NIVEA Ž FRE 50ml 8095,06555060,NIVEA,0.05 l,ko,5.59,111.8,,,4.19,42241553,KOZMETIKA
LOSION DENIM 100ml ORIG 6100,06561462,DENIM BRAND,0.10 l,ko,6.09,60.9,,,6.09,8008970004051,KOZMETIKA
ŠAMPON HERBAL ESSENCES ROSE 350 ml,90771278,HERBAL ESSENCES,0.35 l,ko,6.19,17.69,,,6.19,8700216211277,KOZMETIKA
ČETKICE ZA ZUBE DENTORAL PREM MED,90290512,DENTORAL,1.00 ko,ko,1.59,1.59,,,1.59,3850334608192,KOZMETIKA
ŠAMPON HERBA KOPRIVA 1 l,90885028,HERBA,1.00 l,ko,2.69,2.69,,,2.69,5310001138585,KOZMETIKA
DEO DOVE W ORIGINAL 200ml,90702959,DOVE,0.20 l,ko,6.49,32.45,,,6.49,8720181291999,KOZMETIKA
ROLL ON NIVEA Ž DRY 50ml 6115,06555061,NIVEA,0.05 l,ko,5.59,111.8,,,4.19,42241706,KOZMETIKA
DEO DOVE Ž ACAI 150 ml,90885149,DOVE,0.15 l,ko,5.35,35.67,,,5.35,8720181291418,KOZMETIKA
ŠAMPON SCHAUMA ANTIDANDR SENS 400 ml,90825335,SCHAUMA,0.40 l,ko,,9.98,3.99,4.99,4.99,9000101737844,KOZMETIKA
BOJA PALETTE PNC 219 50+2X25ml,06543330,PALETTE PNC,0.10 l,ko,4.49,44.9,,,4.49,3838824171180,KOZMETIKA
PJENA TAFT CURL 200ml,06543379,TAFT,0.20 l,ko,,19.95,3.99,4.99,4.99,9000100613644,KOZMETIKA
BOJA PALETTE PNC 100 50+2X25ml,06543304,PALETTE PNC,0.10 l,ko,4.49,44.9,,,4.49,3838824171166,KOZMETIKA
GEL TUŠ PALM OS MLIJ I PRO 250ml 290,06520411,PALMOLIVE,0.25 l,ko,2.99,11.96,,,2.99,5996175232290,KOZMETIKA
DET JAR PLAT PLUS LEMON 29 TAB ,90662878,JAR ADW,29.00 ko,ko,21.59,0.74,,,21.59,8006540751244,SREDSTVA ZA ČIŠĆENJE
DET ARIEL EX STAIN REMOV 1.35 L=30PR,90886431,ARIEL,1.35 l,ko,17.99,13.33,,,17.99,8700216691390,SREDSTVA ZA ČIŠĆENJE
OM ORNEL BABY&SENS ALOE 1.6L,90648290,ORNEL,1.60 l,ko,4.59,2.87,,,3.99,3850105182043,SREDSTVA ZA ČIŠĆENJE
DET DASH REGULAR 1.05L=21PR,90705820,DASH,1.05 l,ko,10,9.52,,,12.99,8006540927656,SREDSTVA ZA ČIŠĆENJE
DET DR.BECKMANN LISTIĆI UNIVERSAL 20/1,90673036,BECKMANN,20.00 ko,ko,7.99,0.4,,,7.99,4008455584713,SREDSTVA ZA ČIŠĆENJE
DET DAISY LIMUN 900 ml,90825543,DAISY,0.90 l,ko,1.49,1.66,,,1.49,3838900834800,SREDSTVA ZA ČIŠĆENJE
SANITAR STRONG 650ml,08031150,SANITAR,0.65 l,ko,2.89,4.45,,,2.49,3850111503399,SREDSTVA ZA ČIŠĆENJE
OM VIOLETA LAGOON 900ml,90493223,VIOLETA,0.90 l,ko,2.65,2.94,,,2.65,3870128025998,SREDSTVA ZA ČIŠĆENJE
DET ČARLI DIVLJA TREŠNJA 450ml,90487406,ČARLI,0.45 l,ko,1.39,3.09,,,1.29,3850111304118,SREDSTVA ZA ČIŠĆENJE
DET FAKS 5IN1 UNIVERSAL 14TAB,90825966,FAKS,14.00 ko,ko,,0.41,5.69,7.99,6.99,3850105187222,SREDSTVA ZA ČIŠĆENJE
AJAX PEACH 1 L,90895406,AJAX,1.00 l,ko,,1.89,1.89,3.69,3.69,8718951710276,SREDSTVA ZA ČIŠĆENJE
OM SILAN FRANGIPANI 1.1L,90744916,SILAN,1.10 l,ko,,2.72,2.99,5.65,2.79,9000101584080,SREDSTVA ZA ČIŠĆENJE
SRED SUPER JON IQ STAKLO 425 ml+2TAB,90899891,SUPER JON,1.00 ko,ko,,3.49,3.49,4.89,4.89,3850111505799,SREDSTVA ZA ČIŠĆENJE
PRONTO LEGNO PULITO CLASSIC 750ml,90356910,PRONTO,0.75 l,ko,5.49,7.32,,,5.49,5000204604542,SREDSTVA ZA ČIŠĆENJE
STAKLO VIOLETA FRESH 750ml,90290673,VIOLETA,0.75 l,ko,2.19,2.92,,,2.19,3870128012806,SREDSTVA ZA ČIŠĆENJE
SOMAT GEL EXCELLENCE 2X540 ml,90785401,SOMAT,1.08 l,ko,25.99,24.06,,,25.99,9000101818116,SREDSTVA ZA ČIŠĆENJE
DET VESH COLOR GEL 3L= 60PRANJA,90714263,VESH,3.00 l,ko,,3.33,9.99,17.89,17.89,3870128033856,SREDSTVA ZA ČIŠĆENJE
DET PERSIL GEL COLOR 3.96 L=88PR,90859726,PERSIL,3.96 l,ko,18.99,4.8,,,18.99,9000101566086,SREDSTVA ZA ČIŠĆENJE
DET WEISSER RIESE UNIV 4.95 kg=90PR,90774735,WEISSER RIESE,4.95 kg,ko,17.99,3.63,,,18.99,9000101807035,SREDSTVA ZA ČIŠĆENJE
DET PERSIL UNIVERSAL 32TAB,90744968,PERSIL,32.00 ko,ko,10.49,0.33,,,10.49,9000101800135,SREDSTVA ZA ČIŠĆENJE
OM ORNEL LUNAR 1.6 L,90785342,ORNEL,1.60 l,ko,5.09,3.18,,,5.09,3850105186584,SREDSTVA ZA ČIŠĆENJE
DET LIKVI ULTRA LAVANDA SMILJE 450ml,90365163,LIKVI,0.45 l,ko,1.39,3.09,,,1.39,3850105170583,SREDSTVA ZA ČIŠĆENJE
DET ČARLI ORIGINAL 900ml,90468642,ČARLI,0.90 l,ko,2.69,2.99,,,2.55,3850111304095,SREDSTVA ZA ČIŠĆENJE
AJAX GLASS PINK TRIGGER 750ml,90603072,AJAX,0.75 l,ko,2.59,3.45,,,2.59,8718951048669,SREDSTVA ZA ČIŠĆENJE
MARAMICE VL DAX UNIVER 4X80KOM,90839687,DAX,319.49 ko,ko,3.99,0.01,,,3.99,3850334430205,SREDSTVA ZA ČIŠĆENJE
SOMAT EXCELLENCE 5IN1 42TAB,90785199,SOMAT,42.02 ko,ko,25.99,0.62,,,25.99,9000101809053,SREDSTVA ZA ČIŠĆENJE
DET PERSIL COLOR 40TAB,90744925,PERSIL,40.00 ko,ko,23.99,0.6,,,23.99,9000101599497,SREDSTVA ZA ČIŠĆENJE
DET ARIEL COLOR 1L=20PR,90705882,ARIEL,1.00 l,ko,5,5,,,7,8006540869727,SREDSTVA ZA ČIŠĆENJE
OM VIOLETA SENSITIVE 1.71L,90699053,VIOLETA,1.71 l,ko,,1.75,2.99,3.99,4.55,3870128034686,SREDSTVA ZA ČIŠĆENJE
DET PUR BALSAM ALOE VERA 450ML,08013853,PUR,0.45 l,ko,1.99,4.42,,,1.99,90407024,SREDSTVA ZA ČIŠĆENJE
DET ČARLI CLASSIC 1.35L,90468631,ČARLI,1.35 l,ko,3.75,2.78,,,3.49,3850111304200,SREDSTVA ZA ČIŠĆENJE
OM ORNEL NO. 1 1.6 L,90899754,ORNEL,1.60 l,ko,5.09,3.18,,,5.09,3850105190406,SREDSTVA ZA ČIŠĆENJE
DET DAX COLOR 3.75 kg 50PR,90894656,DAX,3.75 kg,ko,,1.2,4.49,6.99,6.99,3850334432773,SREDSTVA ZA ČIŠĆENJE
OM SILAN JUNGLE  1.1 L,90810337,SILAN,1.10 l,ko,,2.72,2.99,5.65,2.79,9000101800883,SREDSTVA ZA ČIŠĆENJE
OM VIOLETA ORIGINAL 900ml,90488227,VIOLETA,0.90 l,ko,2.65,2.94,,,2.65,3870128025967,SREDSTVA ZA ČIŠĆENJE
ODST MRLJA DR BECKM MAST ULJE 50ml,90146221,BECKMANN,0.05 l,ko,2,40,,,2,4008455341217,SREDSTVA ZA ČIŠĆENJE
OSVJ COCCOLINO MIRISNE VREČICE,08020186,COCCOLINO,1.00 ko,ko,3.99,3.99,,,3.99,8000660310282,SREDSTVA ZA ČIŠĆENJE
DET ARIEL EXTRA CLEAN 1.95L=39PR,90705935,ARIEL,1.95 l,ko,10,5.13,,,10,8006540878774,SREDSTVA ZA ČIŠĆENJE
OM LENOR PT GOLD ORCHID 1.239 L,90886180,LENOR,1.24 l,ko,,3.22,3.99,7.39,7.39,8700216724081,SREDSTVA ZA ČIŠĆENJE
DET FAKS GEL COLOR SC 2.7 L=54PR,90825987,FAKS,2.70 l,ko,10,3.7,,,16.99,3850105187482,SREDSTVA ZA ČIŠĆENJE
SOLNA KISELINA 1L ISPOD 9% DOMUS,90109031,DOMUS,1.00 l,ko,1.75,1.75,,,1.75,3859890392316,SREDSTVA ZA ČIŠĆENJE
VANISH  LIQ WHITE 2L,90362929,VANISH,2.00 l,ko,,5.59,11.18,13.99,13.99,5999109563248,SREDSTVA ZA ČIŠĆENJE
DET ARIEL EXTRA CLEAN 20 TAB,90662828,ARIEL,20.00 ko,ko,10,0.5,,,10,8001090803474,SREDSTVA ZA ČIŠĆENJE
FINISH ULTIMATE GEL LEMON 2X1 L,90899660,FINISH ADW,2.00 l,ko,35.99,18,,,35.99,5999109583697,SREDSTVA ZA ČIŠĆENJE
ODČEP ODVODA SANITAR TORP 1L,08030438,SANITAR,1.00 l,ko,4.05,4.05,,,3.59,3850111501128,SREDSTVA ZA ČIŠĆENJE
FROSCH SPIRITUS STAKLO 500ml,90382851,FROSCH,0.50 l,ko,,3.7,1.85,2.65,2.65,4009175953759,SREDSTVA ZA ČIŠĆENJE
AJAX FF LAGOON FLOWER 1L,08033799,AJAX,1.00 l,ko,,1.89,1.89,3.69,3.69,8718951278486,SREDSTVA ZA ČIŠĆENJE
DET JAR ALL IN ONE LEMON 85 TAB ,90662855,JAR ADW,85.03 ko,ko,36.79,0.43,,,36.79,8006540750063,SREDSTVA ZA ČIŠĆENJE
DET ARIEL FRESH 3.465 kg=63PR,90886380,ARIEL,3.47 kg,ko,25.49,7.36,,,25.49,8700216733830,SREDSTVA ZA ČIŠĆENJE
PEL VIOL COT PREM JUN 5 48/1,90622972,VIOLETA,48.01 ko,ko,17.85,0.37,,,17.85,3870128031944,TOALETNE POTREPŠTINE
PEL LUMPI MEGA JUN 5 72/1,90370163,LUMPI,72.05 ko,ko,10.62,0.15,,,10.62,3850334153562,TOALETNE POTREPŠTINE
PAP RUPČIĆI NATUR KUTIJA BALZ 4SL 100/1,90189253,NATUR,100.00 ko,ko,,0.02,1.69,2.12,2.12,3838900976630,TOALETNE POTREPŠTINE
VL MAR LUMPI SOFT 4X80/1,90184815,LUMPI,319.49 ko,ko,4.39,0.01,,,4.39,3850334433671,TOALETNE POTREPŠTINE
BLAZINICE OLEA 140/1,90528306,OLEA,140.06 ko,ko,,0.01,0.95,1.19,1.19,8605002353233,TOALETNE POTREPŠTINE
PEL LUMPI PREMIUM NEWBORN 1 (2-5kg) 28/1,90380356,LUMPI,28.00 ko,ko,,0.14,3.99,3.99,3.99,3850334154286,TOALETNE POTREPŠTINE
FLASTERI CLASSIC 20/1 SEPTONA,90769939,SEPTONA,20.00 ko,ko,1.25,0.06,,,1.25,5201410003208,TOALETNE POTREPŠTINE
PEL VIOLETA AD JUNIOR PLUS 6 16+kg 48/1,90193974,VIOLETA,48.01 ko,ko,12.99,0.27,,,14.4,3870128010314,TOALETNE POTREPŠTINE
VLAŽNE MARAMICE UNIVERZALNE OLEA 20/1,90382174,OLEA,20.00 ko,ko,0.89,0.04,,,0.89,3850334520128,TOALETNE POTREPŠTINE
VL MARAMICE BECUTAN 4PACK 72/1,90107519,BECUTAN,288.18 ko,ko,6.79,0.02,,,6.79,5310001224103,TOALETNE POTREPŠTINE
HIG UL NAT ULTRA NIGHT DUO 14/1,90308095,NATURELLA,14.00 ko,ko,2.85,0.2,,,2.85,8001090585394,TOALETNE POTREPŠTINE
TP PALOMA EXC XXL 20/1 3SL,90703401,PALOMA,20.00 ko,ko,4.49,0.22,,,4.49,3838952034005,TOALETNE POTREPŠTINE
DN UL VIOL WE CARE AIR FIT NORMAL 50/1 ,90424467,VIOLETA,50.00 ko,ko,,0.04,1.99,1.99,2.65,3870128023680,TOALETNE POTREPŠTINE
TP NATUR SOFT 200L 3SL 10/1,90185077,NATUR,10.00 ko,ko,2.99,0.3,,,0.1,3850334614667,TOALETNE POTREPŠTINE
TAMPONI TAMPAX COMPAK SUPER 16/1,90063484,TAMPAX,16.00 ko,ko,3.71,0.23,,,3.71,4015400219743,TOALETNE POTREPŠTINE
TAMPONI OB SUPER 16/1,06501865,OB,16.00 ko,ko,4.09,0.26,,,3.89,3574660089332,TOALETNE POTREPŠTINE
FLASTER UNIVERZ 10/1    9403,06621155,HANSAPLAST,10.00 ko,ko,1.85,0.19,,,1.85,9005800338057,TOALETNE POTREPŠTINE
HIG UL VIOLETA COTTON DAY&NIGHT 18/1,90726864,VIOLETA,18.00 ko,ko,,0.11,1.99,1.99,2.49,3870128040861,TOALETNE POTREPŠTINE
DN UL LIBRESSE DUO LONG 50/1,90568386,LIBRESSE,50.00 ko,ko,3.19,0.06,,,3.19,7322541350530,TOALETNE POTREPŠTINE
PAP RUPČIĆI PALOMA DINO 3SL 10/1,90769649,PALOMA,10.00 ko,ko,1.59,0.16,,,1.59,3838952035132,TOALETNE POTREPŠTINE
PAP RUPČIĆI PALOMA CLASSIC 3SL 10/1,05085017,PALOMA,10.00 ko,ko,1.59,0.16,,,1.59,3838952001991,TOALETNE POTREPŠTINE
DN UL VIOL WE CARE AIR FIT LONG 50/1  ,90424459,VIOLETA,50.00 ko,ko,,0.04,1.99,1.99,2.65,3870128023741,TOALETNE POTREPŠTINE
TP VLAŽNI ZEWA BABY 80/1,90824650,ZEWA,80.00 ko,ko,3.99,0.05,,,3.99,7322541394275,TOALETNE POTREPŠTINE
BLAZINICE LOLETE MAXI SENS 50/1,90047734,LOLETE,50.00 ko,ko,1.65,0.03,,,1.65,3858881100800,TOALETNE POTREPŠTINE
TP PALOMA EXC MIR TIS 3SL 8+2,05083079,PALOMA,10.00 ko,ko,2.99,0.3,,,2.99,3838952016315,TOALETNE POTREPŠTINE
BLAZINICE ZA DOJILJE TOTO 30/1,90110277,TOTO,30.00 ko,ko,3.49,0.12,,,3.49,3838985170596,TOALETNE POTREPŠTINE
PEL PAMPERS PREMIUM VP S3 60/1,90707868,PAMPERS,59.99 ko,ko,,0.25,14.99,21.59,14.99,4015400274780,TOALETNE POTREPŠTINE
RUPČIĆ ZEWA SOFT&STRONG 3SL KUT,05080257,ZEWA,90.01 ko,ko,2.35,0.03,,,2.35,4006670128002,TOALETNE POTREPŠTINE
PEL LUMPI PREM JUN 5 (11-16KG) 36/1,90749887,LUMPI,36.01 ko,ko,,0.18,6.65,6.65,6.65,3850334071057,TOALETNE POTREPŠTINE
DN UL NATURELLA LIGHT CAMOMILE 100/1,90769901,NATURELLA,100.00 ko,ko,3.99,0.04,,,3.99,8001090603807,TOALETNE POTREPŠTINE
HIG UL OLEA NIGHT DUO 20/1,90249950,OLEA,20.00 ko,ko,,0.08,1.69,2.16,2.16,3850334579690,TOALETNE POTREPŠTINE
PEL LUMPI PREMIUM MIDI 3 (4-9kg) 50/1,90380401,LUMPI,50.00 ko,ko,,0.13,6.63,6.63,6.63,3850334154323,TOALETNE POTREPŠTINE
VL. MAR VIOLETA B SOFT MED/K 5X51/1,90707815,VIOLETA,255.10 ko,ko,6.39,0.03,,,6.39,3870128036543,TOALETNE POTREPŠTINE
TP ZEWA DELUXE BIJELA 3SL 12/1,90814735,ZEWA,12.00 ko,ko,3.99,0.33,,,3.99,7322540989779,TOALETNE POTREPŠTINE
DN UL OLEA NORMAL 50/1,90249942,OLEA,50.00 ko,ko,,0.02,0.99,1.2,1.2,3850334579423,TOALETNE POTREPŠTINE
PELENE GAĆ PAMPERS JP S6 48/1,90839879,PAMPERS,48.01 ko,ko,25.89,0.54,,,25.89,8006540069202,TOALETNE POTREPŠTINE
BLAZINICE CAROLI 120/1,90062939,JEAN CAROL,120.05 ko,ko,2.06,0.02,,,2.06,4000576397821,TOALETNE POTREPŠTINE
HIG UL LIBRESSE UT LARGE NIGHT 8/1,90732941,LIBRESSE,8.00 ko,ko,2,0.25,,,2,7322540960235,TOALETNE POTREPŠTINE
PEL VIOLETA AD MAXI 4+ 9-20kg 56/1,90194166,VIOLETA,55.99 ko,ko,15.93,0.28,,,15.93,3870128010277,TOALETNE POTREPŠTINE
TP VLAŽNI ZEWA ALMOND MILK 80/1,90668204,ZEWA,80.00 ko,ko,3.99,0.05,,,3.99,7322541475233,TOALETNE POTREPŠTINE
FLASTER LOLA CLASSIC 20/1,06500274,LOLA,20.00 ko,ko,1.65,0.08,,,1.65,3858881104099,TOALETNE POTREPŠTINE
PEL VIOLETA AD MINI 2 PREM 64/1,90442967,VIOLETA,64.02 ko,ko,13.39,0.21,,,13.39,3870128024373,TOALETNE POTREPŠTINE
PAP RUPČIĆI NATUR MENT 4SL 10/1,90190381,NATUR,10.00 ko,ko,1.25,0.13,,,1.25,3838900965641,TOALETNE POTREPŠTINE
DN UL CAREFREE COTTON NORMAL 20/1,90880014,CAREFREE,20.00 ko,ko,2.69,0.13,,,2.69,3574661792620,TOALETNE POTREPŠTINE
PEL LUMPI PREMIUM XL 6 (15+ kg) 32/1 ,90745448,LUMPI,32.00 ko,ko,,0.21,6.65,6.65,6.65,3850334071422,TOALETNE POTREPŠTINE
GAĆICE MREŽ TO TO MAMA 5/1 L,06302159,TOTO,1.00 ko,ko,3.99,3.99,,,3.99,3838985857015,TOALETNE POTREPŠTINE
FLASTER HANS UNIV 40/1  9458,06621158,HANSAPLAST,40.00 ko,ko,3.99,0.1,,,3.99,4005800239458,TOALETNE POTREPŠTINE
HIG UL ALWAYS ULT NOĆNI DUO 14/1,06600063,ALWAYS P&G,14.00 ko,ko,3.45,0.25,,,2.29,8700216861052,TOALETNE POTREPŠTINE
FRISKIES SM JUNIOR 300g,01647074,FRISKIES,0.30 kg,ko,2.29,7.63,,,2.29,7613031868384,PROIZVODI ZA KUĆANSTVO
SALV PALOMA EAST EGG 33X33 3SL 20/1,90885064,PALOMA,1.00 ko,ko,1.69,1.69,,,2.29,3838952036092,PROIZVODI ZA KUĆANSTVO
FRIEND MM GOVEDINA 100g,90719885,FRIEND,0.10 kg,ko,0.59,5.9,,,0.59,3870547072511,PROIZVODI ZA KUĆANSTVO
VREĆA SMEĆE LD VEZ 120 L 10/1 DAX,90800031,DAX,10.00 ko,ko,1.99,0.2,,,1.99,3850334102386,PROIZVODI ZA KUĆANSTVO
FRISKIES SP JUNIOR 500G,90071589,FRISKIES,0.50 kg,ko,2.29,4.58,,,2.29,8445292012041,PROIZVODI ZA KUĆANSTVO
VREĆICA ZAMR HD 5L 26/1 F&P,90344728,FRESH&PACK,26.00 ko,ko,0.93,0.04,,,0.93,3850334009708,PROIZVODI ZA KUĆANSTVO
SPIRALA INOX ZA RIBANJE 2+1,90488327,VILEDA,1.00 ko,ko,,2.49,2.49,3.55,3.55,4023103210370,PROIZVODI ZA KUĆANSTVO
PEDIGREE SP ADULT GOV POV 2.6 kg,90784684,PEDIGREE,2.60 kg,ko,12.99,5,,,12.99,5998749145067,PROIZVODI ZA KUĆANSTVO
FRISKIES SM MES PIL POV 1.5KG,90044307,FRISKIES,1.50 kg,ko,,2.99,4.49,6.69,6.69,7613033923005,PROIZVODI ZA KUĆANSTVO
SALV PALOMA MAR&SEA 33X33 3SL 20/1,90069671,PALOMA,20.00 ko,ko,2.55,0.13,,,2.55,3838952021913,PROIZVODI ZA KUĆANSTVO
ŽIGICE ZA DOMAĆ VELIKE,05590126,EUROALP,1.00 ko,ko,1.49,1.49,,,1.39,8411442315904,PROIZVODI ZA KUĆANSTVO
VREĆICA PAPIRNATA KONZUM,90794966,K PLUS,1.00 ko,ko,0.39,0.39,,,0.39,3850334113726,PROIZVODI ZA KUĆANSTVO
SPUŽVA MAXI 5/1 REKORD,05357257,POLLY FLEX,5.00 ko,ko,1.65,0.33,,,1.65,3858882680035,PROIZVODI ZA KUĆANSTVO
KRPA NAVLAKA ZA BRISAČ VILEDA ULTRA,90106797,VILEDA,1.00 ko,ko,,10.99,10.99,19.49,19.49,4023103201262,PROIZVODI ZA KUĆANSTVO
WHISKAS MM PILETINA 85G,90678150,WHISKAS,0.09 kg,ko,0.89,10.47,,,0.89,5900951302107,PROIZVODI ZA KUĆANSTVO
ONE MP MINI PIL GOV 4X85G,90719809,ONE,0.34 kg,ko,3.49,10.26,,,3.49,8445290299512,PROIZVODI ZA KUĆANSTVO
RUKAVICE VILEDA EXTRA SENSATION M,90570121,VILEDA,1.00 ko,ko,,2.79,2.79,3.99,3.99,4023103073937,PROIZVODI ZA KUĆANSTVO
SALV PALOMA BOŽIĆ SNJEGOVIĆ 33x33 20/1,90668663,PALOMA,20.00 ko,ko,1.35,0.07,,,2.29,3838952033831,PROIZVODI ZA KUĆANSTVO
KOCKE ZA POTPALU 48/1 HOME PARAFIN,90457844,HOME,48.01 ko,ko,0.99,0.02,,,0.99,3838900984703,PROIZVODI ZA KUĆANSTVO
FRISKIES PICNIC PILET 42g,01642012,FRISKIES,0.04 kg,ko,0.79,18.81,,,0.79,4000487223349,PROIZVODI ZA KUĆANSTVO
ALUFOLIJA EXTRA ČVRSTA 20MX29cm F&P,90675170,FRESH&PACK,1.00 ko,ko,,1.79,1.79,2.39,2.39,3850334431585,PROIZVODI ZA KUĆANSTVO
LOPATICA SMEĆE GUMA DAX,90276265,DAX,1.00 ko,ko,1.19,1.19,,,1.19,3850334599766,PROIZVODI ZA KUĆANSTVO
RUČNIK PALOMA PRO CLEAN 3SL 1/1,90749729,PALOMA,1.00 ko,ko,1.89,1.89,,,1.89,3838952033893,PROIZVODI ZA KUĆANSTVO
ONE SP MINI WEIGHT CONT. PUR RIŽA 800g,90361602,ONE,0.80 kg,ko,5.49,6.86,,,5.49,7613034146762,PROIZVODI ZA KUĆANSTVO
KRPA MAGIC REKORD TIM STAKLO 40x40 cm,90673119,REKORD TIM,1.00 ko,ko,4.49,4.49,,,4.49,3858882683760,PROIZVODI ZA KUĆANSTVO
ROVUS MULTI CLEANER,90795587,ROVUS,1.00 ko,ko,,25.38,25.38,29.99,29.99,3858894408528,PROIZVODI ZA KUĆANSTVO
FRISKIES MP JUNIOR  PILE GRAŠ 4X85 g,90809760,FRISKIES,0.34 kg,ko,,5.85,1.99,2.59,1.99,8445290751768,PROIZVODI ZA KUĆANSTVO
PRAŠKO TELESKOPSKA DRŠKA PAUL KOCH,90755034,PAUL KOCH,1.00 ko,ko,2.99,2.99,,,2.99,4051237018678,PROIZVODI ZA KUĆANSTVO
VREĆA SMEĆE LD 40L 20/1 OPTIPLAST,90187412,OPTIPLAST,20.00 ko,ko,1.99,0.1,,,1.99,3859891367344,PROIZVODI ZA KUĆANSTVO
WHISKAS SM PILETINA 800 g,90886237,WHISKAS,0.80 kg,ko,5.49,6.86,,,5.49,5998749146897,PROIZVODI ZA KUĆANSTVO
SALV NATUR PREM BRES 33X33 3SL 30/1,90894722,NATUR,30.00 ko,ko,0.99,0.03,,,0.99,3850334432094,PROIZVODI ZA KUĆANSTVO
VREĆICE PEČENJE 8/1 F&P,90675194,FRESH&PACK,1.00 ko,ko,1.79,1.79,,,1.79,8605002358580,PROIZVODI ZA KUĆANSTVO
RUČNIK PAP NATUR JUMBO 2SL 350LIST,90667986,NATUR,1.00 ko,ko,3.69,3.69,,,3,8605002357576,PROIZVODI ZA KUĆANSTVO
RUČNIK PAP PALOMA 2SL 2/1,05089255,PALOMA,2.00 ko,ko,1.86,0.93,,,1.86,3838952013468,PROIZVODI ZA KUĆANSTVO
TOMI MM 400G GOVEDINA,90673234,TOMI,0.40 kg,ko,1.75,4.38,,,1.75,4003024157046,PROIZVODI ZA KUĆANSTVO
SALV PALOMA BOŽIĆ SOB 33x33 20/1,90668658,PALOMA,20.00 ko,ko,2.29,0.11,,,2.29,3838952033848,PROIZVODI ZA KUĆANSTVO
FRISKIES BEGGIN' STRIPS SLANINA 120G,90052123,FRISKIES,0.12 kg,ko,1.99,16.58,,,1.99,7613033445149,PROIZVODI ZA KUĆANSTVO
RUČNIK PAP PALOMA MULTIFUN 2SL 4/1,90401403,PALOMA,4.00 ko,ko,1.55,0.39,,,1.55,3838952025775,PROIZVODI ZA KUĆANSTVO
ŽICA TEFLON FINO 1/1,90706368,FINO,1.00 ko,ko,1.29,1.29,,,1.29,5201314911081,PROIZVODI ZA KUĆANSTVO
KANTA OCJEĐIVAČ OKRUGLA 12L DAX,90276259,DAX,1.00 ko,ko,,2.35,2.35,3.35,3.32,3850334599704,PROIZVODI ZA KUĆANSTVO
MY PETS MP GOVED 1250G,01642176,MY PETS,1.25 kg,ko,1.59,1.27,,,1.59,3850334180940,PROIZVODI ZA KUĆANSTVO
FELIX MM PILETINA 80 g,90864958,FELIX,0.08 kg,ko,0.79,9.88,,,0.79,8445291102156,PROIZVODI ZA KUĆANSTVO
SPUŽVA POLLYF 3/1 10104 2314,05351893,POLLY FLEX,3.00 ko,ko,1.75,0.58,,,1.75,3859888122314,PROIZVODI ZA KUĆANSTVO
RUČNIK PALOMA DESIGN PLUS 3SL 3/1,90890608,PALOMA,3.00 ko,ko,2.79,0.93,,,1.99,3838952035903,PROIZVODI ZA KUĆANSTVO
METLA SOB VILEDA 2U1 DUACT DRŠ  5755,05512815,VILEDA,1.00 ko,ko,,16.79,16.79,23.99,23.99,4023103095755,PROIZVODI ZA KUĆANSTVO
VREĆICA ZAMR LD 5L 25/1 ROYAL,90090477,ROYAL,25.00 ko,ko,1.86,0.07,,,1.86,3858888961022,PROIZVODI ZA KUĆANSTVO
KRPA UNIVERZALNA DAX 6/1,90289987,DAX,6.00 ko,ko,1.45,0.24,,,1.45,3850334608086,PROIZVODI ZA KUĆANSTVO
VREĆICE RUČKA SENDVIČ 100/1 ALUFIX,90754950,ALUFIX,100.00 ko,ko,3.19,0.03,,,3.19,4823071655797,PROIZVODI ZA KUĆANSTVO
HRENOVKE BEZ OV 250g PIK VRBOVEC,02048502,PIK VRBOVEC,0.25 kg,ko,2.69,10.76,,,2.69,3850139310825,HRANA
ČIPS PRINGLES SOUR&CREAM 165g,01311183,PRINGLES,0.17 kg,ko,3.49,21.15,,,3.49,5053990101597,HRANA
ŠUNKA PUREĆA DELUXE NAR 100g VINDON,90147208,VINDON,0.10 kg,ko,2.59,25.9,,,2.59,3850159128813,HRANA
NAMAZ NUTELLA 400g STAKLO,04230973,NUTELLA,0.40 kg,ko,4.69,11.73,,,4.39,80135876,HRANA
VANILIN ŠEĆER 8g 5+1 GRATIS DOLCELA,90703056,DOLCELA,0.04 kg,ko,0.7,17.5,,,0.5,3856020258726,HRANA
MLIJEKO TR 3.5% 1L ALPSKO,02233959,LJUBLJ.MLEK.,1.00 l,ko,1.69,1.69,,,1.69,3838800040578,HRANA
MORTADELA S MASLINAMA NAR 150g MA,90062455,PIK VRBOVEC,0.15 kg,ko,2.79,18.6,,,2.79,3850139171099,HRANA
KRUH POLUBIJELI 700g MLINAR,04010004,MLINAR,0.70 kg,ko,1.04,1.49,,,1.04,3858881122611,HRANA
PASTRVA OČIŠ SVJ PAK KONZUM,02198767,,1.00 kg,kg,7.39,7.39,,,7.39,,HRANA
KAVA CREMA MLJEVENA 175G,90187263,FRANCK CREMA,0.18 kg,ko,4.39,25.07,,,4.39,3858881087637,HRANA
TOAST K PLUS AMERICAN 750g,90290981,K PLUS,0.75 kg,ko,2.05,2.73,,,1.59,3850334610874,HRANA
ŠUNKA U OVITKU 350g PIK VRBOVEC,90330562,PIK,0.35 kg,ko,4.69,13.4,,,4.69,3850139173550,HRANA
PUDING CHOCO-LOCO 4X125g VINDIJA,90059143,FINO MI JE,0.50 kg,ko,,3.38,1.69,1.99,1.85,3850108040500,HRANA
ŠIPAK,01414585,,1.00 kg,kg,2.69,2.69,,,2.49,3858885877692,HRANA
PAN RIBLJI ŠTAPIĆ FILET 450g LEDO,90703190,LEDO,0.45 kg,ko,4.99,11.08,,,4.99,3850116066547,HRANA
SV MLJEVENA 540G (MA),90276060,PIK VRBOVEC,0.54 kg,ko,2.22,4.11,,,2.22,3850139540598,HRANA
TIJES MAXX LUM RIG 053 625G,04051336,PASTA ZARA,0.63 kg,ko,1.59,2.54,,,1.59,8004350001870,HRANA
MASLAC IKL 250g FOLIJA DUKAT,02180193,DUKAT,0.25 kg,ko,,9.96,2.49,2.99,2.99,3850355000999,HRANA
JABUKA GALA,01411591,,1.00 kg,kg,1.69,1.69,,,1.49,3850334386069,HRANA
KULEN 80g NAR PODRAVKA,90316888,PODRAVKA,0.08 kg,ko,2.19,27.38,,,1.95,3856020213244,HRANA
ŠUNKA K PLUS ZA PIZZU,02039444,K PLUS,1.00 kg,kg,4.99,4.99,,,5.75,3850139350463,HRANA
KOLAČ BIJELA PITA K PLUS 400g,90468093,K PLUS,0.40 kg,ko,4.99,12.48,,,4.29,3850334385512,HRANA
SALATA PUTER KOMAD,01403009,,0.20 kg,ko,0.99,4.95,,,0.99,3850334240033,HRANA
ODRESCI PILEĆEG FILE OD PRSA 400g,90077062,CEKIN,0.40 kg,ko,6.29,15.73,,,4.89,3850159113383,HRANA
ŠUNKA K PLUS DIMLJENA 1/2 VAK,90266184,K PLUS,1.00 kg,kg,9.69,9.69,,,9.99,3850139285505,HRANA
ZIMSKA SALAMA NAR 80g,90045241,GAVRILOVIĆ,0.08 kg,ko,2.89,36.13,,,2.69,3858881227637,HRANA
VRHNJE KISELO 12% 200g DUKAT,02334127,BRZO&FINO,0.20 kg,ko,,4.45,0.89,0.94,0.94,3850354002024,HRANA
SUHA PEČENICA 1/2 VAK PIK,90320193,PIK VRBOVEC,1.00 kg,kg,21.99,21.99,,,21.99,3850139030563,HRANA
NAMAZ LINO LADA DUO 700g PODRAVKA,90648385,LINO LADA,0.70 kg,ko,6.59,9.41,,,6.19,3856020259884,HRANA
ULJE SUNCOKRET K PLUS 1L,90850286,K PLUS,1.00 l,ko,1.49,1.49,,,1.49,3850334432537,HRANA
DESERT KINDER MILCHSCHNITTE T5 140g,90039969,FERRERO,0.14 kg,ko,3.39,24.21,,,2.49,8000500062654,HRANA
ČIPI ČIPS PAPRIKA 120 g ,90751044,ČIPI ČIPS,0.12 kg,ko,2.19,18.25,,,2.19,3856021306549,HRANA
NAMAZ  ALPINESSE 250g MEGGLE,90083827,ALPINESSE,0.25 kg,ko,3.99,15.96,,,3.99,4034900008190,HRANA
ČOKOL MILKA ALPSKA 80g,04218065,MILKA,0.08 kg,ko,1.03,12.88,,,1.03,7622300424695,HRANA
KRUH KUK MIJEŠANI 500g MLINAR,90056494,MLINAR,0.50 kg,ko,2.35,4.7,,,2.19,3858881123618,HRANA
TIJESTO PENNE RIGATE 73 500g BARILLA,04360209,BARILLA,0.50 kg,ko,,1.9,0.95,1.95,1.95,8076802085738,HRANA
LUK LJUBIČASTI,01400667,,1.00 kg,kg,1.09,1.09,,,1.29,3850334173034,HRANA
ČOK DORINA NOISETTE 220g FLOW PACK,90083732,DORINA,0.22 kg,ko,,13.59,2.99,4.49,4.49,3850102501984,HRANA
SIR POLUTV TILZIT 45% VINDIJA,02053677,Z BREGOV,1.00 kg,kg,,9.99,9.99,9.99,12.99,3850108053906,HRANA
DESERT KINDER BUENO WHITE 39g,04221482,FERRERO,0.04 kg,ko,1.29,33.08,,,1.19,80761761,HRANA
SV CARSKO MESO TEŽIH SVINJA UVOZ RFS ,90573589,PIK,1.00 kg,kg,2.99,2.99,,,3.99,3850139280050,HRANA
VRHNJE ZA ŠLAG 36% 0.5L VINDIJA,02330736,Z BREGOV,0.50 l,ko,4.29,8.58,,,3.99,3850108033663,HRANA
GRILL ĆEVAPČIĆI 600g PIK,90288291,PIK VRBOVEC,0.60 kg,ko,5.49,9.15,,,5.09,3850139445091,HRANA
MEĐIMURSKO PILE PICEK S MARINADOM,90707151,MEĐIMURSKO PILE,1.00 kg,kg,3.32,3.32,,,3.32,3850220407687,HRANA
PARIZER PUREĆI K PLUS 1000g,90282288,K PLUS,1.00 kg,ko,2.79,2.79,,,2.79,3850334610676,HRANA
ULJE SUNCOKRET 1L PET ZVIJEZDA,03220230,ZVIJEZDA,1.00 l,ko,1.69,1.69,,,1.69,3858882210010,HRANA
PANIRANI RIBLJI ODREZAK 400g LEDO,90079343,LEDO,0.40 kg,ko,4.99,12.48,,,4.19,3850116995724,HRANA
TJES FUSILLI OD PIR BRAŠ 500g  MLIN PUKANIC,90404011,MLIN PUKANIĆ,0.50 kg,ko,2.69,5.38,,,2.69,3859892888336,HRANA
PRELJEV ZA TORTU TORTENGUS 13g PODRA,04183266,DOLCELA,0.01 kg,ko,0.99,76.15,,,0.99,3850104219474,HRANA
KUGLICE DAT LJEŠ KAK KI 100 g FITFIT,90884838,FIT&FIT,0.10 kg,ko,3.99,39.9,,,3.99,8683923381689,HRANA
PAHULJICE FITNESS KAKAO PROT 310 g N,90869981,NESTLE ŽITAR,0.31 kg,ko,4.99,16.1,,,4.99,5900020043481,HRANA
SLAD KIT KAT ŠTAPIĆ 90ml,90408674,KIT KAT,0.09 l,ko,1.99,22.11,,,2.69,3274664229917,HRANA
PRELJEV PROSERIES ZERO CHO HAZ 0.18L,90400442,POLLEO,0.18 l,ko,2.99,16.61,,,2.99,3858892291573,HRANA
ČEŠNJAK MLINAC 48G KOTANYI,90268111,KOTANYI,0.05 kg,ko,,49.79,2.39,3.99,3.98,9001414204245,HRANA
ČOKOLADA DORINA KARAMELA BADEM 100 g,90885319,DORINA,0.10 kg,ko,1.99,19.9,,,1.45,3850102014835,HRANA
KRUH DOMAĆI SA SJEMENKAMA 400G DON DON,90228048,DON DON,0.40 kg,ko,2.35,5.88,,,1.85,3830043040346,HRANA
JOGURT B'AKTIV JAGODA 330g DUKAT,90514024,B'AKTIV,0.33 kg,ko,,3.91,1.29,1.29,1.29,3850354015864,HRANA
KRUH PRIMORSKI 500g MLINAR,90703612,MLINAR,0.50 kg,ko,2.09,4.18,,,1.99,3858889899966,HRANA
BOMBON PEPERMINT 100g TVR KRAŠ,04191821,KRAŠ,0.10 kg,ko,1.25,12.5,,,1.25,3850102210312,HRANA
OSLIĆ FILET 400g LEDO,90607800,LEDO,0.40 kg,ko,3.83,9.58,,,3.83,3850116048598,HRANA
ŠPEK PODRAVSKI 350g PODRAVKA,90754732,PODRAVKA,0.35 kg,ko,6.49,18.54,,,5.59,3856020272760,HRANA
KAVA JUBIL VAC MLJEV 250g FRANCK,04070777,JUBILARNA,0.25 kg,ko,5.39,21.56,,,5.39,3858881080263,HRANA
ČAJ KAMILICA FILT 20/1 20g FRANCK,04091837,FRANCK,0.02 kg,ko,1.79,89.5,,,1.79,3858881081420,HRANA
MESNI UŠTIPCI 300g PIK VRBOVEC (MA),90602829,PIK VRBOVEC,0.30 kg,ko,3.35,11.17,,,3.15,3850139522341,HRANA
TIROLSKA KOBASICA K PLUS 500g,90071887,K PLUS,0.50 kg,ko,2.99,5.98,,,2.99,3850334349880,HRANA
FORTIA NATUR 0.5% 1kg TTOP VINDIJA,90401245,FORTIA,1.00 kg,ko,2.49,2.49,,,2.49,3850108036619,HRANA
KRUH POLUBIJELI 700G PAK KLARA,90228723,KLARA,0.70 kg,ko,1.49,2.13,,,1.49,3856016906723,HRANA
JOGURT VOĆ JOGOBELLA CLASS 150g ZOTT,02321008,JOGOBELLA,0.15 kg,ko,,3.27,0.49,0.69,0.65,4014500503646,HRANA
MALINA 125 grama,01410092,,0.13 kg,ko,2.69,21.52,,,2.49,8013912170046,HRANA
GRAH SMEĐI 460g LIM PODRAVKA,01550062,PODRAVKA,0.46 kg,ko,2.19,4.76,,,2.19,3850104025389,HRANA
NAMAZ SIR SVJEŽI VIVIS 200 g   ,90111765,VIVIS,0.20 kg,ko,2.19,10.95,,,2.19,3850108058482,HRANA
KRUH DOMAĆI MIJEŠANI 400G DON DON,90228061,DON DON,0.40 kg,ko,1.95,4.88,,,1.85,3830043040353,HRANA
SIR TVRDI GRANA PAD RIB K PLUS 100g,90074487,K PLUS,0.10 kg,ko,2.79,27.9,,,1.99,3850334353993,HRANA
SLAD LEDO M6 BOX STAR KORNET 720ml,90310513,LEDO,0.72 l,ko,4.99,6.93,,,3.99,3850116004655,HRANA
BRAŠNO OŠTRO T-400 1kg MLINETA,04034234,MLINETA,1.00 kg,ko,0.79,0.79,,,0.65,3859888419018,HRANA
VAFL PRUTIĆI FINESSE KAKAO 250g,90698065,FINESSE,0.25 kg,ko,,5.96,1.49,1.89,1.89,3850334035943,HRANA
JOGURT B'AKTIV ACAI ŠUMSKI MIX 330g,90514021,B'AKTIV,0.33 kg,ko,,3.91,1.29,1.29,1.29,3850354015840,HRANA
MJEŠ ZAČ ŠPAGETI CARBONARA 37g MAGGI,90703099,MAGGI,0.04 kg,ko,1.49,40.27,,,1.49,7613287123770,HRANA
PAPRIKA ZAČ SLATKA 100 g SOTINAC,90875116,OPG SOTINAC,0.10 kg,ko,2.19,21.9,,,2.19,3859893718083,HRANA
NAPITAK ČOK BEZ LAKT 0.2 L VINDIJA,90839713,VINDIJA,0.20 l,ko,0.99,4.95,,,0.99,3850108023084,HRANA
KUPUS KIS PAPRIKA ČEŠNJAK PAPAR 250g,90348707,KORA,0.25 kg,ko,1.99,7.96,,,1.59,3859891493609,HRANA
SVJEŽI REZANCI 250g NAŠE KLASJE,04020446,AURELIA,0.25 kg,ko,2.19,8.76,,,2.19,3859890561132,HRANA
POLLEO SHAKER GO HARD OR GO HOME 0.6L,90678292,POLLEO,0.60 l,ko,4.99,8.32,,,3.49,3856026804750,HRANA
PUDING ČOKOLADA PREMIUM 53g PODRAVKA,04180935,DOLCELA,0.05 kg,ko,0.99,18.68,,,0.99,3850104249464,HRANA
ZAČIN MUŠKATNI ORAH  S RIB VR 15g VEG. MAESTRO,90282036,VEGETA MAESTRO,0.02 kg,ko,1.89,126,,,1.89,3850104294471,HRANA
KAVA ESPRES INTENSO DG 10/1 80 g BAR,90874744,BARCAFFE,0.08 kg,ko,4.49,56.13,,,3.98,3838471057073,HRANA
SOL MORSKA SITNA CA/MG 1kg SOL PAG  ,90794769,SOLANA PAG,1.00 kg,ko,1.19,1.19,,,0.5,3859888155589,HRANA
KEKS DOM SMOKV ROGAČ 150g KEKSOM,90670187,KEKSOMANIJA,0.15 kg,ko,3.32,22.13,,,3.32,3857500127822,HRANA
ZAM KAVIJAR LOSOS 50 g EUROCAVIAR,90825315,EUROCAVIAR,0.05 kg,ko,7.49,149.8,,,7.49,8410649002693,HRANA
SLAD SANDWICH MONTE 3X120 ml,90886429,MONTE,0.36 l,ko,5.99,16.64,,,5.99,5906040064222,HRANA
ČOKOLADA TAMNA 70% SOL 100 g VALOR,90880109,VALOR,0.10 kg,ko,2.99,29.9,,,2.99,8410109051247,HRANA
ORAH IND SUHOPRŽ SLANI VEDRINI 200 g,90850456,VEDRINI,0.20 kg,ko,3.89,19.45,,,3.89,3858889333637,HRANA
ČAJ KONOPLJA ZELENI ČAJ 25g BIO CANNONA,90485728,CANNONA,0.03 kg,ko,3.98,159.2,,,3.98,3859893683169,HRANA
TIJESTO MAKARONI JAJ 400g KOLEDA,90060207,KOLEDA,0.40 kg,ko,2.25,5.63,,,2.25,3859888433267,HRANA
MASLINE KALAMATA SINGLE FARM 160g,90706519,ILIADA,0.16 kg,ko,3,18.75,,,3.99,5201043105249,HRANA
MED LIPA 450g ŽUPANJA,90412088,KUĆA MEDA,0.45 kg,ko,9.59,21.31,,,8.76,3859893780028,HRANA
KEKS BIO DJ HIPP 180G,90648411,HIPP,0.18 kg,ko,3.59,19.94,,,3.59,9062300137276,HRANA
LUK PRAH 70g SOTINAC,90750975,OPG SOTINAC,0.07 kg,ko,1.29,18.43,,,1.29,3859893718298,HRANA
SALATA PILETINA MIX CURRY 160 g NJAM,90889669,NJAMI,0.16 kg,ko,3.99,24.94,,,3.99,3838929620064,HRANA
MARINATO GRILL FILE ZABATKA CEKIN,90707057,CEKIN,1.00 kg,kg,9.99,9.99,,,9.99,3850159150265,HRANA
RIŽA MJEŠAVINA 3 ZRNA 800g GALLO,04064009,RISO GALLO,0.80 kg,ko,4.49,5.61,,,4.49,8001420011296,HRANA
KAŠICA ORG GERBER MRKVA/BATAT 125g,90707595,GERBER,0.13 kg,ko,1.59,12.72,,,1.59,8445291761292,HRANA
KAŠICA HIPP BIO VK JAB/BOROV 160g,90707892,HIPP,0.16 kg,ko,1.75,10.94,,,1.75,4062300441484,HRANA
BOMBON NIMM2 KISELI GUMENI 100g,04193152,NIMM2,0.10 kg,ko,1.19,11.9,,,1.19,4014400911039,HRANA
PAŠTETA JANJEĆA 50g BURETIĆ,90573449,BURETIĆ,0.05 kg,ko,2.59,51.8,,,2.59,3859893159336,HRANA
BOLERO MIX NATURA 150g,90301921,NATURA,0.15 kg,ko,3.49,23.27,,,20,3859892798857,HRANA
FILE PILEĆI 6X2 NATUR,90409794,WING FOODS,1.00 kg,kg,5.31,5.31,,,5.31,7898563210508,HRANA
RAJČICE SUŠENE 280g SACLA,01605116,SACLA,0.28 kg,ko,4.589,16.39,,,4.59,80629580,HRANA
ČOK MLIJEČ S JAGODOM 75g VRSNA,90731074,HRVATSKI VEZ,0.08 kg,ko,5.29,70.53,,,5.29,3858892255780,HRANA
PAHULJICE FITNESS FIBHONEY 310 g NE,90869984,NESTLE ŽITAR,0.31 kg,ko,4.99,16.1,,,4.99,5900020043504,HRANA
TORTA PANGELATO LJEŠNJAK ČOKO 1150 g,90775189,CALLIPO,0.85 kg,ko,19.99,23.59,,,19.99,8033706190340,HRANA
ČOKOLADA TAMNA 82% 100 g VALOR,90880118,VALOR,0.10 kg,ko,2.99,29.9,,,2.99,8410109104950,HRANA
KUGLICE ŠUMSKO VOĆE 100 g FITFIT,90825643,FIT&FIT,0.10 kg,ko,2.99,29.9,,,2.99,8683923381740,HRANA
KINDER MINI FRIENDS MILK 122g,90734756,FERRERO,0.12 kg,ko,2,16.39,,,1.5,8000500409534,HRANA
KAŠA ZOB FUN&FIT ČOKOLADA 60 g,90750735,FUN&FIT,0.06 kg,ko,0.89,14.83,,,0.89,8606015858111,HRANA
KAVA MUST RISTRETTO DG 16/1 112g,90288220,MUST,0.11 kg,ko,5.29,47.23,,,5.29,8056370761333,HRANA
FLIPS CLIPSY MAX PILETINA 70 g,90887006,PEPSICO,0.07 kg,ko,1.89,27,,,1.89,8606033741594,HRANA
TJEST TAGLIATELLE 400g BRONZA,90730981,BRONZA,0.40 kg,ko,3.19,7.98,,,3.19,3857500128522,HRANA
KAŠICA HIPP KRUŠKE VILIJAM 190g,03140022,HIPP,0.19 kg,ko,1.69,8.89,,,1.69,9062300131670,HRANA
SOL S CRNIM TARTUFOM 80 g ZIGANTE,90800754,ZIGANTE,0.08 kg,ko,5.99,74.88,,,5.99,3858891983080,HRANA
ČOKOLADNO JAJE BARBIE 20g ZAINI,90804852,ZAINI,0.02 kg,ko,1.19,59.5,,,1.19,80712756,HRANA
ZAČIN GRILL SENF MED BILJE 75g VEGETA,90770273,VEGETA,0.08 kg,ko,1.29,17.2,,,1.29,3856020269975,HRANA
CREMA PAŠTETA OD BAKALARA NA BIJELO 100g,90324463,BACCALA DELLA MAMMA,0.10 kg,ko,3.29,32.9,,,3.29,3859890853053,HRANA
PUDING ČOKOLADA GALET 104g DR OETKER,04180052,DR OETKER,0.10 kg,ko,1.09,10.48,,,1.09,5997381372732,HRANA
KULENOVA SEKA,90391103,GAVRILOVIĆ,1.00 kg,kg,19.49,19.49,,,19.49,3858890206487,HRANA
ZAČIN ZA HRSK KRUMP 30g VEGETA NATUR,90185733,VEGETA NATUR,0.03 kg,ko,1.19,39.67,,,1.19,3850104278570,HRANA
TUBA ORG GERBER KRUŠKA 80g,90707585,GERBER,0.08 kg,ko,1.49,18.63,,,1.49,8445290167170,HRANA
TARTUFI I VRGANJI 130g ZIGANTE,01600110,ZIGANTE,0.13 kg,ko,16.59,127.62,,,16.59,3859889179317,HRANA
TOUNJSKI SIR 700g,90404027,OPG CASEUS,0.70 kg,ko,12.49,17.84,,,11.19,3857500021205,HRANA
GRISSINI DULCETTI CLASSIC 4/1 250 g,90890127,DULCETTI,0.25 kg,ko,,6.36,1.59,1.99,1.99,3838900843468,HRANA
ČAJ ZELENI S NARANČOM TEEKANNE 35g,90047784,TEEKANNE,0.04 kg,ko,1.99,56.86,,,1.99,5901086002610,HRANA
ČIPS CHIO OVEN SLANI 100 g,90886914,CHIO,0.10 kg,ko,2.19,21.9,,,2.19,5996253002401,HRANA
SENF KREMSER TUBA 200g DEVELEY,01530048,MAUTNER MARK,0.20 kg,ko,1.95,9.75,,,1.65,9011900139647,HRANA
SLAD LEDO SATIN JAGODA 900 ml,90885940,QUATTRO,0.90 l,ko,4.99,5.54,,,4.99,3850116067230,HRANA
BOSILJAK USITNJEN 7G ŠAFRAM,90391193,ŠAFRAM,0.01 kg,ko,0.49,70,,,0.46,3859892109332,HRANA
ŠTAPIĆI TRIK SLANI 200 g,90887270,TRIK,0.20 kg,ko,1.19,5.95,,,1.19,8600462020985,HRANA
TORTELLINI RICO ŠPI 250 g PASTIFICIO,90890606,PASTIFICIO BOLOGNESE,0.25 kg,ko,1.99,7.96,,,1.99,8058951350233,HRANA
SENF DELIKATES 290 g ZVIJEZDA,90890078,ZVIJEZDA,0.29 kg,ko,,5.14,1.49,1.79,1.79,3856015332523,HRANA
ŠEĆER SMEĐI NERAF SV 500G MUSCOVADO,90155015,ENCIAN,0.50 kg,ko,3.99,7.98,,,3.99,3858890100969,HRANA
PRŠUT DALMATINSKI NAR 250 g MAP,90886680,VOŠTANE,0.25 kg,ko,10.3,41.2,,,10.3,3858889494819,HRANA
KIKIRIKI U TIJESTU ŠUNKA 120g MOGYI,90600120,MOGYI,0.12 kg,ko,1.6,13.33,,,1.6,5997347540564,HRANA
ČOKOLADA MILKA CIJELI LJEŠ 190 g,90889925,MILKA,0.19 kg,ko,4.49,23.63,,,4.49,7622202305399,HRANA
ŠLJIVA SUHA B/K 350 g NATURA PLUS,90895295,NATURA,0.35 kg,ko,4.49,12.83,,,4.49,3858893922582,HRANA
ŠTRU FINESSE ČOKO JABUKA CIMET 145 g,90889649,FINESSE,0.15 kg,ko,,6.83,0.99,1.19,1.19,3850334437051,HRANA
ČOKOLADA MILKA LOTUS BISCOFF 190 g,90889948,MILKA,0.19 kg,ko,4.49,23.63,,,4.49,7622202305337,HRANA
GRAH BIJELI CAN GARDEN GOOD 420/240g,90854717,GARDEN GOOD,0.24 kg,ko,0.79,3.29,,,0.79,3838900842928,HRANA
MLIJEČNI NAPITAK VAN 500 ml ZOTT,90879811,HUNGRY,0.50 l,ko,4.49,8.98,,,4.99,4014500521114,HRANA
MLIJ ČOK LAGANO JUTRO 0.5 L DUKAT,90839734,LAGANO JUTRO,0.50 l,ko,1.69,3.38,,,1.69,3850354015093,HRANA
SLAD PISTACCHIO BIS 4X50 g,90886260,SAMMONTANA,0.20 kg,ko,5.99,29.95,,,5.99,8005840021095,HRANA
PIZZA SALAME 330 g GG,90874912,GUSTAVO GUSTO,0.33 kg,ko,4.49,13.61,,,4.49,4260414154461,HRANA
MAJONEZA THOMY 170 g DOYPACK,90880082,THOMY,0.17 kg,ko,2.19,12.88,,,2.19,8445291689152,HRANA
SLADOLED TTL KAVA KEKSI 473 ml,90899970,TASTE THE LAYERS,0.47 l,ko,4.99,10.55,,,4.99,8021995014287,HRANA
PROTEINSKI NAPITAK ČOK/BAN 0.5L VIN,90513941,Z BREGOV,0.50 l,ko,2.55,5.1,,,2.55,3850108023718,HRANA
INSTANT NESCAFE GOLD ST 190g+20g,90706717,NESCAFE,0.19 kg,ko,,55.21,10.49,14.49,13.49,8445290585103,HRANA
GLJIVA ŠAMPINJON 250 grama,01400011,KORA,0.25 kg,ko,1.29,5.16,,,1.29,3850334013569,HRANA
PILEĆI MINI FILE 400g VINDIJA,02435527,CEKIN,0.40 kg,ko,6.29,15.73,,,4.89,3850159110900,HRANA
OSLIĆ FILET OCEAN 500g,90385838,OCEAN,0.50 kg,ko,4.99,9.98,,,4.99,3838900844953,HRANA
SIR TVRDI LIVANJSKI K PLUS 300g,90632968,K PLUS,0.30 kg,ko,,16.63,4.99,6.29,6.29,3850334011336,HRANA
KEČAP BLAGI 1000G K PLUS,90268638,K PLUS,1.00 kg,ko,,1.59,1.59,1.99,1.99,3850334610010,HRANA
KRASTAVAC K PLUS SLATKO KISELI 350G,90149943,K PLUS,0.35 kg,ko,,6.54,2.29,2.79,2.49,3850334520500,HRANA
AJVAR GARDEN GOOD LJUTI PREM 550g,90754908,GARDEN GOOD,0.55 kg,ko,,9.07,4.99,6.59,6.59,3850334107824,HRANA
SV SLAB I LEĐA SK BF ODR 575g MA,02404378,PIK VRBOVEC,0.58 kg,ko,4.75,8.26,,,4.39,3850139437515,HRANA
ČOKOLADA TOBLERONE WHITE 100g,90404713,TOBLERONE,0.10 kg,ko,3.09,30.9,,,3.09,7614500010310,HRANA
TABASCO 60ML MC ILH,01490037,TABASCO,0.06 l,ko,4.59,76.5,,,4.64,0011210000018,HRANA
TIJESTO GRAMIGNA 26 500g ZARA,04050193,PASTA ZARA,0.50 kg,ko,1.59,3.18,,,1.59,8004350130266,HRANA
INĆUN PELAGOS SLANI FIL U SUNC ULJU 120g,90377788,PELAGOS,0.07 kg,ko,4.39,62.71,,,4.39,3859893545061,HRANA
FANT ZA ĆEVAP HAMB PLJESK 40g PODRAV,04160552,FANT,0.04 kg,ko,1.39,34.75,,,1.39,3850104018237,HRANA
DESERT LION STAN 42g NESTLE,90052082,LION,0.04 kg,ko,1.35,32.14,,,1.35,7613287757029,HRANA
KAVA DOLCE GUSTO LUNGO 16/1 89.6g,90789910,DOLCE GUSTO,0.09 kg,ko,6.49,72.43,,,6.49,8445290871992,HRANA
KEKS OREO  264g,90404709,OREO,0.26 kg,ko,3.25,12.31,,,3.35,7622201401771,HRANA
MARINIRANI RAŽNJIĆI FILEA PRSA RAW-ŠTILJ,90785418,RAW ŠTILJ,1.00 kg,kg,8.69,8.69,,,8.69,3850159155369,HRANA
ČAJ KOMORAČ TR.PRIR. 30g OM FRANCK,04092223,FRANCK,0.03 kg,ko,2.49,75.45,,,2.49,3858881086753,HRANA
SV JETRA ,02480029,PIK VRBOVEC,1.00 kg,kg,2.55,2.55,,,2.99,3850139541663,HRANA
BOMBON JUICY DROP EXTREME 57g BAZOOKA,90731677,BAZOOKA,0.06 kg,ko,3.29,57.72,,,2.99,5011053025129,HRANA
MEDENE KUGLICE CIMET 235g MARLENKA,90573342,MARLENKA,0.24 kg,ko,6.99,29.74,,,6.99,8594071651435,HRANA
HELJDINO BRAŠNO INTEGRALNO 1kg  MLIN PUKANIC,90404100,MLIN PUKANIĆ,1.00 kg,ko,3.69,3.69,,,3.69,3859892888213,HRANA
KUKURUZ ŠEĆ BŠ GARDEN GOOD 170/140 g,90850826,GARDEN GOOD,0.14 kg,ko,0.99,7.07,,,0.99,3850334113894,HRANA
KAŠ FRUTEK LN KAKAO 190g,90029819,FRUTEK,0.19 kg,ko,,6.79,1.29,1.29,1.75,3838945020565,HRANA
TORTELLINI S PRŠUTOM 250g RANA,90569495,RANA,0.25 kg,ko,2.99,11.96,,,2.99,8001665713184,HRANA
MED DALMATINSKOG KRŠA HR 250G APIDAL,90179290,APIDAL,0.25 kg,ko,7.29,29.16,,,6.08,3859889410236,HRANA
ORAH IND BRUSNICA MIX DUO EC 125g,90286912,EUROCOMPANY,0.13 kg,ko,2.69,21.52,,,2.69,3872084009005,HRANA
NAPITAK SOJA BEZ ŠEĆ 1L ALPRO,03150001,ALPRO,1.00 l,ko,,1.99,1.99,3.09,3.09,5411188543398,HRANA
KAŠA PROSENA 1kg MGP,90097807,MGP,1.00 kg,ko,3.45,3.45,,,3.45,3859889377027,HRANA
SIR TVRDI OLD AMSTERDAM 48% VELDHYZEN,02053637,VELDHUYZEN,1.00 kg,kg,23.49,23.49,,,22.59,,HRANA
SOL MORSKA SITNA OBOG KALI 1kg KUT,90824894,SOLANA PAG,1.00 kg,ko,1.29,1.29,,,1.19,3859888155961,HRANA
SIR POLUT DOMAĆI KUH CCA 0.5kg,90354879,DALMATINSKI SIREVI,1.00 kg,kg,14.99,14.99,,,14.99,,HRANA
KEKS LEIBNIZ ZOO 100g,04142688,BAHLSEN,0.10 kg,ko,1.99,19.9,,,1.75,5901414205263,HRANA
KEKS PLAZMA STIKSI LJEŠNJAK 125g,90404756,BAMBI,0.13 kg,ko,2.35,18.8,,,2.35,8600043029536,HRANA
BAKALAR NA BIJELO 90g BACCALA DELLA MAMMA,90076943,BACCALA DELLA MAMMA,0.09 kg,ko,3.29,36.56,,,3.29,3859890853015,HRANA
ČAJ ENGLISH TEA N0.1 AHMAD 20X2g,90137737,AHMAD,0.04 kg,ko,3.45,86.25,,,3.45,054881006163,HRANA
ŠLAG KREMA VANILIJA 45g VREĆ DOLCELA,04183305,DOLCELA,0.05 kg,ko,1.49,33.11,,,1.09,3850104216930,HRANA
TIJESTO MAFALDINE 500g ZARA,90147066,PASTA ZARA,0.50 kg,ko,1.69,3.38,,,1.72,8004350130341,HRANA
ODRESCI SOJA ŽITO ZAM 400g,90299214,ŽITO,0.40 kg,ko,2.69,6.73,,,2.69,3856020261962,HRANA
OCAT BALZAMSKI BIJELI SPICE CHEF 0.5L,90749785,SPICE CHEF,0.50 l,ko,2.15,4.3,,,2.15,3850334072146,HRANA
BRAŠNO HELJDINO 1kg PODRAVKA,90403363,PODRAVKA,1.00 kg,ko,3.99,3.99,,,3.99,3838700295276,HRANA
TIJESTO REZ S JAJ MAMINI 400g KOLEDA,90670125,KOLEDA,0.40 kg,ko,2.25,5.63,,,2.25,3859888433519,HRANA
ČAJ ZELENI LIMUN ĐUMBIR TEEKANNE 35g,90146199,TEEKANNE,0.04 kg,ko,1.99,56.86,,,1.99,5901086002658,HRANA
JANJETINA DOMAĆA LOVRIĆ,90648712,LOVRIĆ,1.00 kg,kg,17.49,17.49,,,17.99,,HRANA
UMAK CURRY SQUEEZE 250ML DEVELEY,90140644,DEVELEY,0.25 l,ko,2.99,11.96,,,2.99,4006824991032,HRANA
KAPARI 60g LUXEAPERS,01605119,LUXEAPERS,0.06 kg,ko,1.99,33.17,,,1.99,8422243006083,HRANA
MLIJEKO ZAMJ APTAMIL KIND 2+ 800g,90486551,APTAMIL,0.80 kg,ko,19.99,24.99,,,19.99,4056631003794,HRANA
KULEN NARESCI 90 g PREMIUM DOBRO,90851043,DOBRO,0.09 kg,ko,3.99,44.33,,,3.99,3850133816255,HRANA
JOGURT B AKTIV SMOOT KURK 330G  DUKAT,90514069,B'AKTIV,0.33 kg,ko,1.99,6.03,,,1,3850354015932,HRANA
CHIA SJEMENKE 750g NUMBERS ARE GOOD,90344551,POLLEO,0.75 kg,ko,9.99,13.32,,,9.99,3859893008719,HRANA
PRALINE LINDT LINDOR MILK 137G,90733847,LINDT,0.14 kg,ko,6.99,51.02,,,7.99,8003340807751,HRANA
ZAČIN GRILL PIKAN PEČENJE VR 30g VEGETA NATUR PODRAVKA,90215060,VEGETA NATUR,0.03 kg,ko,1.19,39.67,,,1.19,3850104277238,HRANA
PITA KRUH 400G GECCHELE,90158099,GECCHELE,0.40 kg,ko,2.12,5.3,,,2.12,8015854166507,HRANA
TJEST SIMPLY PASTA SPIRALI TRIC 500g,90875094,SIMPLY PASTA,0.50 kg,ko,,1.98,0.99,1.29,1.29,3858884500645,HRANA
NAPITAK PROTEIN VAN 0.5 L POLLEO VIN,90839709,VINDIJA,0.50 l,ko,2.99,5.98,,,2.99,3850108023770,HRANA
PERŠIN 35g (400ML) KOTANYI,04103611,KOTANYI,0.04 kg,ko,4.99,142.57,,,4.99,9001414102817,HRANA
ZOB PLOČ BOB VOĆE&JOGURT 100g MB,90391691,MA BAKER,0.10 kg,ko,1.79,17.9,,,1.79,5034444102438,HRANA
RAJČICA PAS S BOS 690g ROSSOGARGANO,90730163,ROSSOGARGANO,0.69 kg,ko,2.49,3.61,,,2.49,8033837720782,HRANA
RIBICE SEZAM 80g CHIO,90706197,CHIO,0.08 kg,ko,1.39,17.38,,,1.39,5996253001237,HRANA
MED CVJETNI 450g PIP,04130052,PIP,0.45 kg,ko,5.17,11.49,,,5.17,3859888500020,HRANA
NAMAZ HUMMUS ZRNA SLANUTKA 250G SANA,90148366,SANA,0.25 kg,ko,3.45,13.8,,,3.45,3859892873080,HRANA
KONCENTRAT POVRĆ. S RAJČ TUBA 130g MUTTI,90378047,MUTTI,0.13 kg,ko,2.19,16.85,,,1.99,80042549,HRANA
PLATA KONZUM 8 OSOBA,90204736,,0.83 kg,ko,19.91,23.89,,,19.91,,HRANA
ČOKOLADA FINESSE MLIJEČNA 220g,90648591,FINESSE,0.22 kg,ko,,13.09,2.88,3.39,3.39,3838900807620,HRANA
PAŠTETA KOKOŠJA 135g PODRAVKA,02160032,PODRAVKA,0.14 kg,ko,1.49,11.04,,,1.49,3850104020452,HRANA
KEKS BISCOFF KARAMEL 250G LOTUS,90363951,LOTUS,0.25 kg,ko,2.65,10.6,,,2.65,5410126716016,HRANA
ANANAS KOCKA EUROCOMPANY 150g,90286928,EUROCOMPANY,0.15 kg,ko,2.59,17.26,,,2.59,3872084010896,HRANA
PRIPRAV ZA KUH S BILJ MAS HOPL 500ml,90363379,HOPLA,0.50 l,ko,2.19,4.38,,,1.99,8000005046166,HRANA
ŠUNKA ROLANA VAC cca 1300g KUDELIĆ,90598321,KUDELIĆ,1.00 kg,kg,7.49,7.49,,,6.99,,HRANA
SENDVIČ HIGH PROTEIN PURETINA 150g,90731567,EUROCHEF,0.15 kg,ko,3.49,23.27,,,3.49,8013554114491,HRANA
NAMAZ FINESSE MILK 400 g,90749843,FINESSE,0.40 kg,ko,,5.93,2.37,2.79,2.65,3838900834688,HRANA
SIR TVRDI GRANA PADANO 200g ZANETTI,90308122,ZANETTI,0.20 kg,ko,6.09,30.45,,,5.79,8002710412007,HRANA
DESERT KINDER COUNTRY T2 2X23.5g,90731120,FERRERO,0.05 kg,ko,1.59,33.83,,,1.39,8000500238912,HRANA
SIR CHEDDAR NAR 100G PRESIDENT,90392126,PRESIDENT,0.10 kg,ko,2.39,23.9,,,2.39,8595021607441,HRANA
FLIPS BOBI PIKANT 70g,04151532,BOBI,0.07 kg,ko,1.09,15.57,,,0.95,3858891590080,HRANA
MLIJEKO U PRAHU MIN 26% 1kg DUKAT,90663064,DUKAT,1.00 kg,kg,9.99,9.99,,,8.49,3850355001248,HRANA
KEKS DIGESTIVE BEZ ŠEČERA 245g GULLON,90408448,GULLON,0.25 kg,ko,2.39,9.76,,,2.39,8410376049602,HRANA
KRUH FITNESS 500g MASTER,04010635,MASTERMACHER,0.50 kg,ko,2.39,4.78,,,2.39,4000446001780,HRANA
TJEST.LINGUINE PREM.K PLUS 500g,90169301,K PLUS,0.50 kg,ko,,1.98,0.99,1.39,1.39,3850334532510,HRANA
KAKAO ZA KOLAČE 70g DR OETKER,04180930,DR OETKER,0.07 kg,ko,1.49,21.29,,,1.49,5997381346917,HRANA
NAPITAK KOKOS RIŽA 1L ALPRO,90093684,ALPRO,1.00 l,ko,3.79,3.79,,,3.79,5411188116592,HRANA
ČOKOL ZA KUH DESSERT CORSE 200g,04211710,NESTLE,0.20 kg,ko,5.99,29.95,,,5.99,7613035898646,HRANA
SIR TVRDI PARMIG REGG 150 g SPEC MOM,90825081,SPECIAL MOMENTS,0.15 kg,ko,5.49,36.6,,,5.49,3850334429377,HRANA
PROIZ BILJ BAZ OKUS MOZZARELLA 250g,90263985,GREEN VIE,0.25 kg,ko,2.52,10.08,,,2.52,5292874000063,HRANA
SKUŠA FIL MASL ULJE EVA 81G,90063680,EVA,0.08 kg,ko,3.29,40.62,,,3.29,3850104249907,HRANA
DŽEM BRUSN/JAGO 100% VOĆE 220g PODR,90494838,PODRAVKA,0.22 kg,ko,3.89,17.68,,,3.89,3856020248475,HRANA
JUHA BOGATA S VRGANJ HLJED 70g PODRAVKA,90423549,PODRAVKA,0.08 kg,ko,1.49,18.63,,,1.49,3856020218850,HRANA
SV JEZIK ,02480035,PIK VRBOVEC,1.00 kg,kg,3.45,3.45,,,3.85,3850139280173,HRANA
JOGURT LAGANO JUTRO 330g DUKAT,90764658,LAGANO JUTRO,0.33 kg,ko,1.59,4.82,,,1.59,3850354018186,HRANA
SENF ESTRAGON 200g TU PODRAVKA,90074013,PODRAVKA,0.20 kg,ko,1.99,9.95,,,1.99,3850104268069,HRANA
ISTARSKA KOBASICA S TARTUF 200g HISTRIS,90405201,HISTRIS,0.20 kg,ko,9.69,48.45,,,7.99,3859893167447,HRANA
ULJE MASL EKS DJEV 0.75L MATI,90670191,MATI,0.75 l,ko,19.99,26.65,,,19.99,3857500086891,HRANA
PAHULJICE ZOB SITNE 500g BIO ZONE,90245911,BIO ZONE,0.50 kg,ko,,2.38,1.19,1.39,1.39,3838900804162,HRANA
TIJESTO PASUTICE 500g KLARA M,04050539,KLARA M,0.50 kg,ko,4.29,8.58,,,3.85,3859888499812,HRANA
KEKS NUTELLA BISCUITS T3 41.4g,90670478,FERRERO,0.04 kg,ko,0.99,23.91,,,0.85,8000500359358,HRANA
KOMPOT ANANAS KOL 560g DEL MONTE,90438060,DEL MONTE,0.56 kg,ko,3.59,6.41,,,3.59,024000011859,HRANA
SIR MEKI PUNOMASNI SALAKIS 500g DUK,02103167,PRESIDENT,0.50 kg,ko,7.99,15.98,,,7.69,3850355001651,HRANA
SIR TOPLJ DIMLJENI VELDHUYZEN,02053638,VELDHUYZEN,1.00 kg,kg,14.99,14.99,,,13.99,3850334172488,HRANA
ŠEĆER RUM DOLCELA 10g 3PAK    ,90114757,DOLCELA,0.01 kg,ko,0.89,89,,,0.69,3850104272097,HRANA
SLAD KINDER BUENO WHITE KORNET 4x90 ml,90769687,KINDER BUENO,0.25 l,ko,7.99,32.2,,,7.99,8000500384718,HRANA
SIR POLUTV RIB PIZZ MARGAR 200g PRESID,90598965,PRESIDENT,0.20 kg,ko,3.49,17.45,,,3.49,3850355007769,HRANA
KEKS FINESSE SOFT MUFFIN 175Gg,90369795,FINESSE,0.18 kg,ko,2.19,12.51,,,2.19,3850334152022,HRANA
KAVA LAVAZZA GRAN CREMA ESP 1kg,04070283,LAVAZZA,1.00 kg,ko,41.99,41.99,,,39.99,8000070024854,HRANA
ŠUNKA NAREZAK LIM 150g PODRAVKA,90052800,PODRAVKA,0.15 kg,ko,1.99,13.25,,,1.99,3858886467731,HRANA
PUDING PROTEIN ČOK 200g STAY STRONG,90764689,STAY STRONG,0.20 kg,ko,,7.45,1.49,1.49,1.49,3850354018490,HRANA
RIŽA ZL POLJE ZA DOM JELA 1KG KUT VAK,90083054,ZLATO POLJE,1.00 kg,ko,,2.39,2.39,3.99,3.99,3838700540413,HRANA
ČAJ MAJČ.DUŠICA TR.PR.30g OM FRANCK,04092225,FRANCK,0.03 kg,ko,2.49,83,,,2.49,3858881086777,HRANA
RAVIOLI ISTARSKI TARTUFI 250g NAŠE K,02373842,AURELIA,0.25 kg,ko,3.29,13.16,,,3.29,3859890561309,HRANA
ČOKOLADA VOLIM TE ŠUMSKO VOĆE 253 g,90750173,VOLIM TE,0.25 kg,ko,3.89,15.38,,,2.99,3858881062054,HRANA
PALAČINKE ČOKOLADA 6x90 g MINUTE,90824829,MINUTE,0.54 kg,ko,3.99,7.38,,,3.99,3850334426253,HRANA
PAPRIKA SLATKA MLJ VR 200g VEGETA MAESTRO,90282075,VEGETA MAESTRO,0.20 kg,ko,2.99,14.95,,,2.99,3850104294648,HRANA
DRESSING JOGURT 75ml VREĆ DEVELEY,01491293,DEVELEY,0.08 l,ko,0.79,10.53,,,0.79,4006824018111,HRANA
TEMELJAC POVRTNI 112g PODRAVKA,90082449,PODRAVKA,0.11 kg,ko,2.59,23.12,,,2.59,3850104266652,HRANA
KANT SALAMA 100g NAR SORGER,90648542,SORGER,0.10 kg,ko,3.05,30.5,,,3.05,9002055104598,HRANA
JUHA KOK. NOODLES 75g FINI MINI ,90599238,FINI MINI,0.08 kg,ko,0.69,9.2,,,0.69,3856020257996,HRANA
LEĆA GARDEN GOOD SMEĐA 500g,90493312,GARDEN GOOD,0.50 kg,ko,1.49,2.98,,,1.09,3838900957097,HRANA
MIX NESCAFE 3U1 CREAMY LATTE 10+2 GRATIS 180 g,90775280,NESCAFE,0.18 kg,ko,2.99,16.61,,,2.99,8445291215566,HRANA
KOKOŠI RASJEK SMRZNUTI VINDIJA,02420387,CEKIN,1.00 kg,kg,3.79,3.79,,,3.79,3850159111396,HRANA
SUNCOKRET SJEMENKE BIO ZONE 500 g,90824911,BIO ZONE,0.50 kg,ko,,3.58,1.79,1.99,1.99,3838900841105,HRANA
MUFFIN NUTELLA 4x66 g,90825177,FERRERO,0.26 kg,ko,4.99,18.91,,,5.99,8000500431269,HRANA
RAJČICA PASIR S BOSILJ ST 400g MUTTI,90704935,MUTTI,0.40 kg,ko,2.49,6.23,,,2.29,8005110630439,HRANA
DESERT LION MINI 198g NESTLE,90600206,LION,0.20 kg,ko,4.49,22.68,,,4.49,7613034675842,HRANA
JUN SLABINA I LEĐA SK MATURO KONZUM,90142785,KONZUM,1.00 kg,kg,29.99,29.99,,,21.99,,HRANA
TIJESTO PENINE 46 500g ZARA,04050325,PASTA ZARA,0.50 kg,ko,1.59,3.18,,,1.59,8004350130464,HRANA
SODA BIKARBONA KUT 40g PODRAVKA,04184016,DOLCELA,0.04 kg,ko,0.69,17.25,,,0.69,3850104074035,HRANA
SIR POLUTV VARAŽ TRAPIST 280g,90731994,Z BREGOV,0.28 kg,ko,4.69,16.75,,,4.69,3850108057362,HRANA
SIR MEKI PLAVA PL DELISO 100 g,90795615,DELISO,0.10 kg,ko,1.69,16.9,,,1.69,3838900832318,HRANA
SIR TVRDI BOVIDUR 1/4 VINDIJA,90410409,VINDIJA SIREVI,1.00 kg,kg,20.49,20.49,,,19.49,3850108052879,HRANA
TIJESTO K PLUS SPIRALI TRIC 57 500g,04057607,K PLUS,0.50 kg,ko,1.29,2.58,,,1.29,,HRANA
INSTANT NES GOLD COLOMBIE ST 200G,90402281,NESCAFE,0.20 kg,ko,16.49,82.45,,,14.99,9002100103408,HRANA
ČAJ ZEL S ĐUMBIROM 20X2g NATURAVITA,90212988,NATURAVITA,0.04 kg,ko,,39.75,1.59,1.99,1.99,3858884090603,HRANA
SLAD SILK MILK SENDVIČ 129 ml LEDO,90885992,LEDO,0.13 l,ko,1.99,15.43,,,1.99,3850116065915,HRANA
MRKVA JULIENNE 200 grama,90405025,KORA,0.20 kg,ko,0.99,4.95,,,1.09,3858893250456,HRANA
GROŽĐICA GARD GOOD ZLAT JUMBO 180g,90553212,GARDEN GOOD,0.18 kg,ko,1.69,9.38,,,1.69,3838900987902,HRANA
MORTAD SAN GIORGIO S MASLIN 1/2 VAC,90915240,GAVRILOVIĆ,1.00 kg,kg,8.49,8.49,,,8.49,3858881227033,HRANA
SIR GAUDA K PLUS 300 g,90919706,K PLUS,0.30 kg,ko,,9.3,2.79,3.29,3.29,3850334444967,HRANA
BOMBONI K PLUS MENTOL 100g,90029865,K PLUS,0.10 kg,ko,0.59,5.9,,,0.59,3850334211866,HRANA
JUNEĆA REBRA I PRSA LOVRIĆ,90648705,LOVRIĆ,1.00 kg,kg,8.19,8.19,,,7.99,,HRANA
SALATA MIJEŠANA K PLUS 360g,01550806,K PLUS,0.36 kg,ko,,4.97,1.79,1.99,1.99,3850334150042,HRANA
DESERT KINDER CARDS 25.6g,90770572,FERRERO,0.03 kg,ko,0.79,30.86,,,0.69,80874652,HRANA
ČOKOLADA DORINA MOUSSE ČOKO 270g,90373535,DORINA,0.27 kg,ko,4.99,18.48,,,4.99,3850102517138,HRANA
MLIJEKO ZAMJ NAN OPTIPRO 3 800g,90360955,NAN,0.80 kg,ko,18.29,22.86,,,18.29,7613034090010,HRANA
MALINE GARDEN GOOD 400g,90704069,GARDEN GOOD,0.40 kg,ko,,9.98,3.99,4.99,2.49,8605002359914,HRANA
FILEKI 400g PODRAVKA,02160058,PODRAVKA,0.40 kg,ko,3.89,9.73,,,3.89,3850104050848,HRANA
VAFL NAPOLITANKA KAKAO MLIJEKO 700g,90670036,OPP NAPOLITANKE,0.70 kg,ko,2.69,3.84,,,2.39,3857500120038,HRANA
DESERT TORTICA LINO LADA 21 g KRAŠ,90765152,TORTICA,0.02 kg,ko,0.55,26.19,,,0.55,3850102008735,HRANA
MESNI NAREZAK 100g PPK,90295738,PPK,0.10 kg,ko,0.79,7.9,,,0.79,3858881617056,HRANA
ČIPS K PLUS HRUSTY BBQ XCUT 150g,90070296,HRUSTY,0.15 kg,ko,,6.87,1.03,1.29,1.29,3850334009852,HRANA
JOGURT VOĆNI JAGODA 150g VINDIJA,90229161,Z BREGOV,0.15 kg,ko,0.59,3.93,,,0.65,3850108037838,HRANA
ČOKOL BRACO MLIJEČNA 75g,04211872,MIKADO,0.08 kg,ko,1.59,21.2,,,1.25,3858881064874,HRANA
VIŠNJA 300g LEDO,90668497,LEDO,0.30 kg,ko,3.99,13.3,,,2.99,3850116053554,HRANA
MLIJEKO ZAMJ NAN 1 OPTIPRO 800g,90360943,NAN,0.80 kg,ko,19.99,24.99,,,19.99,7613036362238,HRANA
BOMBON HARIBO HAPPY COLA 200g,04199526,HARIBO,0.20 kg,ko,2.45,12.25,,,2.45,9002975315104,HRANA
DORUČAK MESNI PIKANT 150g GAVRILOVIĆ,90251692,GAVRILOVIĆ,0.15 kg,ko,,11.27,1.69,1.75,2.15,3858890206982,HRANA
ULJE BILJNO 1L PET ZVIJEZDA,03220065,ZVIJEZDA,1.00 l,ko,1.69,1.69,,,1.69,3858882210065,HRANA
BISKVIT MILKA CHOCO BROWNIE 150g,90361875,MILKA,0.15 kg,ko,3.39,22.6,,,3.39,7622210652775,HRANA
GRISSINI CLASSIC 125g AMOR DI PANE,90325478,AMOR DI PANE,0.13 kg,ko,1.29,10.32,,,1.29,8005803010357,HRANA
SLAD KING SUPREME 450 ml,90764872,KING,0.45 l,ko,7.99,17.76,,,6.99,3850116064444,HRANA
JUHA GOV. NOODLES 5x75g FINI MINI ,90599273,FINI MINI,0.38 kg,ko,,7.17,2.69,2.69,2.69,3856020258399,HRANA
ODREZAK PIL I PUR MESO SA ŠPINATOM 440g,90354096,AIA,0.44 kg,ko,2.99,6.79,,,2.65,8008110013417,HRANA
JOGURT BEZ LAKTOZE TTOP 2.8% M.M. 1kg,90570041,VINDIJA,1.00 kg,ko,2.39,2.39,,,2.39,3850108035995,HRANA
ČAJ JAGODA VAN FILT OMOT 55g FRANCK,04090283,FRANCK,0.06 kg,ko,2.49,45.27,,,2.49,3858881083837,HRANA
ČOKOL MIKADO RIŽA 300g,04215325,MIKADO,0.30 kg,ko,4.99,16.63,,,4.49,3858881064201,HRANA
TIJESTO VALJ REZANCI SA ŠPIN 400g 1390,04050687,ZLATO POLJE,0.40 kg,ko,2.69,6.73,,,2.69,3838700013900,HRANA
TUNJ FILETI U BILJ ULJU AQ 105g/73.5 g,02198482,ADRIATIC QUEEN,0.07 kg,ko,4.29,58.37,,,3.49,3850160108064,HRANA
RIŽOTO S PILET I POVRĆEM 600g LEDO,02434779,LEDO,0.60 kg,ko,5.79,9.65,,,4.99,3850116813912,HRANA
ŽV GUMA ORBIT WHITE 14g PLAVA,04200074,WRIGLEY,0.01 kg,ko,0.99,70.71,,,0.99,42069942,HRANA
KAŠA JEČMENA K PLUS 750g,90725924,K PLUS,0.75 kg,ko,0.85,1.13,,,0.85,3850334055170,HRANA
OCAT K PLUS ALKOHOLNI 3L,90039497,K PLUS,3.03 l,ko,1.99,0.66,,,1.99,3850334309198,HRANA
GRAH CRNI 400g PODRAVKA,90493763,PODRAVKA,0.40 kg,ko,1.89,4.73,,,1.89,3856020243432,HRANA
KROASAN SUNNY MINI VANIL 60g,90705763,SUNNY,0.06 kg,ko,0.59,9.83,,,0.59,3850334043160,HRANA
JOGURT ČVRSTI 3.2% 800g DUKAT,90032532,DUKAT,0.80 kg,ko,2.19,2.74,,,1,3850354009924,HRANA
MLIJEKO TRAJNO KOZJE 2.8% 0.2L VIND,02230124,Z BREGOV,0.20 l,ko,0.95,4.75,,,0.95,3850108026009,HRANA
CRIJEVA SVINJ 10M 30/32 CROMA,90341549,CROMA,1.00 ko,ko,3.79,3.79,,,3.89,3859890197263,HRANA
TJESTENINA U ČAŠI TERIYAKI 75g MAGGI,90483126,MAGGI,0.08 kg,ko,2.09,27.87,,,2.09,8445291260078,HRANA
MIX JACOBS 2U1 VREĆICA 10KOMX14g,90188538,JACOBS,0.14 kg,ko,3,21.43,,,3.99,8711000516584,HRANA
SIR TVRDI RIBANAC SNACK 90 g DUK,90809649,PRESIDENT,0.09 kg,ko,2.99,33.22,,,2.99,3850355008032,HRANA
LOSOS FILET PACIFIČKI 250 g,90794762,OCEAN,0.25 kg,ko,,9.56,2.39,2.39,3.99,3850334098658,HRANA
CHILI MLJEVENI SPICE CHEF 32g MLIN,90409989,SPICE CHEF,0.03 kg,ko,1.99,62.19,,,1.99,3850334133946,HRANA
NAPITAK ZOB BG 1L FREE ZONE,90702831,FREE ZONE,1.00 l,ko,1.85,1.85,,,1.85,3850334043023,HRANA
MUESLI GRA BOOM BOX Š VOĆ/KOK/BAD 60g,90493487,BOOM BOX,0.06 kg,ko,,12.67,0.76,1.09,0.99,3858890477405,HRANA
DŽEM MARELICA 420g DOORA,01500023,DOORA,0.42 kg,ko,2.49,5.93,,,2.49,3858894540945,HRANA
RAJČICA ALLA SICILIANA 285g,90136019,POLLI,0.29 kg,ko,4.19,14.7,,,4.19,80607090,HRANA
KAVA LAVAZZA CREMA GUSTO DOLCE 250g,90750509,LAVAZZA,0.25 kg,ko,8.99,35.96,,,7.15,8000070037304,HRANA
JUNEĆA KOLJENICA BEZ KOSTI LOVRIĆ,90648707,LOVRIĆ,1.00 kg,kg,11.69,11.69,,,11.29,,HRANA
BOMBONI NEGRO LIM I ĐUMBIR 100 g PIONIR,90770528,PIONIR,0.10 kg,ko,1.39,13.9,,,1.39,8602300234547,HRANA
KOCKA ZA JUHU KOKOŠJA 110g,90344713,FATTORIA ITALIA,0.11 kg,ko,0.79,7.18,,,0.8,8012429000105,HRANA
SLAD TWIX PRUTIĆ 6X43.1 ml,90795128,TWIX,0.21 kg,ko,5.49,26.74,,,5.49,5000159484695,HRANA
DESERT KINDER PARADISO T1 29g,90363205,FERRERO,0.03 kg,ko,0.75,25.86,,,0.65,80052807,HRANA
REZANCI ŠIROKI 400g LAURA PTO,90412464,LAURA,0.40 kg,ko,2.15,5.38,,,2.15,3859893592003,HRANA
KIM CIJELI 28g KOTANYI,04100133,KOTANYI,0.03 kg,ko,1.29,46.07,,,1.29,9001414015308,HRANA
INSTANT KAVA CLASSIC LIM 100g BARCAFFE,90750399,BARCAFFE,0.10 kg,ko,4.59,45.9,,,4.29,3838471049450,HRANA
DRESSING AMERIC CAESAR 250ML KUHNE,01491217,KUHNE,0.25 l,ko,2.79,11.16,,,2.79,40122571,HRANA
CAPP ARABESCA CLASIC 200g,90308843,ARABESCA,0.20 kg,ko,2.99,14.95,,,2.99,3858886804123,HRANA
KEKS DOLCI BACI DULCETTI 350g,90400689,DULCETTI,0.35 kg,ko,,4.26,1.49,2.15,2.15,3850334131362,HRANA
BOMBONI SKITTLES SMOOTHIE VR 95g,90423187,WRIGLEY,0.10 kg,ko,1.59,16.74,,,1.59,4009900531559,HRANA
UMAK POP 260g,90714249,PLANET OF PLANTS,0.26 kg,ko,2.25,8.65,,,2.25,3856015328533,HRANA
VAFL LOACKER TORTINA ORGINAL 126 g,90770222,LOACKER,0.13 kg,ko,4.99,39.6,,,4.99,8000380106028,HRANA
MAYOKETCHUP 425g HEINZ,90799712,HEINZ,0.43 kg,ko,4.49,10.56,,,4.49,5900783009908,HRANA
JANJEĆI TRUP DOMAĆI,02470166,PIK VRBOVEC,1.00 kg,kg,19.79,19.79,,,19.79,3850139510157,HRANA
ŠLJIVA SUHA B/K FP EC99 300 g,90850342,PERFECT DAY,0.30 kg,ko,3.19,10.63,,,2.69,3872084016034,HRANA
BISKVIT S LIMUNOM 8/1 200 G MR BROWNIE,90764695,MR BROWNIE,0.20 kg,ko,3.49,17.45,,,3.49,8411037892476,HRANA
FANT ZA TORTILJE 40G PODRAVKA,90403244,FANT,0.04 kg,ko,1.39,34.75,,,1.29,3856020236472,HRANA
FANT ZA ZAPEČENI GRAH 60g PODRAVKA,04161234,FANT,0.06 kg,ko,1.39,23.17,,,1.39,3850104248894,HRANA
NAPITAK NES XPRESS BLACK 250ml,90391134,NESCAFE,0.25 l,ko,2.05,8.2,,,2.05,8445290619167,HRANA
KAVA FRANCK STRETTO 16/1 120G,90288215,FRANCK,0.12 kg,ko,6.5,54.17,,,6.5,3858881088269,HRANA
UMAK SWEET CHILI 191ml MAGGI,90769806,MAGGI,0.19 kg,ko,3.99,20.89,,,3.99,8445291156678,HRANA
ORAH JEZGRA 150 g NATURA,90850611,NATURA,0.15 kg,ko,2.79,18.6,,,2.59,3859893124242,HRANA
 PINĐUR BAKINA TAJNA 300G,90158058,BAKINA TAJNA,0.30 kg,ko,5.49,18.3,,,5.49,8606011030320,HRANA
SIR TVRDI GRANA PAD 150 g SPECIAL MOMENTS,90825077,SPECIAL MOMENTS,0.15 kg,ko,4.99,33.27,,,4.99,3850334429476,HRANA
TUNJ OCEAN KOMADI ULJE 185 g/130 g,90869925,OCEAN,0.13 kg,ko,,11.46,1.49,1.89,1.89,3850334114990,HRANA
KOLAČI DOMAĆI 500g SUNDAY,90350401,SUNDAY,0.50 kg,ko,6.99,13.98,,,5.97,5319991696198,HRANA
BOMBON 505 S CRTOM BEZ ŠEĆ 80g KRAŠ,04190084,KRAŠ,0.08 kg,ko,1.49,18.63,,,1.49,3850102216383,HRANA
KOMPOT MANGO KOM GARDEN GOOD 250g/425g,90810017,GARDEN GOOD,0.25 kg,ko,,3.96,0.99,1.49,1.49,3850334420961,HRANA
SIR MEKI PLAVA PL EUROSER,90301330,FRENCHI,1.00 kg,kg,16.99,16.99,,,16.99,,HRANA
KAVA LAVAZZA CREME E GUSTO FORTE 250g,90623251,LAVAZZA,0.25 kg,ko,8.99,35.96,,,7.15,8000070038417,HRANA
MUESLI GRANOLA BOOM BOX DOUBLE ČOK 300g,90623115,BOOM BOX,0.30 kg,ko,,9.3,2.79,3.99,3.99,3858890478372,HRANA
PRELJEV ZA TORTE CRV 36g 3X12g DR OE,04181000,DR OETKER,0.04 kg,ko,2.29,63.61,,,2.29,5997381324151,HRANA
TORTELLONI SIR 250g CA PRICCI,90702762,CA PRICCI,0.25 kg,ko,1.69,6.76,,,1.69,8003427012177,HRANA
ZAGORSKI MLINCI 500G ŠKUDAR,90392510,ŠKUDAR,0.50 kg,ko,3.19,6.38,,,3.19,3859892648039,HRANA
DŽEM MARELICA 370g BONNE MAMAN,01462521,BONNE MAMAN,0.37 kg,ko,,10.22,3.78,4.49,4.49,3608580705116,HRANA
MJEŠAVINA BULGUR I TIKVICA 350g,90669492,LEDO,0.35 kg,ko,2.99,8.55,,,2.99,3850116057743,HRANA
VLASAC 5g VREĆ KOTANY,04100295,KOTANYI,0.01 kg,ko,0.99,198,,,0.99,9001414015568,HRANA
BOMBONI EUKA MENTOL 150g,90298498,EUKA MENTHOL,0.15 kg,ko,1.35,9,,,1.35,5900353500798,HRANA
MUESLI CRUNCH RISE&SMILE  ČOKO 350g,90725324,RISE&SMILE,0.35 kg,ko,,6.37,2.23,2.79,2.79,3850334045225,HRANA
TJES.SA ŠPIN I SIROM TALIAN.150G,90168498,TALIANETTE,0.15 kg,ko,2.49,16.6,,,2.49,3850104275203,HRANA
ČAJ  NARAN CIMET KURK 20X2.5g NATUR,90363486,NATURAVITA,0.05 kg,ko,,35,1.75,2.19,2.19,3858884091600,HRANA
JUHA GOVEĐ S REZAN 18g FINI MINI,04160071,FINI MINI,0.02 kg,ko,0.79,43.89,,,0.79,3850104048333,HRANA
ŽV GUMA ORBIT WHITE FRESHMINT BOČ 64 g,90770766,WRIGLEY,0.06 kg,ko,3.69,57.66,,,3.69,4009900538237,HRANA
KAŠICA FRUTEK PIŠKOTI JAB 100g,90406813,FRUTEK,0.10 kg,ko,1.39,13.9,,,1.39,3838945038003,HRANA
JUNEĆA LOPATICA BK LOVRIĆ,90648685,LOVRIĆ,1.00 kg,kg,11.99,11.99,,,11.59,,HRANA
RAJČICA SJECKANA 400g PODRAVKA,01570303,PODRAVKA,0.40 kg,ko,1.99,4.98,,,1.99,3850104238802,HRANA
ČAJ  ĐUMBIR LIMUN 20X2.5g NATURAVITA,90363489,NATURAVITA,0.05 kg,ko,,35,1.75,2.19,2.19,3858884091617,HRANA
ŠUNKA PROSCIUTTO COTTO 100g NAR PAOLO,90713091,ROVAGNATI,0.10 kg,ko,2.99,29.9,,,2.99,8007141501610,HRANA
BOMBON TIC TAC MINT 18g,90045176,FERRERO,0.02 kg,ko,0.79,43.89,,,0.79,80052043,HRANA
SIR MEKI GORGONZOLA BALLARINI 150g,90308138,BALLARINI,0.15 kg,ko,3.09,20.6,,,3.09,8011940101018,HRANA
MUESLI CRUNCH RISE&SMILE JAG ČOK 350g,90726174,RISE&SMILE,0.35 kg,ko,,6.37,2.23,2.79,2.79,3850334045393,HRANA
TORTILLA PROTEIN 6/1 ACTIVE ZONE 370 g,90825687,ACTIVE ZONE,0.37 kg,ko,,4.3,1.59,1.99,1.99,3838900841372,HRANA
MRKVA I GRAŠAK GARDEN GOOD 1kg,90703992,GARDEN GOOD,1.00 kg,ko,,1.59,1.59,2.49,1.99,3838900835340,HRANA
JUHA PILEĆA ABECEDA 60g PODRAVKA,90719988,PODRAVKA,0.06 kg,ko,0.89,14.83,,,0.89,3856020261634,HRANA
PIRE VOĆ JAB MANG BAN 200g NUTR LAB,90707799,NUTRINO LAB,0.20 kg,ko,2.25,11.25,,,2.25,8606019654009,HRANA
KIKIRIKI GARD GOOD SUH PRŽ NESL 180g,90363782,GARDEN GOOD,0.18 kg,ko,,5.28,0.95,1.25,1.19,3838900802434,HRANA
PEČENICA DIMLJENA cca 750 g,90825182,ANDRO,1.00 kg,kg,8.99,8.99,,,8.99,,HRANA
MAJONEZA POP 165g,90498232,PLANET OF PLANTS,0.17 kg,ko,2.49,15.09,,,2.49,3856015322449,HRANA
ČOKOL MILKA ALMOND TRUFFLE 300g,90409316,MILKA,0.30 kg,ko,6.79,22.63,,,6.79,7622201125813,HRANA
KEKS ČAJNO PECIVO MJEŠAVINA 400g,90702922,OPP KEKS,0.40 kg,ko,1.99,4.98,,,1.99,3857500120076,HRANA
OCAT JABUČNI 0.5L KISKO,03120408,KISKO,0.50 l,ko,1.49,2.98,,,1.49,3850164340149,HRANA
SIR TOPLJ TROK DIMSI PICOK 140g DUKA,02103183,PRESIDENT,0.14 kg,ko,2.29,16.36,,,1.99,3850355007684,HRANA
KEKS BAIOCCHI 168g  BARILLA,90403982,BARILLA,0.17 kg,ko,2.19,13.04,,,2.19,8076809574969,HRANA
FLIPS SMOKI 80g ŠTARK,90704846,SOKO ŠTARK,0.08 kg,ko,0.89,11.13,,,0.89,8600939508190,HRANA
VEGETA DOZA 200g PODRAVKA,06063177,VEGETA,0.20 kg,ko,2.39,11.95,,,2.39,3850104255274,HRANA
ČOKOL ZA KUH DESSERT NOIR 205g,90074938,NESTLE,0.21 kg,ko,5.49,26.78,,,5.49,7613035159860,HRANA
KUKURUZ ŠEĆERAC GOLD 140g BONDUELLE,01551598,BONDUELLE,0.14 kg,ko,1.29,9.21,,,1.29,3083680074094,HRANA
LJEŠNJAK GARD GOOD PEČ JEZGRA 180g,90493322,GARDEN GOOD,0.18 kg,ko,4.59,25.5,,,4.39,3838900958445,HRANA
DESERT MARS 51g,90297802,MARS,0.05 kg,ko,1.09,21.37,,,1.09,5900951311321,HRANA
RAJČICA PELAT GARDEN GOOD 800g,90682702,GARDEN GOOD,0.80 kg,ko,1.79,2.24,,,2.09,3838900825891,HRANA
UMAK PESTO ROSO 200g BARILLA,01490570,BARILLA,0.20 kg,ko,,14.95,2.99,4.95,4.95,8076809523547,HRANA
ULJE MASLINOVO SPECIAL MOMENTS 0.5L,90826435,SPECIAL MOMENTS,0.50 l,ko,11.99,23.98,,,11.99,3850334429926,HRANA
SALATA MOZZARELLA MINUTE 170g,90623225,MINUTE,0.17 kg,ko,,14.64,2.49,2.99,2.99,3850334018984,HRANA
KAVA CREMA MLJEV. 9g STICK,90188924,FRANCK CREMA,0.01 kg,ko,0.45,50,,,0.39,3858881087866,HRANA
KOLAČ ČOKO ŠTANGICE 400G KUSTURA,90288186,KUSTURA KOLAČI,0.40 kg,ko,3.75,9.38,,,3.75,3858890192162,HRANA
PAHULJICE CINI MINIS 375g NESTLE,90170808,NESTLE ŽITAR,0.38 kg,ko,4.49,11.97,,,4.29,5900020022769,HRANA
KAKAO NESQUIK PLUS 200g NESTLE,04210699,NESQUIK,0.20 kg,ko,3.39,16.95,,,3.39,5998710960729,HRANA
PAHULJ CHEERIOS S MEDOM 375G,90169877,NESTLE ŽITAR,0.38 kg,ko,4.49,11.97,,,4.29,5900020022745,HRANA
UMAK POMODORO 400g BARILLA,01491957,BARILLA,0.40 kg,ko,3.29,8.23,,,3.29,8076809513395,HRANA
PAPRIKA LJUTA MLJ VR 100g VEGETA MAESTRO,90282094,VEGETA MAESTRO,0.10 kg,ko,1.69,16.9,,,1.69,3850104294624,HRANA
KOZICA KOLUTIĆI 230 g SPECIAL MOMENTS,90825093,SPECIAL MOMENTS,0.23 kg,ko,5.99,26.06,,,5.99,3850334420527,HRANA
PAPAR CRNI ZRNO XXL 100g KOTANYI,90553245,KOTANYI,0.10 kg,ko,4.49,44.9,,,4.49,9001414006948,HRANA
BOMBON KARAMELA VOĆNA NIMM2 90g,90042890,NIMM2,0.09 kg,ko,1.19,13.22,,,1.19,4014400910810,HRANA
RAJČICA PELAT GARDEN GOOD 400/240 g,90854734,GARDEN GOOD,0.24 kg,ko,0.99,4.12,,,1.19,3838900843178,HRANA
ZAČIN VLASAC SJECK VR 3g VEGETA MAESTRO,90282017,VEGETA MAESTRO,0.00 kg,ko,0.89,296.67,,,0.89,3850104294525,HRANA
KAŠA ZOB RISE&SMILE MALINA 65g,90713244,RISE&SMILE,0.07 kg,ko,,6.62,0.43,0.55,0.55,3850334043450,HRANA
SOK OD LIMUNA 200ml LIMMI,90363807,LIMMI,0.20 l,ko,1.45,7.25,,,1.45,8020542111134,HRANA
KAVA LUNGO ESP NS 10/1 56g LAVAZZA,90725308,LAVAZZA,0.06 kg,ko,5.79,103.39,,,5.59,8000070053571,HRANA
ŠTRUDLA SPECIAL M ČOKO VOĆNI MIX 145g,90825557,SPECIAL MOMENTS,0.15 kg,ko,1.29,8.9,,,1,3850334429230,HRANA
TROPIC MIX EUROCOMPANY 125G,90706914,EUROCOMPANY,0.13 kg,ko,2.39,19.12,,,2.39,3872084014566,HRANA
DESERT CORNY BIG BROWNIE 50G,90260633,SCHWARTAU,0.05 kg,ko,1.19,23.8,,,1.19,4011800585518,HRANA
SALATA OD HOBOTNICE 212ml PEPEFIŠ,90478077,PEPEFIŠ,0.21 l,ko,13.99,65.99,,,13.99,3859892950255,HRANA
KREKER RIBICE 50g,04149336,BOBI,0.05 kg,ko,0.59,11.8,,,0.55,3858891590226,HRANA
ČOKOL LINDT DARK MILD 70% 100g,90425469,LINDT,0.10 kg,ko,5.29,52.9,,,4.29,3046920029780,HRANA
KAVA CREMA MLJEV 3U1 9 g FRANCK,90750358,FRANCK CREMA,0.01 kg,ko,0.45,50,,,0.39,3850291054100,HRANA
PANNA COTTA & MALINA 120g DOLCELA,90362700,DOLCELA,0.12 kg,ko,2.29,19.08,,,2.29,3856020229825,HRANA
BOMBON KAVABON VREĆ 80g,90673096,KAVABON,0.08 kg,ko,0.73,9.13,,,0.73,8605073300020,HRANA
SIR POLUT KOZJI REZ 80g ALBENIZ,90617972,ALBENIZ,0.08 kg,ko,2.29,28.63,,,2.29,8427298009232,HRANA
KAKAO BENQUICK BOX 800g,90726541,BENQUICK,0.80 kg,ko,5.99,7.49,,,5.99,3838900030400,HRANA
ČAJ DETOX METV/MASL/STOL 20X1.5g NATURA,90407179,NATURAVITA,0.03 kg,ko,2.49,83,,,2.19,3858884092119,HRANA
SPAGHETTI BOLOGNESE 400 g COME A CASA,90794937,COME A CASA,0.40 kg,ko,2.99,7.48,,,2.99,5900741604817,HRANA
FEFERONI BLAGI 150g PODRAVKA,01559017,PODRAVKA,0.15 kg,ko,2.69,17.93,,,2.69,3850104011658,HRANA
FALAFEL 350 g SANA,90759751,SANA,0.35 kg,ko,,14.24,4.98,5.99,5.99,3858892321744,HRANA
SIR VINOGRADARSKI CCA 400g VERONIKA,90513501,VERONIKA,1.00 kg,kg,10.99,10.99,,,10.99,,HRANA
CHILLI CON CARNE 300g PODRAVKA,90623051,PODRAVKA,0.30 kg,ko,3.69,12.3,,,3.69,3856020257422,HRANA
ČOKOLADA MILKA LOTUS BISCOFF 90 g,90879898,MILKA,0.09 kg,ko,2.49,27.67,,,2.49,7622202295058,HRANA
ZAČIN KLINČIĆ CIJELI VR 18g  VEGETA MAESTRO,90282299,VEGETA MAESTRO,0.02 kg,ko,1.59,88.33,,,1.59,3850104294556,HRANA
ŽELIN SUPER 25g DOLCELA,90770253,DOLCELA,0.03 kg,ko,1.19,47.6,,,1.19,3856020269586,HRANA
PROTEIN BAR ZOE WHITE CHOCO 50 G,90810000,ZOE,0.05 kg,ko,,45.8,2.29,2.99,2.99,3856026709680,HRANA
DESERT ČOKOLADA LJEŠNJAK 4X125g DAR,90707774,DAR,0.50 kg,ko,2.49,4.98,,,2.49,3850108028102,HRANA
FANT ZA RIBLJU JUHU I PAP 60g PODRAV,04163625,FANT,0.06 kg,ko,1.39,23.17,,,1.39,3850104019173,HRANA
CDO SLADOLED TIRAMISU 825ml,90785145,ALGIDA CD OR,0.45 l,ko,7.99,17.66,,,7.99,8711327616455,HRANA
MJEŠ MEDITERANSKA 40g MLIN  KOTANY,04100910,KOTANYI,0.04 kg,ko,,59.75,2.39,3.99,3.98,9001414541371,HRANA
BOMBONI NIM2 MINIS 20/1 210g,90826367,NIMM2,0.21 kg,ko,2.99,14.24,,,2.99,4014400904253,HRANA
RAVIOLI BURRATA&RAJČ 250 g SPEC MOMENTS,90825761,SPECIAL MOMENTS,0.25 kg,ko,2.49,9.96,,,2.49,3850334421159,HRANA
TUBA FRUTOLINO JAB/MAN/BRES 100g,90707660,LINO,1.00 ko,ko,1.39,1.39,,,1.39,3856020261412,HRANA
DESERT CORNY MILK SAND DAR&WH 40g,90166710,SCHWARTAU,0.04 kg,ko,1.19,29.75,,,1.19,4011800583118,HRANA
CAPP ARABESCA ČOKOLADA 200g,90308836,ARABESCA,0.20 kg,ko,2.99,14.95,,,2.99,3858886804147,HRANA
KAVA NOTA LUNGO DG 16/1 112g FRANCK,90569657,FRANCK NOTA,0.11 kg,ko,,42.68,4.78,5.99,5.99,3850291053042,HRANA
RUŽMARIN CIJELI 24g VREĆ KOTANY,04100171,KOTANYI,0.02 kg,ko,0.99,41.25,,,0.99,9001414018088,HRANA
BUČINE KOŠTICE BESKORKE VEDRINI 250g,90850470,VEDRINI,0.25 kg,ko,2.19,8.76,,,2.19,3858889332104,HRANA
ČOKOLADA MILKA NOISETTE 250 g,90894675,MILKA,0.25 kg,ko,6.79,27.16,,,6.79,7622202258312,HRANA
DRESSING BALSAMICO 75ML DEVELEY,90064398,DEVELEY,0.08 l,ko,0.79,10.53,,,0.79,4006824018067,HRANA
UMAK EXTRA HOT CHILI 361g MAGGI,90769823,MAGGI,0.36 kg,ko,3.99,11.05,,,3.99,8445291218260,HRANA
ČOKOLADICA PROTEIN WOPPER  CHO 21.5g,90400962,POLLEO,0.02 kg,ko,1.49,69.3,,,1.49,3858892291641,HRANA
KEČAP BLAGI PREMIUM 760 g ZVIJEZDA,90770105,ZVIJEZDA,0.76 kg,ko,3.49,4.59,,,3.49,3856015330499,HRANA
GROŽĐICE ZLATNE 200g KRESTO,01310472,KRESTO,0.20 kg,ko,1.89,9.45,,,1.89,3858882290845,HRANA
MASLINE KALAMATA ODKOŠT 150g,90187372,GAEA,0.15 kg,ko,4.99,33.27,,,4.99,5201671802466,HRANA
PAPRIKA TUCANA 50g ŠAFRAM,04101008,ŠAFRAM,0.05 kg,ko,1.19,23.8,,,1.13,3859888163287,HRANA
TORTILLA PŠEN GRILL 6/1 370g MISSION,90819760,MISSION,0.37 kg,ko,3.29,8.89,,,2.99,8710637106021,HRANA
PAH RISE&SMILE 3 ŽITARICE 500 g,90749828,RISE&SMILE,0.50 kg,ko,0.99,1.98,,,0.99,3850334107268,HRANA
MARINIRANI PILEĆI ZABATAK RAW-ŠTILJ,90408133,RAW ŠTILJ,1.00 kg,kg,4.89,4.89,,,4.89,3850159155314,HRANA
JELO U ČAŠI CURRY 65g FINI MINI,90814675,FINI MINI,0.07 kg,ko,1.69,26,,,1.18,3856020269944,HRANA
VRHNJE ZA KUHANJE BEZ LAKT MEGGLE 200ml,90674522,MEGGLE,0.20 kg,ko,1.49,7.45,,,1.49,8585002505415,HRANA
VEGETA NATUR PILETINA 75g POSIPAČ,90393065,VEGETA NATUR,0.08 kg,ko,2.19,29.2,,,1.99,3856020221829,HRANA
TUBA NUTR JAB/MAN/PAP/BAN 100g,90494061,NUTRINO,0.10 kg,ko,1.05,10.5,,,1.05,8606019650261,HRANA
MEKSIČKI MIX 3X150/3X130g BONDUELLE,90765302,BONDUELLE,0.39 kg,ko,3.69,9.46,,,3.69,3083681168600,HRANA
MED BAGREM 450g ŽUPANJA,90412087,KUĆA MEDA,0.45 kg,ko,9.59,21.31,,,8.76,3859893780004,HRANA
ZAČIN GRILL CLASSIC  POSIPAČ 80g VEGETA NATUR,90360872,VEGETA NATUR,0.08 kg,ko,2.19,27.38,,,1.99,3856020227494,HRANA
TIJESTO FETTUCCINE 205 500g ZARA,04050727,PASTA ZARA,0.50 kg,ko,1.99,3.98,,,1.99,8004350131058,HRANA
ČOKOLADA RITTER  MOUSSE 100g,90307215,RITTER SPORT,0.10 kg,ko,2.39,23.9,,,1.79,4000417294005,HRANA
SIR POLUTV GAUDA 100g REZ ZDENKA,90361605,ZDENKA,0.10 kg,ko,2.29,22.9,,,2.29,3858888596279,HRANA
PUDING MALINA 40g VREĆ PODRAVKA,04183509,DOLCELA,0.04 kg,ko,0.75,18.75,,,0.75,3850104216749,HRANA
VODA CEDEVITA VIT LIMUN ANANAS 1.5L,90889873,CEDEVITA,1.50 l,ko,1.69,1.13,,,1.69,3850322017050,PIĆE
VISKI JACK DANIEL'S 0.7L,03081739,JACK DANIELS,0.70 l,ko,24.25,34.64,,,24.25,5099873089798,PIĆE
VINO PLAVAC 0.75L BLATO,03024000,BLATO 1902,0.75 l,ko,5.69,7.59,,,5.69,3859888154025,PIĆE
WHISKY CLAN CAMPBELL 0.7L,90814882,CLAN CAMPBELL,0.70 l,ko,14.05,20.07,,,14.05,5056772300003,PIĆE
VODA MINERALNA JANA 4PACK 1.5L PET,90452807,JANA,6.00 l,ko,3.29,0.55,,,3.29,3858890876062,PIĆE
GAZ PIĆE NARANČADA JAMNICA 0.5 l PET,90884959,JAMNICA,0.50 l,ko,1.35,2.7,,,1.35,3856028502166,PIĆE
NEKTAR VINDI JAGODA 1 L,90784841,VINDI,1.00 l,ko,2.79,2.79,,,2.79,3850108078695,PIĆE
LEDENI ČAJ ŠUM VOĆE JUICY 1.5 L,90890135,JUICY,1.50 l,ko,1.59,1.06,,,1.59,3858890977967,PIĆE
NEG PIĆE FIS NARANČA 2L,90082618,FIS,2.00 l,ko,1.89,0.95,,,1.89,3850108072846,PIĆE
VINO CHIANTI  DOCG 0.75l,90402328,ROSETTI,0.75 l,ko,8.69,11.59,,,8.69,8027603005319,PIĆE
SIRUP VIŠNJA 470ml KAPRONCA,90730891,KAPRONCA,0.47 l,ko,6.89,14.66,,,6.89,3859892896379,PIĆE
PIĆE GAZIRANO PEPSI LIMETA 0.33L LIM,90361504,PEPSI,0.33 l,ko,0.99,3,,,0.99,3830065021071,PIĆE
VODA CEDEVITA VIT NARAN PAPAYA 0.5L ,90705611,CEDEVITA,0.50 l,ko,1.19,2.38,,,1.15,3850322016220,PIĆE
SOK PREMIUM JAGODA 1L FRUCTAL,03142078,FRUCTAL,1.00 l,ko,2.59,2.59,,,1.87,3838945509022,PIĆE
RAKIJA ŠLJIVOVICA 0.7L ZVEČEVO,90085674,ZVEČEVO,0.70 l,ko,11.59,16.55,,,11.59,3858894170128,PIĆE
ANTIQUE PELINKOVAC  LUX 0.7 BADEL,90181704,BADEL 1862,0.70 l,ko,18.05,25.79,,,18.05,3850112110596,PIĆE
CEDEVITA ANANAS MANGO 455 g,90784737,CEDEVITA,0.46 kg,ko,4.39,9.65,,,3.95,3850322016268,PIĆE
GAZ PIĆE COCA COLA 1.5L,03160286,COCA COLA,1.50 l,ko,1.89,1.26,,,1.89,5449000000439,PIĆE
CEDEVITA LIMETA 200g,04181023,CEDEVITA,0.20 kg,ko,2.19,10.95,,,2.09,3850322007099,PIĆE
PIĆE NEGAZ CAPPY MINT LEM 1.25L PET,90407747,CAPPY,1.25 l,ko,1.99,1.59,,,1.99,5000112653793,PIĆE
PIVO EDELMEISTER SCHWARZBIER LIM 0.5L,90303170,EDELMEISTER,0.50 l,ko,1.25,2.5,,,1.19,5900535023176,PIĆE
PROSECCO VILLA BRAIDA BRUT 0.75L,90622704,VILLA BRAIDA,0.75 l,ko,11.99,15.99,,,11.99,8032611631115,PIĆE
NEKTAR MOJ DAN JAB/GROŽ/CRV VOĆ 1L,90699247,MOJ DAN,1.00 l,ko,1.45,1.45,,,1.25,3850334028075,PIĆE
VISKI CANADIAN SPEC OLD 0.70L,03081999,CANADIAN CLU,0.70 l,ko,12.79,18.27,,,12.55,0089540453705,PIĆE
GIN SOUTH BANK PINK 0.7L,90424834,SOUTH BANK,0.70 l,ko,9.09,12.99,,,9.09,5021692001026,PIĆE
LIKER MARTINI FIERO 1L,90642888,MARTINI,1.00 l,ko,17.49,17.49,,,17.49,7630040409155,PIĆE
GAZ PIĆE SPRITE 2L,03167377,SPRITE,2.00 l,ko,,1.1,2.19,2.39,2.29,5449000335036,PIĆE
PJENUŠAC HENKELL TROCKEN 0.75L,03030035,HENKELL TROC,0.75 l,ko,10.99,14.65,,,10.55,4003310011625,PIĆE
PIVO BUDWEISER 0.5L 4PACK LIM,90486778,BUDWEISER,2.00 l,ko,5.75,2.88,,,5.75,8594403704990,PIĆE
RAKIJA VILJAMOVKA 0.5L PERKOVIĆ,03070083,MDM PERKOVIĆ,0.50 l,ko,23.79,47.58,,,17.05,3859890376170,PIĆE
PIĆE GAZ PARTY TONIC 1.5L,90468064,PARTY,1.50 l,ko,1.09,0.73,,,1.09,3850334387165,PIĆE
SOK FRUCTAL NARAN BEZ PULPE 100% 1L,90499376,FRUCTAL,1.00 l,ko,3.99,3.99,,,1.99,3838945007870,PIĆE
VINO MALVAZIJA FRANKOVIĆ 0.75 L,90784878,FRANKOVIĆ,0.75 l,ko,13.19,17.59,,,13.19,3857500010308,PIĆE
SOK 100% JABUKA 1L ČEP,90366067,VINDI,1.00 l,ko,1.99,1.99,,,1.99,3850108076776,PIĆE
GAZ PIĆE FRANKLIN GINGER BEER 0.2L,90316766,FRANKLIN INDIAN TONIC,0.20 l,ko,1.95,9.75,,,1.95,5032678005396,PIĆE
LEDENI ČAJ JANA LIMUN 0.5L,90755063,JANA,0.50 l,ko,1.19,2.38,,,1.19,3856028500254,PIĆE
NAPITAK FLEXWATER ŠUMSKO VOĆE 0.71L,90607811,FLEXWATER,0.71 l,ko,1.99,2.8,,,1.99,5304000311193,PIĆE
NEG PIĆE A+C+E VINDI 1.5 l,90800797,VINDI,1.50 l,ko,1.79,1.19,,,1.79,3850108072310,PIĆE
VODA SENSATION TONIC 1.5 L,90784802,SENSATION,1.50 l,ko,1.69,1.13,,,1.59,3875000183278,PIĆE
VINO PLAVAC 0.75L BADEL 1862,03021426,VINA HRVATSKE,0.75 l,ko,6.05,8.07,,,5.59,3850112170620,PIĆE
CEDEVITA LIMUN 455g,90571965,CEDEVITA,0.46 kg,ko,4.39,9.65,,,4.19,3850322014905,PIĆE
NEKTAR CRNI RIBIZL FRUCTAL1L,03142816,FRUCTAL,1.00 l,ko,2.49,2.49,,,1.72,3838945509015,PIĆE
VINO ROSE 0.75 L KV BELJE,90311435,BELJE,0.75 l,ko,9.05,12.07,,,9.05,3850257021160,PIĆE
NEKTAR VINDI DISNEY BOROVNICA 1 L,90826103,VINDI,1.00 l,ko,2.09,2.09,,,2.09,3850108078244,PIĆE
PIVO 5TH ELEMENT STOUT 0.5L NB,90307279,5TH ELEMENT,0.50 l,ko,2.55,5.1,,,2.55,3859892222529,PIĆE
SIRUP OD MENTE 500ml,90404096,AGROPOSTA,0.50 l,ko,5.69,11.38,,,5.69,3859892734725,PIĆE
GAZ PIĆE COCA COLA ZERO LIMUN 0.5L,90312920,COCA COLA,0.50 l,ko,1.19,2.38,,,1.15,5449000247964,PIĆE
MIN VODA STUDENAC 1L GAZ POV AMB NAVOJ,03181000,STUDENAC,1.00 l,ko,0.55,0.55,,,0.55,3856022300867,PIĆE
VINO CABER SAUVIG 0.75L KORLAT,03023332,KORLAT,0.75 l,ko,16.05,21.4,,,16.05,3850112170552,PIĆE
GAZ PIĆE COCA COLA ZERO 0.5L,03160279,COCA COLA,0.50 l,ko,1.19,2.38,,,1.15,5449000131836,PIĆE
PIVO GARDEN CRAFT PILSNER 0.33L,90302349,GARDEN,0.33 l,ko,1.45,4.39,,,1.45,3859893153174,PIĆE
PIVO STAROPRAMEN 0.5L PB,03130491,STAROPRAMEN,0.50 l,ko,1.29,2.58,,,1.29,3850131001790,PIĆE
GAZ PIĆE T.HENRY PINK GRAPEFRUIT 0.2L,90703407,THOMAS HENRY,0.20 l,ko,2.19,10.95,,,2.19,4251760800119,PIĆE
CIDER SOMERSBY JABUKA 0.5L LIM,90059055,SOMERSBY,0.50 l,ko,1.79,3.58,,,1.79,3858887584055,PIĆE
VODA SMART WATER 0.6L PET,90319366,SMART,0.60 l,ko,1.25,2.08,,,1.25,5449000034335,PIĆE
MLIJEKO OLEA DJ F30 SPRAY 200ml,90360513,OLEA,0.20 l,ko,7.99,39.95,,,7.99,3850334153876,KOZMETIKA
SET BIOBAZA BOTANIKA GRANDMA’S GARD,90704122,BIOBAZA,1.00 ko,ko,9.99,9.99,,,9.99,3856020912406,KOZMETIKA
DEO REXONA M COBALT 150 ml,90885054,REXONA,0.15 l,ko,5.29,35.27,,,5.29,8720181449857,KOZMETIKA
KREMA MELEM RUKE COLD 50ml,90730124,MELEM,0.05 l,ko,3.29,65.8,,,3.29,3856007910920,KOZMETIKA
ZP ORAL B PRO DENS PROTECT 75ml,90669771,ORAL B,0.08 l,ko,6,79.98,,,6,8001090247544,KOZMETIKA
PJENA NIVEA MEN SENS RECOV 200ML,90697879,NIVEA,0.20 l,ko,,17.75,3.55,5.09,5.09,9005800294759,KOZMETIKA
REGENER GLISS KUR 200 REP OIL NUTR,06546645,GLISS,0.20 l,ko,,22.45,4.49,7.09,7.09,9000100398701,KOZMETIKA
GLAVA ZAMJ ORAL B ZA EL ČETK CROSSAC 4 KOM,90453721,ORAL B,4.00 ko,ko,21.25,5.31,,,21.25,8006540847770,KOZMETIKA
ROLL ON BOROT ACT SEA SAL 50ml,90365955,BOROTALCO,0.05 l,ko,,59.8,2.99,4.69,3.99,80859840,KOZMETIKA
MLIJEKO AFRODITA F20 200 ml SPRAY,90784853,AFRODITA,0.20 l,ko,17.59,87.95,,,17.59,3831070662051,KOZMETIKA
GEL TAFT POW ACTIV 150  2188,06540286,TAFT,0.15 l,ko,,29.24,4.39,4.39,5.49,9000101723229,KOZMETIKA
ŠAMPON OLIVAL KOPR I METV 250ml,90598766,OLIVAL,0.25 l,ko,6.29,25.16,,,6.09,3858892693919,KOZMETIKA
KREMA NIVEA PROT BORA 55+ DAN 50ml,90299082,NIVEA,0.05 l,ko,,133.8,6.69,10.29,10.29,9005800396385,KOZMETIKA
GEL ZA TUŠ NIVEA CREME ALOE 750ml,90478497,NIVEA,0.75 l,ko,8.29,11.05,,,8.29,4005900648181,KOZMETIKA
VODICA ZA USTA GEN DELICATE MINT (ZEL) 500ml,90297902,GENERA,0.50 l,ko,2.59,5.18,,,2.39,8003693400487,KOZMETIKA
GEL TUŠ MAN MAX SPORT 300ml,90235440,MAN MAX,0.30 l,ko,1.05,3.5,,,1.05,3850334560605,KOZMETIKA
ZP PLID SUPERFR 75ml,90423021,PLIDENTA,0.08 l,ko,2.35,31.33,,,2.15,3856007908071,KOZMETIKA
ČETKICA COLGATE TRIPLE ACTION 2/1,90885336,COLGATE,2.00 ko,ko,1.99,1,,,1.99,8718951309609,KOZMETIKA
DEO GEL OLDSP WHITEWATER 70ml,06550286,OLD SPICE,0.07 l,ko,4.99,71.29,,,4.99,5000174917710,KOZMETIKA
BOJA SYOSS 4/2 MAHAGONIJ SMEĐA,06544306,SYOSS,1.00 ko,ko,6.99,6.99,,,5.59,9000100632867,KOZMETIKA
BOJA PALETTE ICC C1     0125,06540417,PALETTE ICC,1.00 ko,ko,5.49,5.49,,,3.49,3838824159171,KOZMETIKA
LIP BALM MELEM KIKI TUTTI FRUT 4.5 g,90885701,MELEM,0.01 kg,ko,3.89,864.44,,,3.89,3856007912726,KOZMETIKA
GEL ANNYER STRONG PINK 100ml,90704485,ANNYER,0.10 l,ko,3.79,37.9,,,3.79,3850177007176,KOZMETIKA
KREMA MELEM 35ML,06591360,MELEM,0.04 l,ko,5.89,168.29,,,5.89,3856007901409,KOZMETIKA
GEL TUŠ OLD SPICE WHITEWAT XXL 675ml,90572100,OLD SPICE,0.68 l,ko,7.49,11.1,,,7.49,8006540280195,KOZMETIKA
BOJA PALETTE ICC N6     0088,06540414,PALETTE ICC,1.00 ko,ko,5.49,5.49,,,3.49,3838824159614,KOZMETIKA
VODICA MICEL NIVEA REGENER 400 ml,90850413,NIVEA,0.40 l,ko,,14.48,5.79,8.89,8.89,9005800391502,KOZMETIKA
BOJA SYOSS 4/8 ČOKOLADNO SMEĐA,06544304,SYOSS,1.00 ko,ko,6.99,6.99,,,5.59,9000100633314,KOZMETIKA
STICK OLDSP BEARGLOVE 50ml,90084739,OLD SPICE,0.05 l,ko,4.99,99.8,,,4.99,8700216884662,KOZMETIKA
BOJA EXCELLENCE 8.1,90154972,LOREAL EXCELLANCE,1.00 ko,ko,8.99,8.99,,,8.99,3600523724963,KOZMETIKA
MLIJEKO OLEA POSLIJE SUN 200ml,90360482,OLEA,0.20 l,ko,2.99,14.95,,,2.99,3850334153791,KOZMETIKA
SAPUN INT CHILLY DELICATE 250 ml,90775131,CHILLY,0.25 l,ko,4.99,19.96,,,4.99,8002410031690,KOZMETIKA
ROLL ON NIVEA M DEEP SPORT 50 ml,90775362,NIVEA,0.05 l,ko,6.09,121.8,,,6.09,9005800379500,KOZMETIKA
GEL ZA KUPANJE LUMPI 500ML,90256051,LUMPI,0.50 l,ko,2.39,4.78,,,2.39,3838900823958,KOZMETIKA
ROLL ON BOROTALCO SOFT 50ML,90669171,BOROTALCO,0.05 l,ko,,59.8,2.99,4.69,3.99,,KOZMETIKA
LOSION NIVEA SUN BRONZE SPF50 200 ml,90887298,NIVEA,0.20 l,ko,19.49,97.45,,,18.49,4005900133199,KOZMETIKA
GEL NIVEA MICEL RUŽA 150ml,90353764,NIVEA,0.15 l,ko,,35.67,5.35,8.19,8.19,9005800304557,KOZMETIKA
BOJA PALETTE ICC A10 INS COLOR,06548066,PALETTE ICC,1.00 ko,ko,5.49,5.49,,,3.49,3838824159133,KOZMETIKA
REGEN PANTENE MIRAC HYDRAT 160 ml,90771238,PANTENE,0.16 l,ko,5.99,37.44,,,5.99,8700216191609,KOZMETIKA
SAPUN OLEA  ALOE VERA 100 g,90745917,OLEA,0.10 kg,ko,0.59,5.9,,,0.59,3850334071200,KOZMETIKA
DEO LACTOVIT SENSITIVE 200 ml,90885248,LACTOVIT,0.20 l,ko,4.79,23.95,,,4.79,8411135352452,KOZMETIKA
PJENA GILL REGULAR 200ml 8668,06561530,GILLETTE,0.20 l,ko,2.89,14.45,,,2.89,3014260228668,KOZMETIKA
LOSION SOLO POS BRIJ OCEAN 125ml,90730478,SOLO,0.13 l,ko,2.29,18.32,,,2.29,5944568001411,KOZMETIKA
REGENER PARISI ŽUTI  1L,06542724,PARISI,1.00 l,ko,3.29,3.29,,,3.29,8008423400164,KOZMETIKA
GEL TUŠ OLD SPICE CAPTAIN 400ml,90362390,OLD SPICE,0.40 l,ko,4.99,12.48,,,4.99,8700216859820,KOZMETIKA
VODICA MICELARNA GARNIER BIFAZNA 100ml,90310796,GARNIER,0.10 l,ko,3.59,35.9,,,3.59,3600542109734,KOZMETIKA
GEL TUŠ NIVEA CREME SOFT 750ml,90478507,NIVEA,0.75 l,ko,8.29,11.05,,,8.29,9005800218540,KOZMETIKA
ŠAMPON H&S MENTHOL 800 ml,90771150,HEAD&SHOULDE,0.80 l,ko,12.49,15.61,,,12.49,8700216156196,KOZMETIKA
GEL TUŠ J&J ADULT BADEM JASM 750 ml,90765139,J&J,0.75 l,ko,7.49,9.96,,,6.99,3574661384887,KOZMETIKA
KREMA NIVEA VIS Q10 15ml OKO OČI,06590283,NIVEA,0.02 l,ko,,719.33,10.79,16.59,16.59,9005800390703,KOZMETIKA
LOSION MELEM DRAGOC ULJA 200ml,90571892,MELEM,0.20 l,ko,5.69,28.45,,,5.45,3856007909320,KOZMETIKA
BOJA SYOSS OLEO 8-05 BEŽ PLAVA,90065468,SYOSS OLEO,1.00 ko,ko,7.99,7.99,,,7.99,9000100840965,KOZMETIKA
BOJA SYOSS OLEO 4-60 ZLATNO SMEĐA,90059985,SYOSS OLEO,1.00 ko,ko,7.99,7.99,,,7.99,9000100814911,KOZMETIKA
MAST ORIGINAL PAVLOVIĆEVA 100g,90074146,PAVLOVIĆEVA MAST,0.10 kg,ko,7.29,72.9,,,6.89,8600101567468,KOZMETIKA
ŠAMPON H&S 400ml DRY SCALP CARE,06523555,HEAD&SHOULDE,0.40 l,ko,6.69,16.73,,,6.69,5011321336063,KOZMETIKA
REG SCHAUMA LONG HAIR 250 ml,90885545,SCHAUMA,0.25 l,ko,4.19,16.76,,,4.19,9000101750256,KOZMETIKA
KREMA LICE LOREAL DE HYALURON 50ml,90478317,LOREAL,0.05 l,ko,9.99,199.8,,,9.99,3600523775699,KOZMETIKA
ČETKICA K PL LUMPI DJEČJA,06531298,LUMPI,1.00 ko,ko,0.59,0.59,,,0.59,3850334599070,KOZMETIKA
ŠAMPON H&S COCONUT OIL 400ml,90377612,HEAD&SHOULDE,0.40 l,ko,6.69,16.73,,,6.69,8001841406688,KOZMETIKA
KREMA ZA RUKE BEZ MIRISA NEUTROG 75ML,90133630,NEUTROGENA,0.08 l,ko,4.89,65.2,,,4.89,3574660066227,KOZMETIKA
LAK TAFT ULTRA GLANZ 250ml,06540609,TAFT,0.25 l,ko,,15.96,3.99,4.99,4.99,4012800702844,KOZMETIKA
REGENER FRUCTIS GOODBYE D 200ML,90064631,GARNIER FRUCTIS,0.20 l,ko,3.49,17.45,,,3.49,3600541309128,KOZMETIKA
BOJA COLOR NAT 7.1 BLO CEN 5692,06542050,GARNIER COL NATURALS,1.00 ko,ko,,3.49,3.49,4.99,4.99,3600540335692,KOZMETIKA
REGEN PANTENE REPAIR&PROTECT 800 ml,90850353,PANTENE,0.80 l,ko,14.19,17.74,,,14.19,8700216467391,KOZMETIKA
KREMA ZA DEP AFRODITA LICE I BIKINI 50ML,90178035,AFRODITA,0.05 l,ko,5.39,107.8,,,4.99,3830001290530,KOZMETIKA
GELTUŠ FA COCNUT MILK 250ml,90214756,FA,0.25 l,ko,2.79,11.16,,,2.79,9000101009859,KOZMETIKA
GEL GILL FUS ULTRA SENS 200ml,90324310,GILLETTE,0.20 l,ko,,24.45,4.89,6.49,5.19,7702018617098,KOZMETIKA
MICEL VODA GENERA S ULJEM DAM RUŽE 250ml,90344981,GENERA,0.25 l,ko,2.35,9.4,,,2.19,8003693403747,KOZMETIKA
KREMA MELEM 35 ml+BALZAM 4.5 g,90800380,MELEM,1.00 ko,ko,5.89,5.89,,,5.89,3856007912177,KOZMETIKA
ŠAMPON L'ANG ZA OŠTEĆ KOSU 750ml,90669819,L ANGELICA,0.75 l,ko,5.29,7.05,,,5.29,8017331089484,KOZMETIKA
MASKA LICE AURORA 7 HEAVEN MAČKA,90648966,7TH HEAVEN,1.00 ko,ko,3.05,3.05,,,3.05,083800047857,KOZMETIKA
KREMA RUKE OLEA MEDIT SMILJE 75ml,90735115,OLEA,0.08 l,ko,1.35,18,,,1.35,3850334099860,KOZMETIKA
MLIJEKO TIJ NIVEA 250ML,06592661,NIVEA,0.25 l,ko,,23.8,5.95,7.99,7.99,4005808246205,KOZMETIKA
BOJA EXCELLENCE 6,90154958,LOREAL EXCELLANCE,1.00 ko,ko,8.99,8.99,,,8.99,3600523731886,KOZMETIKA
BOJA PALETTE ICC 8-21 PEPELJ SV PLAVA,90598474,PALETTE ICC,1.00 ko,ko,5.49,5.49,,,3.49,9000101677607,KOZMETIKA
KREMA AFR BAD MULTI VLAŽN 50 9212,06595878,AFRODITA,0.05 l,ko,10.79,215.8,,,9.99,3831070659921,KOZMETIKA
DEO FA SPORT SPR 150ml  5555,06555317,FA,0.15 l,ko,3.99,26.6,,,3.99,3838824085272,KOZMETIKA
ŠAMPON H&S MENTHOL 250ml,90185481,HEAD&SHOULDE,0.25 l,ko,4.29,17.16,,,4.79,8006540063385,KOZMETIKA
ZP ELMEX SENSITIVE 75ML,90075275,ELMEX,0.08 l,ko,4.79,63.87,,,4.79,8718951470613,KOZMETIKA
ŠAMPON J&J BABY BEDTIME 500ml,90361008,J&J,0.50 l,ko,,12.5,6.25,8.35,7.69,3574669907514,KOZMETIKA
KUPKA FELCE AZZ ORHIDEJA 650ml,90391964,FELCE AZZURA,0.65 l,ko,4.85,7.46,,,4.85,8001280068089,KOZMETIKA
ROLL ON LACTOVIT Ž LACTOUREA 50 ml,90775577,LACTOVIT,0.05 l,ko,3.95,79,,,3.95,8411135353626,KOZMETIKA
SERUM TIJ NIVEA LUMINOUS 100 ml,90775304,NIVEA,0.10 l,ko,,136.5,13.65,19.49,19.49,5900017091006,KOZMETIKA
BOJA ZA OBRVE SYOSS SVIJETLO SMEĐA,90775238,SYOSS,1.00 ko,ko,12.99,12.99,,,12.99,9000101715668,KOZMETIKA
SAPUN LAHOR WILD ROSE 80g,90571762,LAHOR,0.08 kg,ko,0.89,11.13,,,0.89,3850105176929,KOZMETIKA
BOJA OLIA 4.15 ICED CHOCOLATE,90850122,GARNIER OLIA,1.00 ko,ko,7.59,7.59,,,7.59,3600542601856,KOZMETIKA
KREMA NIVEA VIS CELLULAR NOĆ 50ml,90064194,NIVEA,0.05 l,ko,,259.8,12.99,19.99,19.99,9005800244167,KOZMETIKA
GEL NIVEA SENSITIVE COOL 200ML,90156868,NIVEA,0.20 l,ko,,26.45,5.29,7.59,7.59,4005900613103,KOZMETIKA
ŠAMPON DAISY KAMILICA 1L,90735065,DAISY,1.00 l,ko,1.19,1.19,,,1.19,3850334073297,KOZMETIKA
RETOUCHER SC ROOT SMEĐA 120ML,90281691,SYOSS RETUOCHER,0.12 l,ko,6.99,58.23,,,6.99,9000101052978,KOZMETIKA
KREMA VASELINE KAKAO 100 ml,90850082,VASELINE,0.10 l,ko,3.79,37.9,,,3.79,8710447485323,KOZMETIKA
PATRONE GILL FUS PROGL MAN 4KOM,06562166,GILLETTE,4.00 ko,ko,25.59,6.4,,,25.59,7702018085514,KOZMETIKA
ŠAMPON OLEA PROTIV PRHUTI 300ml,90735072,OLEA,0.30 l,ko,,2.97,0.89,1.29,1.29,3850334073716,KOZMETIKA
SUHI ŠAMPON GOT2B EX VOLUME 200 ml,90850136,GOT2B,0.20 l,ko,7.99,39.95,,,7.99,9000101043662,KOZMETIKA
DEO SPREJ DENIM 150ml BLACK 6040,06551391,DENIM BRAND,0.15 l,ko,3.59,23.93,,,3.59,8008970004242,KOZMETIKA
KREMA VEET OSJETLJIVA KOŽA 100ML,06594885,VEET,0.10 l,ko,6.05,60.5,,,5.59,5997321773438,KOZMETIKA
VOD ZA USTA GEN COLD MINT ANTIBAC (PLA) 500ml,90297906,GENERA,0.50 l,ko,2.59,5.18,,,2.39,8003693401606,KOZMETIKA
DEO NIVEA Ž EXOTIC FEELING 150 ml,90775335,NIVEA,0.15 l,ko,5.39,35.93,,,3.99,9005800378992,KOZMETIKA
GEL TUŠ L'ANG GLOW 500 ml,90885502,L ANGELICA,0.50 l,ko,3.25,6.5,,,3.25,8017331102800,KOZMETIKA
BOJA SYOSS 7-5 PRIR PEPELJ-PLAVA,90478944,SYOSS,1.00 ko,ko,6.99,6.99,,,5.59,9000101629033,KOZMETIKA
GEL TUŠ PALM NOURISHING 500ml,90571856,PALMOLIVE,0.50 l,ko,,5.78,2.89,3.05,4.89,8718951436503,KOZMETIKA
ŠAMPON GLISS OIL NUTR 250ML 8480,06520800,GLISS,0.25 l,ko,4.79,19.16,,,2.99,9000100398435,KOZMETIKA
ČETKICA ORAL B PRO EXPERT 2/1,90885797,ORAL B,2.00 ko,ko,6.99,3.5,,,6.99,8700216445481,KOZMETIKA
BOJA COLOR NAT NUDE 8.132,90214925,GARNIER COL NATURALS,1.00 ko,ko,,3.49,3.49,4.99,4.99,3600541915831,KOZMETIKA
REGEN PANTENE THICK&STRONG 275 ml,90850389,PANTENE,0.28 l,ko,5.99,21.78,,,5.99,8700216508896,KOZMETIKA
SREDSTVO ZA ČIŠ PER RUBLJA 5IN1 K2R,90825250,K2R,1.00 ko,ko,4.99,4.99,,,4.99,9000101016550,SREDSTVA ZA ČIŠĆENJE
DET ORNEL GOLDEN 2.34kg=36WL,90577752,ORNEL,2.34 kg,ko,5,2.14,,,11.95,3850105180124,SREDSTVA ZA ČIŠĆENJE
TAB FINISH ULTIMATE LEMON 120 TAB,90849836,FINISH ADW,120.48 ko,ko,21.99,0.18,,,19.99,5908252010745,SREDSTVA ZA ČIŠĆENJE
DET TEK CHICCO SENSITIVE 1500ml,90733798,CHICCO,1.50 l,ko,9.49,6.33,,,9.49,8058664122325,SREDSTVA ZA ČIŠĆENJE
BREF HYGIENE GEL FLORAL 700ml,90325421,BREF,0.70 l,ko,2.99,4.27,,,2.99,9000101311853,SREDSTVA ZA ČIŠĆENJE
DET CALGON 1000g KAMENAC,08010700,CALGON,1.00 kg,ko,12.39,12.39,,,12.39,5997321701806,SREDSTVA ZA ČIŠĆENJE
DET PERSIL GEL UNIVERSAL 4.5L 100PR,90750739,PERSIL,4.50 l,ko,19.99,4.44,,,19.99,9000101567281,SREDSTVA ZA ČIŠĆENJE
PERMETAL GOLD 650ml,90039890,PERMETAL,0.65 l,ko,3.89,5.98,,,3.29,3850111753619,SREDSTVA ZA ČIŠĆENJE
OM VIOLETA DELICATE TOUCH 4L,90572923,VIOLETA,4.00 l,ko,4.49,1.12,,,4.49,3870128028623,SREDSTVA ZA ČIŠĆENJE
CHANTECLAIR WC AKTIV PJENA 625 ml,90804766,CHANTE CLAIR,0.63 l,ko,3.85,6.16,,,3.65,8015194535490,SREDSTVA ZA ČIŠĆENJE
OM LENOR SPRING AWAKE 1.239 L,90886217,LENOR,1.25 l,ko,6.39,5.11,,,6.39,8700216724012,SREDSTVA ZA ČIŠĆENJE
DET JAR AIO PLATINUM LEMON 75TAB,90789836,JAR ADW,75.02 ko,ko,39.99,0.53,,,39.99,8006540750247,SREDSTVA ZA ČIŠĆENJE
DET JAR PINK YASMIN 900ml,90351034,JAR HDW,0.90 l,ko,,3.32,2.99,4.65,4.69,8001090975065,SREDSTVA ZA ČIŠĆENJE
STAKLO VIOLETA FLORAL 750 ML,90675543,VIOLETA,0.75 l,ko,2.19,2.92,,,2.19,3870128033405,SREDSTVA ZA ČIŠĆENJE
DET ARIEL SENSITIVE 0.85L=17PR,90705888,ARIEL,0.85 l,ko,7,8.24,,,7,8006540874882,SREDSTVA ZA ČIŠĆENJE
OM COCCOLINO KONC BLUE SPLASH 975 ml,90785305,COCCOLINO,0.98 l,ko,4.99,5.12,,,4.99,8720181410543,SREDSTVA ZA ČIŠĆENJE
DET NILA MY PINK LOVE 2.7 L,90785334,NILA,2.70 l,ko,9.29,3.44,,,9.29,3850105186874,SREDSTVA ZA ČIŠĆENJE
DET JAR LEMON 2X1.35L PROMO,90572031,JAR HDW,2.70 l,ko,5.49,2.03,,,6.49,8006540463598,SREDSTVA ZA ČIŠĆENJE
OM VIOLETA LUX 1.55L,90699070,VIOLETA,1.55 l,ko,,1.93,2.99,3.99,4.55,3870128035324,SREDSTVA ZA ČIŠĆENJE
AJAX FLORAL FIESTA LILAC BREEZE 1L,08030411,AJAX,1.00 l,ko,,1.89,1.89,3.69,3.69,8718951278516,SREDSTVA ZA ČIŠĆENJE
DET DAX GEL SENSITIVE 1.5L=41PRANJE,90407496,DAX,1.50 l,ko,,1.99,2.99,3.75,3.75,3850334132505,SREDSTVA ZA ČIŠĆENJE
WC BREF GEL EXCELLENCE SHINE 700ml,90518733,BREF,0.70 l,ko,3.49,4.99,,,3.49,9000101310986,SREDSTVA ZA ČIŠĆENJE
DET DASH REGULAR 2.1 kg=42PR,90886326,DASH,2.10 kg,ko,19.99,9.52,,,19.99,8700216742030,SREDSTVA ZA ČIŠĆENJE
BLISTA UNIVERSAL 750ml,90603104,BLISTA,0.75 l,ko,2.49,3.32,,,2.49,3859890063858,SREDSTVA ZA ČIŠĆENJE
SRED SANYTOL DEZINF RUBLJA 1 L,90785287,SANYTOL,1.00 l,ko,6.29,6.29,,,6.25,3045206360609,SREDSTVA ZA ČIŠĆENJE
ARF WC LEMON POWER 700ml,90468157,ARF,0.70 l,ko,2.69,3.84,,,2.69,3850105175045,SREDSTVA ZA ČIŠĆENJE
DET PERSIL GEL UNIVERSAL 1.98L=44PR,90744908,PERSIL,1.98 l,ko,16.99,8.58,,,9.99,9000101574241,SREDSTVA ZA ČIŠĆENJE
SREDSTVO SUPER JON KUHINJA 650ML,08030794,SUPER JON,0.65 l,ko,,3.83,2.49,3.25,2.95,3850111503436,SREDSTVA ZA ČIŠĆENJE
OM ORNEL GLOW 800 ml,90771093,ORNEL,0.80 l,ko,3.29,4.11,,,3.29,3850105186522,SREDSTVA ZA ČIŠĆENJE
ECOVER UNIV LIMUN&ĐUMBIR 500ml,90600534,ECOVER,0.50 l,ko,5.29,10.58,,,4.99,5000204255454,SREDSTVA ZA ČIŠĆENJE
DET NILA MY SENSUAL BLACK 900ml,90404626,NILA,0.90 l,ko,,3.1,2.79,4.29,4.29,3850105169488,SREDSTVA ZA ČIŠĆENJE
AJAX MULTIPURPOSE TRIGGER 750ml,90706007,AJAX,0.75 l,ko,3.99,5.32,,,3.99,8718951277410,SREDSTVA ZA ČIŠĆENJE
KH-7 ODMAŠČIVAČ 750 ml + 500 ml,90810900,KH-7,1.25 l,ko,5.49,4.39,,,4,3858893728917,SREDSTVA ZA ČIŠĆENJE
VL MARAMICE ZA MRLJE VESH TO GO 5/1,90406798,VESH,4.76 ko,ko,1.19,0.25,,,1.19,3870128023772,SREDSTVA ZA ČIŠĆENJE
SWIFFE KOMPL DRŽAČ 8 SUH+3 VLAŽ MAR,90569086,SWIFFER,1.00 ko,ko,19.99,19.99,,,19.99,8006540316764,SREDSTVA ZA ČIŠĆENJE
MARAMICE VL ARF LEMON 60/1,90603120,ARF,60.02 ko,ko,,0.04,2.12,2.65,2.65,3850105177995,SREDSTVA ZA ČIŠĆENJE
SOMAT MACHINE CLEANER 60g=3PR,90230606,SOMAT,0.06 kg,ko,5.99,99.83,,,2.99,9000100999786,SREDSTVA ZA ČIŠĆENJE
FINISH TABLETE ZA ČIŠĆ PERILICE 3kom,90303832,FINISH ADW,3.00 ko,ko,6.09,2.03,,,6.09,5900627073003,SREDSTVA ZA ČIŠĆENJE
MARAMICE ZA UPIJANJE BOJA 52/1 K2R,90826181,K2R,22.00 ko,ko,6.99,0.32,,,6.99,9000101821963,SREDSTVA ZA ČIŠĆENJE
CILLIT BANG SPR DEGRE TRIG 750 4210,08030254,CILLIT,0.75 l,ko,4,5.33,,,4,5900627024210,SREDSTVA ZA ČIŠĆENJE
CIF SPREJ ZA KUPAONICU 750ML,90212254,CIF,0.75 l,ko,4.99,6.65,,,4.99,8712561212144,SREDSTVA ZA ČIŠĆENJE
OSVJEŽIVAČ PERILICE LEMON 1/1 DAX,90270175,DAX,1.00 ko,ko,2.12,2.12,,,2.12,3850334578006,SREDSTVA ZA ČIŠĆENJE
ČIST ZA PERIL RUBLJA DR BECKM 250ml,90785409,BECKMANN,0.25 l,ko,3.79,15.16,,,3.79,4008455330518,SREDSTVA ZA ČIŠĆENJE
WC GEL SANITAR OCEAN FRESH 750ML,90222070,SANITAR,0.75 l,ko,3.05,4.07,,,2.95,3850111503870,SREDSTVA ZA ČIŠĆENJE
MARAMICE SUPER JON UNIV 60 KOM,90406293,SUPER JON,60.02 ko,ko,3.25,0.05,,,2.95,3850111901089,SREDSTVA ZA ČIŠĆENJE
DET TEKUĆI BECUTAN 1L,90385682,BECUTAN,1.00 l,ko,5.89,5.89,,,5.89,5310001235482,SREDSTVA ZA ČIŠĆENJE
DET WOOLITE DARK 4.5L,90729717,WOOLITE,4.50 l,ko,8.99,2,,,8.99,5900627056945,SREDSTVA ZA ČIŠĆENJE
SREDSTVO IZBJELJIVAČ 1L DOMUS,90078870,DOMUS,1.00 l,ko,1.99,1.99,,,1.99,3859890392484,SREDSTVA ZA ČIŠĆENJE
ŠTAPIĆI LOLI PAPIRNATI VATENI 200/1,90486971,LOLI,200.00 ko,ko,1.79,0.01,,,1.79,3858890795226,TOALETNE POTREPŠTINE
TAMPONI OB PROCOMF NORMAL 16 4381,06500169,OB,16.00 ko,ko,4.49,0.28,,,4.19,3574660234428,TOALETNE POTREPŠTINE
PEL GAĆ PAMP MAXI JP 52/1,90167384,PAMPERS,52.00 ko,ko,,0.29,14.99,21.63,21.63,8006540069264,TOALETNE POTREPŠTINE
HIG UL ALWAYS UL NOR PL DUO 20/1,06500030,ALWAYS P&G,20.00 ko,ko,3.45,0.17,,,2.29,8700216171311,TOALETNE POTREPŠTINE
TP PALOMA EXC ŽUTI 3SL 8+2,05081008,PALOMA,10.00 ko,ko,2.99,0.3,,,2.99,3838952015226,TOALETNE POTREPŠTINE
HIG UL LIBRESSE ULTRA DUO 16/1,90484589,LIBRESSE,16.00 ko,ko,3.05,0.19,,,3.05,7322540960273,TOALETNE POTREPŠTINE
VL MAR VIOLETA SENS BAD 4+1X56/1,90086393,VIOLETA,280.11 ko,ko,,0.02,5.69,5.69,5.69,3870128009462,TOALETNE POTREPŠTINE
VL MARAMICE BIOLLY 72/1,90692768,BIOLLY,72.05 ko,ko,0.79,0.01,,,0.79,8683092838496,TOALETNE POTREPŠTINE
PEL PAMPERS PREMIUM JP S5 58/1,90360926,PAMPERS,58.01 ko,ko,26.54,0.46,,,26.54,8001841104997,TOALETNE POTREPŠTINE
TP ZEWA DELUXE JASMIN 3SL 8/1,90732967,ZEWA,8.00 ko,ko,2.79,0.35,,,2.79,7322541171753,TOALETNE POTREPŠTINE
HIG UL LOLA LADY PLAST 10/1,06501260,LOLA LADY,10.00 ko,ko,2.49,0.25,,,2.15,3858881100053,TOALETNE POTREPŠTINE
HIG UL ALWAYS PLAT LONG 26/1,90879964,ALWAYS P&G,26.00 ko,ko,5.45,0.21,,,5.45,8001841913841,TOALETNE POTREPŠTINE
HIG UL ALWAYS ULT SEC NIGHT EXT 20/1,90824671,ALWAYS P&G,20.00 ko,ko,4.85,0.24,,,4.85,8006540903766,TOALETNE POTREPŠTINE
HIG UL LIBRESSE MAXI GOODNIGHT 10/1,06502379,LIBRESSE,10.00 ko,ko,1.99,0.2,,,1.99,7322541192543,TOALETNE POTREPŠTINE
VL MARAMICE PAMPERS SENSTI 80/1,90385486,PAMPERS,80.00 ko,ko,,0.02,1.39,2.59,2.59,8001841041421,TOALETNE POTREPŠTINE
FLASTERI EXTRA RESISTANT 8/1 SEPTONA,90769943,SEPTONA,8.00 ko,ko,1.45,0.18,,,1.45,5201410003086,TOALETNE POTREPŠTINE
TP DAISY 100L 3SL 10/1,90754759,DAISY,10.00 ko,ko,2.25,0.23,,,2.25,3850334103871,TOALETNE POTREPŠTINE
DN UL CAREFREE COTTON FRESH 56/1,90375304,CAREFREE,55.99 ko,ko,3.45,0.06,,,3.35,3574661554877,TOALETNE POTREPŠTINE
HIG UL LIBRESSE INV NORM CL DUO 20/1,06500091,LIBRESSE,20.00 ko,ko,2.89,0.14,,,2.89,7322541194998,TOALETNE POTREPŠTINE
VL MAR VIOL SENS BAD DUO 2X56/1,90078683,VIOLETA,112.11 ko,ko,3.65,0.03,,,3.65,3870128007284,TOALETNE POTREPŠTINE
DN ULOŠCI ALWAYS LONG 52/1,90261062,ALWAYS P&G,52.08 ko,ko,3.32,0.06,,,2.65,8006540791394,TOALETNE POTREPŠTINE
HIG UL VIOLETA COTTON NORMAL 20/1,90152815,VIOLETA,20.00 ko,ko,,0.1,1.99,1.99,2.65,3870128040779,TOALETNE POTREPŠTINE
HIG UL ALWAYS SUP+16/1 DUO 6756,06500031,ALWAYS P&G,16.00 ko,ko,3.45,0.22,,,2.29,8700216861069,TOALETNE POTREPŠTINE
PEL VIOL COT PREM MIDI 3 64/1,90603232,VIOLETA,64.02 ko,ko,17.85,0.28,,,17.85,3870128031586,TOALETNE POTREPŠTINE
HIG UL VIOLETA COTTON NORMAL 10/1,90152812,VIOLETA,10.00 ko,ko,,0.12,1.19,1.19,1.59,3870128040748,TOALETNE POTREPŠTINE
PEL PAMPERS PREMIUM JP S4 68/1,90360921,PAMPERS,68.03 ko,ko,26.54,0.39,,,26.54,8001841104959,TOALETNE POTREPŠTINE
VL MARAMICE NIVEA SOFT&CREAM 57/1,90764773,NIVEA,57.01 ko,ko,3.79,0.07,,,3.79,9005800374406,TOALETNE POTREPŠTINE
TP ZEWA DELUXE BIJELA 3SL 8/1,90750566,ZEWA,8.00 ko,ko,2.79,0.35,,,2.79,7322541171739,TOALETNE POTREPŠTINE
PEL VIOLETA JUNIOR+ 6 GIGA 86/1,90453754,VIOLETA,86.06 ko,ko,19.99,0.23,,,19.99,3870128025561,TOALETNE POTREPŠTINE
PELENE GAĆ PAMPERS JP S5 56/1,90839877,PAMPERS,55.99 ko,ko,25.89,0.46,,,25.89,8006540069165,TOALETNE POTREPŠTINE
PEL LUMPI MEGA MAXI 4 84/1,90370160,LUMPI,84.03 ko,ko,10.62,0.13,,,10.62,3850334153517,TOALETNE POTREPŠTINE
HP AQUA PROTECT 20 FLASTERA 1241,06621156,HANSAPLAST,20.00 ko,ko,3.59,0.18,,,3.59,9005800225333,TOALETNE POTREPŠTINE
VL. MAR VIOLETA B SOFT MED/KAM 51/1,90707820,VIOLETA,50.99 ko,ko,1.59,0.03,,,1.59,3870128036512,TOALETNE POTREPŠTINE
DN ULOŠCI ALWAYS EXT LONG 44/1,90261058,ALWAYS P&G,44.05 ko,ko,3.32,0.08,,,2.65,4015400563846,TOALETNE POTREPŠTINE
VL MAR LUMPI SOFT LOTION 20/1,90184799,LUMPI,20.00 ko,ko,,0.02,0.39,0.59,0.59,3850334558527,TOALETNE POTREPŠTINE
PEL LUMPI PREMIUM MINI 2 (3-6kg) 42/1,90380399,LUMPI,42.02 ko,ko,,0.13,5.31,5.31,5.31,3850334154309,TOALETNE POTREPŠTINE
TP PALOMA SENSITIVE SHEA BUTTER 10/1 4SL,90370360,PALOMA,10.00 ko,ko,5.39,0.54,,,5.39,3838952027540,TOALETNE POTREPŠTINE
BLAZINICE DJ SEPTONA 50/1,90765154,SEPTONA,50.00 ko,ko,1.99,0.04,,,1.99,5201410606003,TOALETNE POTREPŠTINE
TAMPONI OB PROCOMF SUP PLUS 16,06504338,OB,16.00 ko,ko,4.49,0.28,,,4.19,3574661476391,TOALETNE POTREPŠTINE
HIG UL VIOLETA AIR FIT NIGHT 10/1,90669550,VIOLETA,10.00 ko,ko,,0.15,1.46,1.86,1.86,3870128041011,TOALETNE POTREPŠTINE
ŠTAPIĆI BIORAZG BABY TOTO 60/1,90382179,TOTO,60.02 ko,ko,1.29,0.02,,,1.29,3838985889085,TOALETNE POTREPŠTINE
HIG UL LIBRESSE NAT NOR CL DUO 20/1,06500369,LIBRESSE,20.00 ko,ko,3.05,0.15,,,3.05,7322541237275,TOALETNE POTREPŠTINE
VL MARAMICE NIVEA SOFT&CREAM 2X57,90759675,NIVEA,114.03 ko,ko,6.29,0.06,,,6.29,9005800374413,TOALETNE POTREPŠTINE
HIG UL OLEA SUPER 24/1,90249960,OLEA,24.00 ko,ko,,0.07,1.65,2.04,2.04,3850334579638,TOALETNE POTREPŠTINE
TP PALOMA LIMITED FLOWER 12/1,90890609,PALOMA,12.00 ko,ko,2.99,0.25,,,2.99,3838952036276,TOALETNE POTREPŠTINE
VL MARAMICE HIGI 72/1,90149031,HIGI,71.99 ko,ko,1.29,0.02,,,1.29,3870128001299,TOALETNE POTREPŠTINE
DN UL CAREFREE LARGE 48/1,06500281,CAREFREE,48.01 ko,ko,3.35,0.07,,,3.35,3574661487618,TOALETNE POTREPŠTINE
VL MARAMICE BABY 56/1 VIOLETA 99% WATER,90280239,VIOLETA,55.56 ko,ko,2.55,0.05,,,2.55,3870128012677,TOALETNE POTREPŠTINE
POSL KEKSI  PAS VITA ROLLS  400g,90298655,VITAKRAFT,0.40 kg,ko,3.05,7.63,,,3.05,8007229348922,PROIZVODI ZA KUĆANSTVO
POESIE PUREĆA PRSA U UMAKU 85g VITAKR,90307682,VITAKRAFT,0.09 kg,ko,0.85,10,,,0.85,4008239366634,PROIZVODI ZA KUĆANSTVO
SHEBA MM IZBOR PERADI U ŽELEU 4X85g,90765274,SHEBA,0.34 kg,ko,3.29,9.68,,,3.29,4770608247683,PROIZVODI ZA KUĆANSTVO
LOPATICA METLICA CS,90799923,CLEAN SMART,1.00 ko,ko,3.29,3.29,,,3.29,3859893097249,PROIZVODI ZA KUĆANSTVO
PEDIGREE SCHMACKOS 86g,90362669,PEDIGREE,0.09 kg,ko,,20.35,1.75,2.19,2.19,5010394004435,PROIZVODI ZA KUĆANSTVO
FELIX MM MESNI MENU 4X85g,90582743,FELIX,0.34 kg,ko,,5.85,1.99,2.79,2.79,7613287491695,PROIZVODI ZA KUĆANSTVO
POSL KEKSI  PAS VITA MIX 300g,90298651,VITAKRAFT,0.30 kg,ko,2.95,9.83,,,2.95,8007229348946,PROIZVODI ZA KUĆANSTVO
KITTY SM PIL/PURET 400G,90642935,KITTY,0.40 kg,ko,0.95,2.38,,,0.95,3850334010872,PROIZVODI ZA KUĆANSTVO
PEDIGREE DENTASTIX SREDNJI 180G,01640064,PEDIGREE,0.18 kg,ko,2.99,16.61,,,2.99,5010394984584,PROIZVODI ZA KUĆANSTVO
METLA MALA SIRAK,90754978,SUDOMAT,1.00 ko,ko,3.49,3.49,,,3.49,3856007706233,PROIZVODI ZA KUĆANSTVO
VREĆICA TREGER VELIKA KONZUM,90649569,K PLUS,1.00 ko,ko,0.2,0.2,,,0.2,3850334020765,PROIZVODI ZA KUĆANSTVO
HRANA ZA TROPSKE RIBE VITA 100 ML,90280068,VITAKRAFT,0.10 kg,ko,2.59,25.9,,,2.59,4008239598127,PROIZVODI ZA KUĆANSTVO
SALVETE NATUR PREMIUM RED 33X33 3SL 30/1,90261032,NATUR,30.00 ko,ko,0.7,0.02,,,1.06,3838900953686,PROIZVODI ZA KUĆANSTVO
SPUŽVA ABRAZIVNA ONEČ POVRŠINE DAX 6/1,90289994,DAX,6.00 ko,ko,1.06,0.18,,,1.06,3850334608291,PROIZVODI ZA KUĆANSTVO
ALU FOLIJA 30MX29cm F&P,90675175,FRESH&PACK,1.00 ko,ko,,1.99,1.99,2.65,2.65,3850334431561,PROIZVODI ZA KUĆANSTVO
RUČNIK PAP PALOMA MULTIFUN 2 SL 1/1,90914844,PALOMA,1.00 ko,ko,3.29,3.29,,,3.29,3838952027502,PROIZVODI ZA KUĆANSTVO
FOLIJA PRIJANJAJUĆA PREMIU 20 m ALUF,90919983,ALUFIX,20.00 m,ko,2.99,0.15,,,2.99,5949509001291,PROIZVODI ZA KUĆANSTVO
VOLI VOLI SM MIX PIL GOV 2.4 kg,90909908,VOLI VOLI,2.40 kg,ko,4.79,2,,,4.79,3859893822872,PROIZVODI ZA KUĆANSTVO
POSLASTICA BEEF BURGER 3 kom 27 g,90924761,VITAKRAFT,0.03 kg,ko,1.19,44.07,,,1.19,4008239413604,PROIZVODI ZA KUĆANSTVO
VREĆICA VIŠEKR VOĆE POVRĆE 3/1,90915279,K PLUS,1.00 ko,ko,1.49,1.49,,,1.99,3850334436818,PROIZVODI ZA KUĆANSTVO
PRALINE FERRERO PRESTIGE T8 83G,90692910,FERRERO,0.08 kg,ko,4.39,52.89,,,4.09,8000500333761,HRANA
ČAJ MUZ KUTIJA WINTER WONDER LIM KUT 30X2 g AHMAD,90830451,AHMAD,0.06 kg,ko,5,83.33,,,0.5,054881027458,HRANA
UMAK PESTO ALLA SICILIANA POLLI 190g,90155340,POLLI,0.19 kg,ko,3.49,18.37,,,3.49,8001310810800,HRANA
SLAD MILKA PRALINE 90 ml,90764921,MILKA,0.07 l,ko,1.99,29.71,,,1.88,5900130040400,HRANA
KOKICE CARAMEL COLA 170 g BOOMZA,90887158,BOOMZA,0.17 kg,ko,2,11.76,,,2.49,4820196730934,HRANA
MJEŠ ZAČ ZA GRILL Q&E 40g KOTANYI,90698145,KOTANYI,0.04 kg,ko,0.99,24.75,,,0.98,9001414237229,HRANA
SLAD NUTELLA CUP 230 g,90886371,FERRERO,0.23 kg,ko,7.99,34.74,,,7.99,8000500425183,HRANA
CREMA PAŠTETA OD BAKAL S TARTUF 100g,90324471,BACCALA DELLA MAMMA,0.10 kg,ko,3.29,32.9,,,3.29,3859890853152,HRANA
GRICKALICE ORG GERBER BAN/MAL 35g,90707613,GERBER,0.04 kg,ko,2.49,71.14,,,2.49,7613037307641,HRANA
KAŠICA HIPP JAB BAN MAN ACER 190g,90167276,HIPP,0.19 kg,ko,1.69,8.89,,,1.69,4062300293779,HRANA
SIR POLUTV KOZJI ŠKRIPAVAC CAPRA DOM,90408973,CAPRA DOMESTICA,1.00 kg,kg,29.2,29.2,,,29.2,,HRANA
KREKER DJ HIPP RIŽA JAB 30G,04170929,HIPP,1.00 ko,ko,1.59,1.59,,,1.59,4062300376199,HRANA
KIWANO,01410001,,0.10 kg,ko,2.49,24.9,,,1.69,3856017202336,HRANA
TIJESTO ROSSOTELLE 250 g MARODI,90890028,MARODI,0.25 kg,ko,2.99,11.96,,,2.99,3859894191151,HRANA
MILKSHAKE VANILIJA MINUTE 230ml,90731516,MINUTE,0.23 l,ko,1.49,6.48,,,1.49,3838900829349,HRANA
KOKICE ZA MIKROV SIR 80 g POPCORN,90770446,POP CORN,0.08 kg,ko,1.09,13.63,,,1.09,3858889366208,HRANA
PAPAR ZELENI  ZR. 20g VEGETA MAESTRO,90484229,VEGETA MAESTRO,0.02 kg,ko,1.49,74.5,,,1.49,3856020246990,HRANA
GURABIJA BADEM 400g SUNDAY,90298060,SUNDAY,0.40 kg,ko,3.99,9.98,,,3.58,5319990443762,HRANA
SALAMA TR BOŠKARIN 80g HISTRIS,90704272,HISTRIS,0.08 kg,ko,4.39,54.88,,,4.39,3859893167973,HRANA
MJEŠAVINA MAHUNA JEČAM 400g BONDUELLE,90732247,BONDUELLE,0.40 kg,ko,2.99,7.48,,,2.99,3083681138603,HRANA
KREKER SALTAS PAPRIKA 100g,90829682,SALTAS,0.10 kg,ko,0.95,9.5,,,0.95,3856014107603,HRANA
CHILI LJUTI BIRDSEYE 24G BOČ KOTANYI,90185532,KOTANYI,0.02 kg,ko,,99.58,2.39,3.99,3.98,9001414700280,HRANA
SLAD OREO KORNET BALL TOP 100ml,90703688,OREO,0.10 l,ko,1.99,19.9,,,2,8606018616138,HRANA
MJEŠ ZAČ ZA PIL PUR 52g SPICE CHEF,90725478,SPICE CHEF,0.05 kg,ko,1.5,28.85,,,1.99,3850334070173,HRANA
SLAD KING DESIRE ČAŠA,90885901,KING,0.45 ko,ko,7.99,17.76,,,6.99,3850116066271,HRANA
BOMBON MENTOL CRNI 100g KANDIT,90113275,KANDIT,0.10 kg,ko,0.96,9.6,,,0.96,3858881048508,HRANA
ČIPS HRUSTY TUBA SLANI 100 g,90887103,HRUSTY,0.10 kg,ko,,11.9,1.19,1.49,1.49,3838900820612,HRANA
PANCETA DALMATINSKA NAR 80 g MAP,90886666,VOŠTANE,0.08 kg,ko,2.99,37.38,,,2.99,3858889495113,HRANA
DAGNJA DIMLJENA 120g/ 72 g BANGA,90886114,BANGA,0.07 kg,ko,2.99,41.53,,,2.99,4751017402832,HRANA
ČVARCI 200g DR PIGLEY,90569914,DR PIGLEY,0.20 kg,ko,4.39,21.95,,,2,3859892348335,HRANA
INĆUN PELAGOS FILETI SLANI I MAR 2X200g,90573440,PELAGOS,0.40 kg,ko,17.99,44.98,,,10,3859893545009,HRANA
CLUB MIX 300 g NATURA PLUS,90895287,NATURA,0.30 kg,ko,5.49,18.3,,,5.49,3858893922544,HRANA
KEKS MOUNTAIN BIG NUT 150 g GRIESSON,90887325,GRIESSON,0.15 kg,ko,2.35,15.67,,,2.35,4001518117033,HRANA
FLIPS SMOKI PROTEIN 70 g ŠTARK,90887288,SOKO ŠTARK,0.07 kg,ko,1.09,15.57,,,1.09,8600939508275,HRANA
SLAD SANDWICH MONTE 120 ml,90886439,MONTE,0.12 l,ko,2.59,21.58,,,2.59,5906040064215,HRANA
BOMBON GUMENI  HOBOTNICA  90 g FINI,90886078,FINI,0.09 kg,ko,1.39,15.44,,,1.39,8410525220548,HRANA
UDON NOODLES 300g SAITAKU,90056072,SAITAKU,0.30 kg,ko,2.69,8.97,,,2.69,5060194790106,HRANA
PROIZV BILJ BAZ VEGAN CREME 200g,90678076,GREEN VIE,0.20 kg,ko,3.18,15.9,,,3.18,5292874002272,HRANA
KOMPOT MARELICA 420G/240 g DEL MONTE,90850331,DEL MONTE,0.24 kg,ko,2.29,9.54,,,2.29,024000181453,HRANA
SOL MORSKA SITNA PVC 1kg SOLANA NIN,90311296,SOLANA NIN,1.00 kg,ko,0.95,0.95,,,0.79,3859888595118,HRANA
NAPITAK SOJA EKO 1L BRIDGE,90713265,THE BRIDGE,1.00 l,ko,2.69,2.69,,,2.69,8019428007005,HRANA
UMAK RAJČICA ŠAMPINJONI 410g,01491262,PODRAVKA,0.41 kg,ko,3.19,7.78,,,3.19,3850104222344,HRANA
KAVA PERFETTO BRAZIL NS 10/1 55g BAR,90386032,BARCAFFE,0.06 kg,ko,5.49,99.82,,,4.69,3838471044462,HRANA
BOMBON ŽELE PUNJ VOĆNI MIX 200 g ROSHEN,90840033,ROSHEN,0.20 kg,ko,1.49,7.45,,,1.49,4823077602863,HRANA
BOMBON NIMM2 GUMENI APPLE BUDDIES 90g,90673150,NIMM2,0.09 kg,ko,1.19,13.22,,,1.19,4014400920710,HRANA
PAPRIKA MLJEV LJUTA 100 g SPICE CHEF,90770533,SPICE CHEF,0.10 kg,ko,1.29,12.9,,,1.29,3850334101013,HRANA
KEKS BREAKFAST CERELAS & COCONUT  160g,90167469,BREAKFAST,0.16 kg,ko,2.09,13.06,,,1.89,3856014117855,HRANA
SIR TVRDI DALMATINSKI  MIH,90303068,SIRANA MIH,1.00 kg,kg,26.99,26.99,,,26.99,3859891700677,HRANA
SOL S POV I ZAČ ZA RIBU 200g SOLANA,90731126,SOLANA PAG,0.20 kg,ko,1.69,8.45,,,1.59,3859888155596,HRANA
ŠAFRAN 0.1g LUXOR,04100629,NADALINA,0.00 kg,ko,2.09,20900,,,2.09,3858881583337,HRANA
BOMBON GUM TROPIC 80 g SOUR PATCH,90835027,SOUR PATCH,0.18 kg,ko,1.09,6.06,,,1.09,7622202207310,HRANA
LUČICE 290/150 g NATURETA,01490836,NATURETA,0.15 kg,ko,2.25,15,,,2.25,3831029520470,HRANA
ZAČIN ĐUMBIR MLJ POSIPAČ 30g VEGETA MAESTRO,90282247,VEGETA MAESTRO,0.03 kg,ko,2.59,86.33,,,2.59,3850104294655,HRANA
SIRNI NAMAZ ORIGINAL 150g ZDENKA,90433050,ZDENKA,0.15 kg,ko,2.19,14.6,,,2.19,3858888596965,HRANA
TOAST INTEGRALNI 400g MLINAR,90714183,MLINAR,0.40 kg,ko,2.19,5.48,,,2.05,3858881120082,HRANA
KRUH SA SJEMENKAMA 500g PAK K PLUS,90759784,K PLUS,0.50 kg,ko,,2.5,1.25,1.79,1.79,3850334108326,HRANA
SIR SVJEŽI POSNI K PLUS 500g,02390962,K PLUS,0.50 kg,ko,,2.78,1.39,1.39,1.56,3850334535276,HRANA
PISTACIO VEDRINI 250g,90307594,VEDRINI,0.25 kg,ko,5.49,21.96,,,5.19,3859890630180,HRANA
JOG ČVRSTI 3.2% MM 900g VINDIJA,02334675,Z BREGOV,0.90 kg,ko,2.39,2.66,,,2.39,3850108030174,HRANA
KEKS K PLUS FINESSE CHOCO COOKIES 150g,90051561,FINESSE,0.15 kg,ko,,7.93,1.19,1.49,1.49,3850334231864,HRANA
PEČENICA DALM NAR 100g MAP PIVAC,90569810,PIVAC,0.10 kg,ko,3.09,30.9,,,3.09,3858890183467,HRANA
PAH LINO PILLOWS MILK PODR VR 500g,90082811,LINO,0.50 kg,ko,4.99,9.98,,,4.99,3850104263613,HRANA
VRATINA DIMLJENA BK 1/2 VAC VRBOVEC,02018139,PIK,1.00 kg,kg,7.99,7.99,,,7.99,3850139050714,HRANA
GAMBERI 250g LEDO,02199376,LEDO,0.25 kg,ko,,21.16,5.29,5.29,4.79,3850116746050,HRANA
SLAD LEDO KING SEDUCTION 100 ml,90764893,KING,0.08 l,ko,2.79,33.2,,,2.79,3850116064086,HRANA
PILEĆI RASJ ZA POH TOP FILE 1100g,02434349,CEKIN,1.00 kg,kg,7.69,7.69,,,7.69,3850159110658,HRANA
SENDVIČ NAREZAK SA SIROM 500g VINDIJ,02039515,CEKIN,0.50 kg,ko,2.95,5.9,,,2.95,3850159125072,HRANA
ŽV GUMA AIRWAVES EXTREME 14g,04200569,WRIGLEY,0.01 kg,ko,0.99,70.71,,,0.99,42189633,HRANA
SIR POLUTVRDI GOUDA 150g DUKAT,90573855,PRESIDENT,0.15 kg,ko,3.19,21.27,,,3.19,3850355007080,HRANA
PUREĆI BATAK/ZABATAK CCA 2.2kg  AIA,90205320,AIA,1.00 kg,kg,3.99,3.99,,,3.09,,HRANA
DESERT ČOK ŽIVOTINJSKO CARSTVO 15G NOVO,90210252,ŽIVOTINJSKO CARSTVO,0.02 kg,ko,0.69,46,,,0.69,3850102507979,HRANA
KIKIRIKI HRUSTY PRŽENI SLANI 500 g,90749987,HRUSTY,0.50 kg,ko,,3.98,1.99,2.29,2.29,3850334415172,HRANA
PAPRIKA ROG CRVENA 500 grama,90066408,,0.50 kg,ko,,2.78,1.39,1.39,2.49,3858885879818,HRANA
KAVA CREMA MLJEV 400g VR FRANCK,90493443,FRANCK CREMA,0.40 kg,ko,8.29,20.73,,,8.29,3850291051956,HRANA
JUHA KOKOŠ S TIJES 62g PODRAVKA,04162562,PODRAVKA,0.06 kg,ko,,12.74,0.79,0.99,0.99,3850104003189,HRANA
SIR POLUTV GOUDA CCA 3kg DUKAT,02050439,DUKAT,1.00 kg,kg,,4.99,4.99,6.49,6.49,3850355002719,HRANA
DESERT KINDER JOY 20g,04220358,FERRERO,0.02 kg,ko,1.7,85,,,1.49,80310891,HRANA
MESNI DORUČAK 2X150G GAVRILOVIĆ,90032132,GAVRILOVIĆ,0.30 kg,ko,3.99,13.3,,,3.79,3859892502744,HRANA
AMERIČKI BURGER 600g PIK,90094874,PIK VRBOVEC,0.60 kg,ko,7.39,12.32,,,6.89,3850139435498,HRANA
SLAD KING OBSESSION 100ml LEDO,90485069,KING,0.10 l,ko,2.79,27.9,,,2.79,3850116037073,HRANA
SIR POLUTVRDI PODRAVEC PRESIDENT,90573768,PRESIDENT,1.00 kg,kg,12.49,12.49,,,12.49,3850355007448,HRANA
DESERT BANANKO 30g KRAŠ,90029870,BANANKO,0.03 kg,ko,0.55,18.33,,,0.55,3850102127252,HRANA
MLIJEKO TR LAG JUTRO 1.5% 1L DUKAT,90602728,DUKAT,1.00 l,ko,,1.69,1.69,1.99,1.99,3850354017103,HRANA
ČAJNA KOB NAR 100g MA PIK VRBOVEC,02024388,PIK VRBOVEC,0.10 kg,ko,2.79,27.9,,,2.19,3850139010435,HRANA
SVINJSKI FILE VAC,90144266,PIK VRBOVEC,1.00 kg,kg,,6.89,6.89,9.09,5.38,3850139540925,HRANA
SLAD M6 SNJEGULJICA 390ml LEDO,90363415,LEDO,0.39 l,ko,4.99,12.79,,,4.99,3850116065168,HRANA
SLAD KING HARMONY 90ml LEDO,90704279,KING,0.09 l,ko,2.79,31,,,2.79,3850116056951,HRANA
SIR TVRDI K PLUS EMMENTALER 100g,90291790,K PLUS,0.10 kg,ko,,11.9,1.19,1.45,1.45,3850334343444,HRANA
JUN MLJEV MESO 850g MA PIK VRBOVEC,02414352,PIK VRBOVEC,0.85 kg,ko,9.79,11.52,,,8.79,3850139415438,HRANA
KAVA ARABESCA MINAS MLJEVENA 400g,90111165,ARABESCA,0.40 kg,ko,8.39,20.98,,,8.39,3858886801917,HRANA
KRUMPIR MLADI,01403017,,1.00 kg,kg,1.49,1.49,,,0.89,3850334173379,HRANA
CEKIN PRSA BEZ KOŽE OB PAK,90692886,CEKIN,1.00 kg,kg,5.79,5.79,,,5.79,3850159110962,HRANA
DESERT KINDER CARDS 128g,90344942,FERRERO,0.13 kg,ko,3.49,27.27,,,3.19,8000500269169,HRANA
PECIVO K PLUS LIZIKA 1/1 150g,90059790,K PLUS,0.15 kg,ko,0.69,4.6,,,0.79,3850334343604,HRANA
MLIJEČNI DESERT KINDER PINGUI 30g D,02324049,FERRERO,0.03 kg,ko,0.79,26.33,,,0.69,4008400290126,HRANA
PECIVO HAMBI SA SEZAMOM 2/1 170 g DON,90795493,DON DON,0.17 kg,ko,1.19,7,,,1.19,3858885565636,HRANA
RAJČICA GRAPOLO,01405772,,1.00 kg,kg,2.69,2.69,,,2.69,3850334173416,HRANA
NARANČA 2 kg,01410027,,2.00 kg,ko,2.49,1.25,,,2.49,3858885876947,HRANA
KOLAČI MIJEŠANI 1kg MLINAR,04024377,MLINAR,1.00 kg,ko,17.99,17.99,,,16.79,3858881124097,HRANA
HAMBURGER SVJEŽI 600g MA PIK VRBOVEC,02404066,PIK VRBOVEC,0.60 kg,ko,3.99,6.65,,,3.89,3850139435719,HRANA
TOAST K PLUS INTEGRALNI 500g,90290979,K PLUS,0.50 kg,ko,1.39,2.78,,,1.39,3850334610850,HRANA
SIR POLUTV GOUDA 48% BAYREUTH,02052991,BAYREUTH,1.00 kg,kg,6.49,6.49,,,5.99,,HRANA
PRŠUT RUŽA BK 1/2 VAK PISINIUM,90057318,PISINIUM,1.00 kg,kg,36.99,36.99,,,29.99,,HRANA
PANCETA DIMLJENA  200g VP,90487244,PISINIUM,0.20 kg,ko,6.19,30.95,,,5.99,3858884935935,HRANA
ZIMSKA SALAMA GAVRILOVIĆ,02024088,GAVRILOVIĆ,1.00 kg,kg,28.99,28.99,,,28.99,3858881220799,HRANA
ČAJ ŠIPAK 100g,90404286,SUBAN,0.10 kg,ko,2.65,26.5,,,2.65,3858882912334,HRANA
ZAČIN GRILL DOZA KOTLET 80g KOTANYI,90405956,KOTANYI,0.08 kg,ko,2.89,36.13,,,2.89,9001414003329,HRANA
MASLINE KALAMATA SINGLE FARM OTKOŠ 160g,90706522,ILIADA,0.16 kg,ko,3,18.75,,,3.99,5201043105256,HRANA
DESERT DOBRA KAŠA 2GO LJEŠ/IND 40g,90826121,DOBRA,0.04 kg,ko,0.89,22.25,,,0.89,8595054908867,HRANA
RAJČICA SUŠENA REZANA 190g POLLI,90442823,POLLI,0.19 kg,ko,3.09,16.26,,,3.09,8001310346118,HRANA
MAKARONI ŠUNKA SIR 400G COME A CASA,90794925,COME A CASA,0.40 kg,ko,2.99,7.48,,,2.99,5900741604787,HRANA
BRAŠNO PŠEN BUR 1kg ČAK MLIN,90568218,ČAK MLINOVI,1.00 kg,ko,1.59,1.59,,,1.59,3858884175768,HRANA
MASLINE ZELENE 700g/400g PODRAVKA,90187716,PODRAVKA,0.40 kg,ko,4.59,11.48,,,4.59,3850104279287,HRANA
PŠENIČNO BRAŠNO T 400 OŠTRO 1kg MLIN PUKANIC,90404102,MLIN PUKANIĆ,1.00 kg,ko,0.83,0.83,,,0.83,3859892888145,HRANA
SJEMENKA BUNDEVE JEZG PRŽ SL 80g,90070591,EUROCOMPANY,0.08 kg,ko,1.46,18.25,,,1.46,3872084004086,HRANA
JUHA POVRTNA S TJEST 37g ALEVA,90402774,ALEVA,0.04 kg,ko,0.55,14.86,,,0.55,8600947036784,HRANA
DRESSING CEZAR 230ml DEVELEY,90326148,DEVELEY,0.23 l,ko,2.49,10.83,,,2.49,4006824006538,HRANA
SLAD LEDO LUSH ČOKOLADA 900 ml,90885944,QUATTRO,0.90 l,ko,4.99,5.54,,,4.99,3850116067209,HRANA
SLAD MAGNUM MINI CAW MIX 6x55ml,90703815,MAGNUM,0.33 l,ko,7.99,24.21,,,7.99,8711327609082,HRANA
RIŽINI REZANCI ŠIROKI 225g MAMA,90713891,MAMA,0.23 kg,ko,3.09,13.73,,,3.09,8851876001507,HRANA
TUBA FRUTEK VOĆNA KAŠA 100g,90563190,FRUTEK,0.10 kg,ko,1.39,13.9,,,1.39,3838945039260,HRANA
PLJESKAVICA,02403735,KONZUM,1.00 ko,ko,7.33,7.33,,,7.33,,HRANA
SIR KOC U ULJU S ZAČ 100 g SPEC MOM,90829921,SPECIAL MOMENTS,0.10 kg,ko,1.79,17.9,,,1.79,3838900842478,HRANA
CIMET KORA 17g VREĆ KOTANYI,04100174,KOTANYI,0.02 kg,ko,2.15,126.47,,,2.15,9001414015643,HRANA
PROTEIN PROSERIES COOKIE 85g DARK CHOCOLATE,90344616,POLLEO,0.09 kg,ko,2.99,35.18,,,2.99,3859893008825,HRANA
DESERT VANILIJA 4X125g DAR,90707782,DAR,0.50 kg,ko,2.49,4.98,,,2.49,3850108028119,HRANA
SENF LJUTI DIJON ST.200ml,01536106,MAUTNER MARK,0.20 l,ko,3.19,15.95,,,3.19,3563490010098,HRANA
PRŠUT 80g GROTA,90669803,GROTA,0.08 kg,ko,4.19,52.38,,,3.59,3859893167263,HRANA
KEKS PLAZMA SRCA NARANČA 100 g,90864882,BAMBI,0.10 kg,ko,1.79,17.9,,,1.79,8600043036770,HRANA
KEKS DOMAĆICA ORIGINAL VR 500 g KRAŠ,90914776,DOMAĆICA,0.50 kg,ko,3.99,7.98,,,3.99,3850102012633,HRANA
PILEĆI PANIRANI MINI FILE 750 g,90914797,PERUTNINA PT,0.75 kg,ko,9.99,13.32,,,9.99,3838977017601,HRANA
SLAD LINO LADA 90ml LEDO,90360675,LEDO,0.09 l,ko,1.99,22.11,,,1.99,3850116007328,HRANA
ŠTAPIĆI KVIKI 100g PODRAVKA,04140238,KVIKI,0.10 kg,ko,1.09,10.9,,,1.09,3850104007293,HRANA
SIR POLUTV DOM DIMLJ 300g PRESIDENT,90573740,PRESIDENT,0.30 kg,ko,5.99,19.97,,,5.49,3850355007226,HRANA
MLIJEKO ČOKOLADNO 'ZB 1L VINDIJA,02230085,Z BREGOV,1.00 l,ko,2.39,2.39,,,2.39,3850108023305,HRANA
VAFL JADRO 860g,04151052,JADRO,0.86 kg,ko,5.39,6.27,,,5.39,3850102522514,HRANA
DESERT BOUNTY 57g,04220004,MARS,0.06 kg,ko,1.39,24.39,,,1.39,5000159557771,HRANA
CAPP GLORIA VANILIJA 200g,90205340,GLORIA,0.20 kg,ko,2.79,13.95,,,2.29,3858881087828,HRANA
MAJONEZA 270g ZVIJEZDA,90432850,ZVIJEZDA,0.27 kg,ko,3.29,12.19,,,3.19,3856015322098,HRANA
ČIPI ČIPS 200g FRANCK,01310113,ČIPI ČIPS,0.20 kg,ko,2.99,14.95,,,2.99,3856021300547,HRANA
MRVICE K PLUS 500G,04027594,K PLUS,0.50 kg,ko,1.05,2.1,,,1.05,3858881121720,HRANA
SIR SVJEŽI VARAŽD U SIRNOJ MAR 600g,90380833,Z BREGOV,0.60 kg,ko,4.29,7.15,,,4.29,3850108058826,HRANA
DESERT TWIX EXTRA 75g,04220838,MARS,0.08 kg,ko,1.49,19.87,,,1.49,5900951312250,HRANA
ŠTRUDLA FINESSE SMOKVA 252g,90410762,FINESSE,0.25 kg,ko,,3.53,0.89,1.09,1.09,3850334230003,HRANA
JAJA SVJ M 10/1 SL UZGOJ AGRO-KLASTER,90403566,AGRO KLASTER,10.00 ko,ko,3.19,0.32,,,3.19,3857500091703,HRANA
DŽEM ŠIPAK 670g PODRAVKA,90572860,PODRAVKA,0.67 kg,ko,3.99,5.96,,,3.99,3856020252243,HRANA
ŠUNKA DALMAT SUHA 1/2 BK VP PIVAC,90598410,PIVAC,1.00 kg,kg,24.99,24.99,,,24.99,3858890180220,HRANA
PANCETA DALM CCA 350g DIM-MES,90034382,DIM MES,1.00 kg,kg,19.49,19.49,,,19.49,,HRANA
JOGURT ACTIMEL VOĆNI 4X100g,02334152,ACTIMEL,0.40 kg,ko,2.69,6.73,,,2.49,5997536112558,HRANA
ULJE OMEGOL 1L PET ZVIJEZDA,03220238,ZVIJEZDA,1.00 l,ko,1.99,1.99,,,1.99,3858882213011,HRANA
RIŽA ZL POLJE ZA DOM JELA 1kg KUT,04060006,ZLATO POLJE,1.00 kg,ko,,1.99,1.99,3.39,3.39,3838700540291,HRANA
SALATA FRANCUSKA 220g ZVIJEZDA,90453074,ZVIJEZDA,0.22 kg,ko,2.39,10.86,,,2.39,3856015321787,HRANA
KEKS PETIT 400g,90533206,SLOVA,0.40 kg,ko,1.33,3.33,,,1.33,8605028602148,HRANA
BOMBON KAR KIKI TUTTI FRUTTI 400g,90370534,KIKI,0.40 kg,ko,3.99,9.98,,,3.99,3850102516759,HRANA
INSTANT NES GOLD CREMA ST 190g,90698522,NESCAFE,0.19 kg,ko,,55.21,10.49,14.49,13.49,8445290503565,HRANA
GRAŠAK GARDEN GOOD 1kg,90703977,GARDEN GOOD,1.00 kg,ko,1.99,1.99,,,1.99,3838900844175,HRANA
INSTANT KAVA CLASSIC 200g,90784838,SLOVA,0.20 kg,ko,6.59,32.95,,,6.59,3850334111159,HRANA
ČOKOLADA DORINA SJECKANI LJEŠNJAK 220g,90587727,DORINA,0.22 kg,ko,,15.86,3.49,4.49,4.49,3850102522323,HRANA
KEKS FINESSE  ZLATNI KOLUTIĆI 400g,90400935,FINESSE,0.40 kg,ko,,3.58,1.43,1.79,1.79,3850334152732,HRANA
OSLIĆ BEZ GLAVE 800g HUBSI LEDO,90607794,LEDO,0.80 kg,ko,7.49,9.36,,,7.49,3850116048680,HRANA
PRŠUT DALMAT NAR 100g VP PIVAC,90298046,PIVAC,0.10 kg,ko,3.45,34.5,,,3.45,3858884994406,HRANA
JUHA BEČKA 62g PODRAVKA,04161002,PODRAVKA,0.06 kg,ko,1.39,22.42,,,1.39,3850104088162,HRANA
DESERT SNICKERS CLASSIC 50g,90059597,MARS,0.05 kg,ko,1.09,21.8,,,1.09,5900951311505,HRANA
PILEĆI FILE 550g AIA,90410124,AIA,0.55 kg,ko,5.89,10.71,,,5.89,8008110003036,HRANA
MLIJEKO ZAMJ NAN 4 800g,90360922,NAN,0.80 kg,ko,18.29,22.86,,,18.29,7613035424654,HRANA
SV SRCE ,02480034,PIK VRBOVEC,1.00 kg,kg,3.05,3.05,,,3.75,3850139280180,HRANA
VRHNJE ZA KUHANJE LAGANO JUTRO 500g,90764672,LAGANO JUTRO,0.50 kg,ko,3.49,6.98,,,3.49,3850354017295,HRANA
KNEDLE S NUGATOM MINUTE 600g,90425432,MINUTE,0.60 kg,ko,2.99,4.98,,,2.99,3850334234162,HRANA
KEKS CHOCO SANDWICH BŠ 250g GULLON,90302246,GULLON,0.25 kg,ko,2.99,11.96,,,2.99,8410376048148,HRANA
KOLAČ DONUTS TRIPLE CHOCO 58g JAFFA,90670303,JAFFA,0.06 kg,ko,,14.66,0.85,0.99,0.99,8600114010838,HRANA
RIŽOTO S PLODOVIMA MORA 600g LEDO,02195328,LEDO,0.60 kg,ko,5.89,9.82,,,5.59,3850116813868,HRANA
ČAJ K PLUS ŠUMSKO VOĆE 20X2g,90453797,K PLUS,0.04 kg,ko,1.25,31.25,,,1.25,3850334240118,HRANA
SIR MEKI MASCARPONE GALBANI 500g DUKAT,90409694,GALBANI,0.50 kg,ko,6.99,13.98,,,6.49,8606002113476,HRANA
FANT UMAK BOLOGNESE 40g PODRAVKA,04160709,FANT,0.04 kg,ko,1.19,29.75,,,1.19,3850104036613,HRANA
BOMBONI SKITTLES CRAZY SOURS VR 95G,90405121,WRIGLEY,0.10 kg,ko,1.59,16.74,,,1.59,4009900510851,HRANA
TIJESTO CAPELLINI 1 500g ZARA,04050652,PASTA ZARA,0.50 kg,ko,1.09,2.18,,,1.09,8004350130013,HRANA
MUESLI GRANOLA PROTEIN ČOKO 300g SANTE,90494773,SANTE,0.30 kg,ko,4.99,16.63,,,4.99,5900617039262,HRANA
MIX NESCAFE FRAPPE 3U1 15g,90795083,NESCAFE,0.02 kg,ko,0.35,23.33,,,0.35,8445291182646,HRANA
SIR POLUTV SPORT 400g,90365082,ZDENKA,0.40 kg,ko,5.69,14.23,,,5.69,3858888597955,HRANA
PERECI SALINIS BEZ GL 60g SCHAR,04280003,DR SCHAR,0.06 kg,ko,1.85,30.83,,,1.86,8008698002070,HRANA
OCAT VINSKI 0.5L KISKO,03120071,KISKO,0.50 l,ko,1.49,2.98,,,1.49,3850164321148,HRANA
TUNJ SALATA SICILY 160 g RIO MARE,90765233,RIO MARE,0.16 kg,ko,,13.44,2.15,4.69,4.69,8004030476004,HRANA
TJESTENINA S GLJIVAMA 160g MINUTE,90424931,MINUTE,0.16 kg,ko,,8.06,1.29,1.29,1.69,3850334237255,HRANA
JUHA POV. NOODLES 5x75g FINI MINI ,90599289,FINI MINI,0.38 kg,ko,,7.17,2.69,2.69,2.69,3856020258368,HRANA
ŠEĆER SMEĐI 400g BAYANDO,90039657,BAYANDO,0.40 kg,ko,1.79,4.48,,,1.79,3859892259273,HRANA
BJELILO ZA KAVU ANAMARIA 150g,90078280,ANAMARIA,0.15 kg,ko,2.09,13.93,,,2.09,3858881772977,HRANA
BOM YUMMI GUMMI KISELE TRAK MIX 70g,90729982,ROSHEN,0.07 kg,ko,0.89,12.71,,,0.89,4823077636264,HRANA
ŠTAPIĆI SALTAS KIKIRIKI XXXL 270 g,90800345,SALTAS,0.27 kg,ko,2.99,11.07,,,2.99,3856014107078,HRANA
SLAD LEDO M3 KING HARMONY 3x90ml,90704223,LEDO,0.27 l,ko,6.99,25.86,,,6.99,3850116056982,HRANA
TIJESTO SPAGHETTI INTEG 500g,04052281,BARILLA,0.50 kg,ko,3.15,6.3,,,3.15,8076809529419,HRANA
DESERT TORTICA CRUNCHY DUO 2X21g,90704759,TORTICA,0.04 kg,ko,0.99,23.57,,,0.99,3850102006724,HRANA
PECIVO ČAJNO KIFLIĆI 225g FANOLA,90453197,FANOLA,0.23 kg,ko,2.99,13.29,,,2.99,3859888257719,HRANA
TIJESTO LASAGNE SIMPLY PASTA 500 g,90835111,SIMPLY PASTA,0.50 kg,ko,,2.98,1.49,1.99,1.99,3850334428851,HRANA
OKRUGLICE NOUGAT MILK 500g LEDO,90335076,LEDO,0.50 kg,ko,,6.76,3.38,3.99,2.99,3850116008240,HRANA
BOMBON GUM KIKI ZMIJICE 100g KRAŠ,04191610,KIKI,0.10 kg,ko,,9.9,0.99,1.19,1.19,3850102216376,HRANA
ČIPS TORTILLA OBIĆNI 200g LA FIESTA,01495135,LA FIESTA,0.20 kg,ko,2.39,11.95,,,2.39,5412514934842,HRANA
ŠUNKA U OVITKU 350g PODRAVKA,02034506,PODRAVKA,0.35 kg,ko,4.39,12.54,,,4.39,3858886465713,HRANA
TORTILJA ČIPS HRUSTY CHILLI 150 g,90759919,HRUSTY,0.15 kg,ko,,4.73,0.71,0.89,0.89,8605028611409,HRANA
INSTANT JACOBS CREMA 100g,90089775,JACOBS,0.10 kg,ko,8.69,86.9,,,7.49,8711000521137,HRANA
BOMBON MENTOL EXT STRONG 100g KRAŠ,04191991,KRAŠ,0.10 kg,ko,0.89,8.9,,,0.89,3850102215621,HRANA
KEKS DIGESTIVE 2X500G MC VITIES,90495028,MCVITIE'S,1.00 kg,ko,3.99,3.99,,,3.99,5000396048001,HRANA
PITA S PILETINOM 550 g MINUTE,90810846,MINUTE,0.55 kg,ko,,7.53,4.14,5.19,4.99,3850334415097,HRANA
NAPITAK ZOB 1L ALPRO,90073918,ALPRO,1.00 l,ko,3.79,3.79,,,3.79,5411188115366,HRANA
CAPP ANAMARIA VAN 200g VR,04072024,ANAMARIA,0.20 kg,ko,2.49,12.45,,,2.49,3858881770669,HRANA
SIR PRESIDENT CHEDDAR CCA 2.7kg,90363314,PRESIDENT,1.00 kg,kg,13.99,13.99,,,13.99,3850355006236,HRANA
UMAK TAJL LJUTA PAPR 250ML YOUWOK,01491661,YOUWOK.COM,0.25 l,ko,3.49,13.96,,,3.25,8717228380020,HRANA
LIZALICA CHUPA CHUPS MINI 108G 18/1,90570224,CHUPA CHUPS,0.11 kg,ko,2.49,23.06,,,2.49,8410031965056,HRANA
BUNDEVA LJUSKA SUHOPRŽ FP EC 200 g,90769722,EUROCOMPANY,0.20 kg,ko,2.19,10.95,,,2.19,3872084015686,HRANA
ČOKOLADA VOLIM TE LJEŠ/BAD/KAR 100g,90600436,VOLIM TE,0.10 kg,ko,1.59,15.9,,,1.29,3858881065215,HRANA
MUESLI CRUNCH NATU BIJEL ČOK KEKSI 350g,90386071,NATUREL,0.35 kg,ko,,7.4,2.59,2.59,3.59,3858889364822,HRANA
TIJESTO KRPICE MALE JAJ 400g MARODI,04057534,MARODI,0.40 kg,ko,2.59,6.48,,,2.59,3859888666030,HRANA
BOMBON GUMENI ŠTAPIĆ JAGODA 80g,90081745,CANDY,0.08 kg,ko,1.29,16.13,,,1.29,8422885001385,HRANA
SIR POLUTVRDI TRAPIST PRESIDENT,90573771,PRESIDENT,1.00 kg,kg,13,13,,,13,3850355007462,HRANA
MEKSIČKI MIX GOLD 265g BONDUELLE,90698203,BONDUELLE,0.27 kg,ko,2.09,7.89,,,2.09,3083681152333,HRANA
PUREĆE MESNE OKRUGLICE 420g,90623154,VINDON,0.42 kg,ko,5.29,12.6,,,5.29,3850339413302,HRANA
JUHA KREM BUNDEVA 72g,90091505,PODRAVKA,0.07 kg,ko,1.49,20.69,,,1.39,3850104271533,HRANA
OKRUGLICE OD KRUMPIRA 500 g NOISETTES,90825006,LEDO,0.50 kg,ko,2.99,5.98,,,2.99,3850116065793,HRANA
KREKER RIŽA JOGURT BIO ZONE 100 g,90779997,BIO ZONE,0.10 kg,ko,2.05,20.5,,,1.45,3838900837474,HRANA
PAPRIKA ZELENA,01401721,,1.00 kg,kg,4.99,4.99,,,3.49,3850334173164,HRANA
MASLINE ZELENE OTK 700g/ 340g ZVIJEZ,90428185,ZVIJEZDA,0.34 kg,ko,4.69,13.79,,,4.69,3856015322067,HRANA
BOMBON WERTHER'S 90g,04190350,WERTHERS,0.09 kg,ko,1.25,13.89,,,1.25,4014400908527,HRANA
KRASTAVAC DELIKATES 170g ZVIJEZDA,01520103,ZVIJEZDA,0.17 kg,ko,2.69,15.82,,,2.69,3858882216005,HRANA
BOMBON SMARTIES 38g NESTLE,04191408,SMARTIES,0.04 kg,ko,1.35,35.53,,,1.35,7613034462961,HRANA
DVOPEK FETTE DORATE 315g 2060 AWT,04140495,MULINO BIANCO,0.32 kg,ko,2.75,8.73,,,2.75,8076809512060,HRANA
SUHO GROŽĐE 200g SWEET CHEF,90513456,SWEET CHEF,0.20 kg,ko,0.99,4.95,,,0.79,3838900987766,HRANA
JOG VOĆNI JOGO ŠUMSKO VOĆE 1KG,90514049,JOGO,1.00 kg,ko,2.69,2.69,,,2.55,3850354016052,HRANA
BISKVIT MILKA MALINA 147g,04151218,MILKA,0.15 kg,ko,,7.41,1.09,1.79,1.79,7622300479107,HRANA
SMOKVA VEDRINI SUHA 500g,90607736,VEDRINI,0.50 kg,ko,5.49,10.98,,,5.29,3858889333064,HRANA
JUHA BAKINA 46g PODRAVKA,90083237,PODRAVKA,0.05 kg,ko,0.79,17.17,,,0.79,3850104266720,HRANA
VAFL NAPOLITANKA COCOA&MILK 420g KRAŠ,90422801,KRAŠ,0.42 kg,ko,3.19,7.6,,,3.19,3850102519125,HRANA
BOMBON MR TWISTER VOĆNE KARAMELE 250g,90745535,MR TWISTER,0.25 kg,ko,1.49,5.96,,,1.49,3850334045690,HRANA
KEFIR 0.9% 200g VINDIJA,02330102,Z BREGOV,0.20 kg,ko,0.75,3.75,,,0.75,3850108030549,HRANA
SMOOTHIE B'AKTIV ZOB/JEČ 330g DUKAT,90514046,B'AKTIV,0.33 kg,ko,1.99,6.03,,,1.85,3850354015918,HRANA
KISELO VRHNJE MOJA KRAVICA 20% 750g,90296201,MOJA KRAVICA,0.75 kg,ko,2.99,3.99,,,2.99,8601500120742,HRANA
KAVA JUBIL SENS VAK MLJ 250g FRANCK,90317314,JUBILARNA,0.25 kg,ko,5.39,21.56,,,5.39,3858881088658,HRANA
RIŽA ARBORIO 1kg GALLO,04060020,RISO GALLO,1.00 kg,ko,4.99,4.99,,,4.99,8001420002911,HRANA
AJVAR UPRŽENI BAKINA TAJNA 300g,01481016,BAKINA TAJNA,0.30 kg,ko,5.49,18.3,,,5.49,8606102785030,HRANA
FRITESI PIL PANIR 600g SMR VINDIJA,02435512,CEKIN,0.60 kg,ko,7.89,13.15,,,7.89,3850159141478,HRANA
BRAŠNO NAMJ ZA KOL T-400 1kg ČAK ML,04034278,ČAK MLINOVI,1.00 kg,ko,0.83,0.83,,,0.83,3858884172637,HRANA
PUDING PROTEIN KARAMELA 180g VINDIJA,90707824,VINDIJA,0.18 kg,ko,,5.5,0.99,1.29,1.29,3850108040890,HRANA
PIZZA  ŠUNKA SIR 330g MINUTE,90593054,MINUTE,0.33 kg,ko,,5.42,1.79,1.79,2.29,3850334132635,HRANA
GROŽĐICA GARDEN GOOD SUHA 180g,90363768,GARDEN GOOD,0.18 kg,ko,1.29,7.17,,,1.09,3838900958551,HRANA
KEKS DOMAĆICA TAMNA 275g KRAŠ,90073751,DOMAĆICA,0.28 kg,ko,,9.05,2.49,3.49,3.19,3850102501779,HRANA
KEKS MLJEVENI 500g SWEET CHEF,90404495,SWEET CHEF,0.50 kg,ko,,2.98,1.49,1.99,1.99,3850334131850,HRANA
KEKS PETIT 1kg,90533201,SLOVA,1.00 kg,ko,2.49,2.49,,,2.59,8605028602155,HRANA
LIGNJA PATAGON TUBA I KR WOFCO 360g,90672963,WOFCO,0.36 kg,ko,5.99,16.65,,,5.49,8436565915695,HRANA
 DODATAK JELIMA S POVRĆEM 500g SPICE CHEF,90424563,SPICE CHEF,0.50 kg,ko,1.19,2.38,,,1.19,3850334235466,HRANA
MED BAGREM 900g,90468082,SLOVA,0.90 kg,ko,7.89,8.77,,,7.89,3838900986257,HRANA
KRUH SLJEMENSKI 500g PAK MLINAR,90706616,MLINAR,0.50 kg,ko,1.89,3.78,,,1.89,3858889899935,HRANA
SIR I VRHNJE K PLUS 200g,02390054,K PLUS,0.20 kg,ko,1.49,7.45,,,1.33,3850334210951,HRANA
KEKS PARIS ORIGINAL 225g KOESTLIN,90344325,PARIS,0.23 kg,ko,2.09,9.29,,,1.89,3856014122651,HRANA
KRUH PROTEINSKI 250g MASTER,90081444,MASTERMACHER,0.25 kg,ko,3.29,13.16,,,3.29,4000446011376,HRANA
KOCKA GOVEĐA RETRO 120g PODRAVKA,90412422,PODRAVKA,0.12 kg,ko,2.09,17.42,,,2.09,3856020245917,HRANA
SLAD QUATTRO MINI PLAZMA 800 ml,90764742,QUATTRO,0.80 l,ko,4.99,6.24,,,4.99,3850116064383,HRANA
LEĆA GARDEN GOOD ZELENA 500g,90363742,GARDEN GOOD,0.50 kg,ko,1.59,3.18,,,1.19,3838900957103,HRANA
DESERT RAFFAELLO T8 80g,90353139,FERRERO,0.08 kg,ko,2.59,32.38,,,2.39,8000500311585,HRANA
JOGURT GRČKI VILIKIS 900g VINDIJA,90759914,VILIKIS,0.90 kg,ko,3.99,4.43,,,3.99,3850108039184,HRANA
ČIPS CHIO FEFERONI 130 g,90764971,CHIO,0.13 kg,ko,2.19,16.85,,,2.19,3856021306723,HRANA
FANT ZA ŠPAGETE BOLOGNESE 58g PODRA,90319718,FANT,0.06 kg,ko,1.39,23.97,,,1.39,3850104295089,HRANA
DESERT KINDER CHOCO FRESH T5,90063250,FERRERO,0.11 kg,ko,2.99,28.48,,,2.69,8000500309469,HRANA
KEKS DOLCI CEREALI VOĆE DULCETTI 250g,90400683,DULCETTI,0.25 kg,ko,,5.16,1.29,1.75,1.75,3850334011060,HRANA
PRIPRAVAK ZA ŠLAG SPRAY SWEET CHEF 250g,90713175,SWEET CHEF,0.25 kg,ko,,7.96,1.99,2.59,2.19,3850334112859,HRANA
SIR MEKI MOZZAR BUFALA 125G DUKAT,90153024,GALBANI,0.13 kg,ko,3.49,27.92,,,3.19,8000430130164,HRANA
KEČAP BLAGI 500g K PLUS,90704273,K PLUS,0.50 kg,ko,1.59,3.18,,,1.59,3850334020802,HRANA
INSTANT JACOBS CRONAT GOLD VR 75g,04071865,JACOBS,0.08 kg,ko,5.99,79.87,,,4.99,8711000532751,HRANA
KRAFNE PRINCESS 200g PAVONE,04140074,PAVONE,0.20 kg,ko,4.79,23.95,,,4.79,8006420102005,HRANA
RAJČICA PASIRANA PODRAVKA 200G,90168392,PODRAVKA,0.20 kg,ko,0.79,3.95,,,0.79,3850104213120,HRANA
SIR TVRDI MIJEŠANI 1/4 ŠPIN,02055589,ŠPIN,1.00 kg,kg,29.99,29.99,,,27.99,3858881190009,HRANA
LEĆA EUROCOMPANY CRVENA 500g,90286972,EUROCOMPANY,0.50 kg,ko,1.79,3.58,,,1.69,3872084001061,HRANA
PECIVO BURGER BUNS 2/1 170g DON,90627890,TVOJIH 5 MIN,0.17 kg,ko,1.65,9.71,,,1.65,3858885565452,HRANA
JOGURT FORTIA JAG GRO BOR 330g VINDIJA,90382176,FORTIA,0.33 kg,ko,1.49,4.52,,,1.49,3850108036671,HRANA
DUNAVSKI VALOVI 450g VOPEX,90573888,PEKARNA JURE,0.45 kg,ko,3.32,7.38,,,3.32,3830056443004,HRANA
DŽEM OD NARANČE BAKINA TAJNA 375g,90235961,BAKINA TAJNA,0.38 kg,ko,3.99,10.64,,,3.99,8606011030498,HRANA
DŽEM ŠUM VOĆE 340g SCHW 1210,01464005,SCHWARTAU,0.34 kg,ko,5.31,15.62,,,5.31,4011800841812,HRANA
TARTUFI CRNI CIJELI U STAK 25g ZIGAN,01600105,ZIGANTE,0.03 kg,ko,15.26,610.4,,,15.26,3859889179010,HRANA
BOMBONI GUMENI MINI BURGER 170g TROLLI,90344380,TROLLI,0.17 kg,ko,4.39,25.82,,,4.39,4000512004905,HRANA
PINJOLI VEDRINI 100g,90377896,VEDRINI,0.10 kg,ko,4.69,46.9,,,4.69,3858889332173,HRANA
GRAŠAK GARDEN GOOD 800/530g,90707345,GARDEN GOOD,0.53 kg,ko,1.79,3.38,,,1.79,8605028600083,HRANA
TIJESTO BUCATINI 7 500g ZARA,04050030,PASTA ZARA,0.50 kg,ko,1.59,3.18,,,1.59,8004350130075,HRANA
KIKIRIKI JUMBO SLANI 180 g ,90770867,JUMBO,0.18 kg,ko,1.69,9.39,,,1.69,8606015852638,HRANA
KAŠICA HIPP OBROK PURETINA+1g 220g,03140038,HIPP,0.22 kg,ko,,8.14,1.79,2.09,2.09,9062300103493,HRANA
MIX FRANCK ICE COFFEE 18g,04075073,FRANCK,0.02 kg,ko,0.39,21.67,,,0.39,3858881083660,HRANA
ČIPS HRUSTY KETTLE SLANI 100 g,90770849,HRUSTY,0.10 kg,ko,1.09,10.9,,,0.99,3838900809181,HRANA
KVASAC SUHI 7g DOLCELA,90069131,DOLCELA,0.01 kg,ko,0.55,78.57,,,0.5,3850104266003,HRANA
MEDENE KUGLICE BEZ GLUTENA 235g MARLENKA,90248007,MARLENKA,0.24 kg,ko,7.19,30.6,,,7.19,8594071650896,HRANA
LISTOVI INTEG ZA PITE/SAV 400g CLARUM,90134888,CLARUM,0.40 kg,ko,1.89,4.73,,,1.89,3859888231986,HRANA
DESERT KINDER CRISPY 5X34 g,90869766,FERRERO,0.17 kg,ko,5.29,31.12,,,4.79,8000500434161,HRANA
BOMBONJERA MON CHERI T15 157.5g,04250051,FERRERO,0.16 kg,ko,5.29,33.59,,,4.59,4008400102528,HRANA
KAVA 125 YEARS NS 10/1 57g FRANCK,90673606,FRANCK NC,0.06 kg,ko,,64.39,3.67,4.59,4.59,3850291053677,HRANA
KAKAO NESQUIK DOLCE GUSTO 16/1 256g,90568680,DOLCE GUSTO,0.26 kg,ko,6.49,25.35,,,6.49,7613033160141,HRANA
JOGURT FORTIA BOR BAZ 330g VINDIJA,90382175,FORTIA,0.33 kg,ko,1.49,4.52,,,1.49,3850108036664,HRANA
KRUPICA PŠENIČNA  ZLATO POLJE  450g,90156721,ZLATO POLJE,0.45 kg,ko,1.59,3.53,,,1.59,3838700540086,HRANA
MARGARIN S VANILIJOM 250g,90048439,ZVIJEZDA,0.25 kg,ko,1.15,4.6,,,1.05,3856015305534,HRANA
KAŠ INST GRISOLINO 200g,04174522,LINO,0.20 kg,ko,2.59,12.95,,,2.59,3850104230035,HRANA
SIR TVRDI OVČJI 1/4  ŠPIN,02055590,ŠPIN,1.00 kg,kg,39.99,39.99,,,36.1,3858881190344,HRANA
DESERT OD SVJEŽ SIRA 80g KIDSWORLD,90759885,KIDSWORLD,0.08 kg,ko,0.99,12.38,,,0.99,8595588201144,HRANA
KAŠICA HIPP PILE RIŽ POVRĆE 190g,03140008,HIPP,0.19 kg,ko,,8.89,1.69,1.99,1.99,9062300100959,HRANA
TIJESTO FUŽI 250g KLARA M,90731056,KLARA M,0.25 kg,ko,2.79,11.16,,,2.69,3859893308796,HRANA
TOFU DIMLJENI EKO 200g ANNAPURNA,90188678,ANNAPURNA,0.20 kg,ko,2.65,13.25,,,2.65,3859890343295,HRANA
DESERT KIT KAT CHUNKY WHITE 40g NESTLE,90485788,KIT KAT,0.04 kg,ko,1.35,33.75,,,1.35,3800020432983,HRANA
TAPAS LOSOS 150 g SPECIAL MOMENTS,90825768,SPECIAL MOMENTS,0.15 kg,ko,6.49,43.27,,,6.49,3850334429155,HRANA
KAPSULE ILLY LUNGO 120.6g 18/1 ,90669628,ILLY,0.12 kg,ko,11.29,94.08,,,11.29,8003753198200,HRANA
MLIJEKO ZAMJ APTAMIL PRE PRONUTRA 800g,90303527,APTAMIL,0.80 kg,ko,21.99,27.49,,,21.99,4056631001202,HRANA
KEKS MOTO KAKAO 96g,90568779,MOTO,0.10 kg,ko,1.19,12.4,,,1.19,3850102522842,HRANA
KOCKA ZA JUHU GOVEĐA 110g,90344715,FATTORIA ITALIA,0.11 kg,ko,0.79,7.18,,,0.8,8012429003304,HRANA
ULJE CRNO 250ml HLADNIĆ,90704227,HLADNIĆ,0.25 l,ko,5.49,21.96,,,5.49,3859888867215,HRANA
OCAT BALZAMSKI 0.5L ZVIJEZDA,03120092,ZVIJEZDA,0.50 l,ko,3.59,7.18,,,3.59,3858882214063,HRANA
ZAČIN ČEŠNJAK POSIP 55g VEG MAESTRO,90381045,VEGETA MAESTRO,0.06 kg,ko,2.59,47.09,,,2.59,3856020233143,HRANA
KAPARI U OCTU 200g SACLA,90485200,SACLA,0.11 kg,ko,2.79,25.36,,,2.79,8001060001657,HRANA
KEKS BREAKFAST MUESLI/FRUIT 160g,90080755,BREAKFAST,0.16 kg,ko,2.09,13.06,,,1.89,3856014113512,HRANA
NAMAZ PROSERIES PEANUT BUTTER CRUNCHY 450g,90344843,POLLEO,0.45 kg,ko,5.99,13.31,,,5.99,3858892290026,HRANA
BOMBON GUM KIKI MEDO 90g KRAŠ,04191605,KIKI,0.09 kg,ko,,11,0.99,1.19,1.19,3850102216369,HRANA
DESERT KAKAO PAW PATROL 80g,90809742,HAPPY LAND,0.08 kg,ko,0.99,12.38,,,0.99,3897900401986,HRANA
LAN SJEMENKE GARDEN GOOD 200g,90518723,GARDEN GOOD,0.20 kg,ko,0.69,3.45,,,0.35,3838900956915,HRANA
KAVA LEDENA NES CARAMEL 250ml,90703380,NESCAFE,0.25 l,ko,2.05,8.2,,,2.05,8445290619051,HRANA
TACO SHELLS 12KOM 156 g OLD EL PASO,90775662,OLD EL PASO,0.16 kg,ko,2.85,18.27,,,2.85,8410076480637,HRANA
KAŠA ZOB BOOM BOX LJEŠNJAK/ČOKO 300g,90622931,BOOM BOX,0.30 kg,ko,,9.3,2.79,3.99,3.99,3858890479225,HRANA
INĆUNA FILET SLANI 100g ARBASOL,90082414,ARBASOL,0.06 kg,ko,5.49,99.82,,,5.49,3859891895564,HRANA
ŽELATINA INSTANT 20g PODRAVKA,04180479,DOLCELA,0.02 kg,ko,0.89,44.5,,,0.89,3850104227516,HRANA
SV FILE PIVAC,90303329,PIVAC,1.00 kg,kg,9.49,9.49,,,7.99,3858881612419,HRANA
MUESLI GRANOLA PROT BROW/CHERR 300g,90698513,SANTE,0.30 kg,ko,4.99,16.63,,,4.99,5900617043481,HRANA
KAŠA PROSO 500g BIO ZONE,90225682,BIO ZONE,0.50 kg,ko,,2.98,1.49,1.79,1.79,3838900841075,HRANA
ĐUMBIR KOCKA EUROCOMPANY 150g,90286931,EUROCOMPANY,0.15 kg,ko,1.89,12.6,,,1.89,3872084010919,HRANA
KESTEN PIRE 100% 250g SANA,90423096,SANA,0.25 kg,ko,,14.32,3.58,4.29,4.29,3858892321119,HRANA
LUKOVICE U OCTU 300g,90135936,POLLI,0.18 kg,ko,2.49,13.83,,,2.52,8001310100284,HRANA
ULJE BUČINO TOPLO PREŠA 0.5L OPG CESAREC,90377958,OPG CESAREC,0.50 l,ko,14.99,29.98,,,12.99,3859893456350,HRANA
GRAŠAK 3X200/3X130g BONDUELLE,90765300,BONDUELLE,0.39 kg,ko,3.69,9.46,,,3.69,3083681168594,HRANA
PRALINE AFTER EIGHT 199g,90673010,AFTER EIGHT,0.20 kg,ko,8.99,45.18,,,8.99,8593893784000,HRANA
TUBA NUTR JAB/BRE/JAG/MAL 100g,90494054,NUTRINO,0.10 kg,ko,1.05,10.5,,,1.05,8606019650568,HRANA
MEDENE KUGLICE KAKAO 235g MARLENKA,90248004,MARLENKA,0.24 kg,ko,6.99,29.74,,,6.99,8594071650308,HRANA
ŠTAPIĆI SA SEZAMOM 125g ULKER,90493118,ULKER,0.13 kg,ko,1.65,13.2,,,1.55,8690504011750,HRANA
DŽEM K PLUS EXTRA JAGODA MANJE Š 330g,90794854,K PLUS,0.33 kg,ko,,6.03,1.99,2.49,1.99,3850334111784,HRANA
JUHA MINESTRONE 60g PODRAVKA,04161229,PODRAVKA,0.06 kg,ko,1.39,23.17,,,1.39,3850104244674,HRANA
KOCKA GOVEĐA 80G PODRAVKA,90155038,PODRAVKA,0.08 kg,ko,1.79,22.38,,,1.79,3850104274886,HRANA
UMAK SRIRACHA CHILLI 380ml GO-TAN,90403328,GO-TAN,0.30 l,ko,5.29,17.63,,,5.29,8710605030372,HRANA
TIJESTO ISTAR LAZ ŠIR 250g KLARA M,90083687,KLARA M,0.25 kg,ko,2.59,10.36,,,2.59,3859888499867,HRANA
MASLINE KALAMATA ODKOŠT U SALAMURI 300g,90187329,GAEA,0.18 kg,ko,4.99,28.51,,,4.99,5201671000527,HRANA
TRADICIONALNA BAKLAVA 500g KOLID,90311333,SUNDAY,0.50 kg,ko,4.89,9.78,,,4.39,5319990443861,HRANA
JADRANSKI INĆUN ADRIA MARE 1kg,90453338,ADRIA MARE,1.00 kg,ko,,2.99,2.99,3.69,3.69,3856023604568,HRANA
AROMA JAGODA 15ML AROMAR,04360034,AROMAR,0.02 l,ko,1.69,112.67,,,1.59,3859888333031,HRANA
KAPARI U OCTU 100g,90135844,POLLI,0.06 kg,ko,2.45,44.55,,,2.45,80090212,HRANA
NAMAZ HUMMUS ZELENA PAPRIKA 250G SANA,90148362,SANA,0.25 kg,ko,3.45,13.8,,,3.45,3859892873110,HRANA
MIX ANAMARIA 3U1 18g,04071132,ANAMARIA,0.02 kg,ko,0.33,18.33,,,0.33,3858881770874,HRANA
BRUSCHETTE MIJEŠANO POVRĆE 140 g MAR,90578352,MARETTI,0.14 kg,ko,1.59,11.36,,,1.59,3800205877929,HRANA
VEGAN COOKIE BAKED 75g DOUBLE CHOCOLATE ,90674573,POLLEO,0.08 kg,ko,2.49,33.2,,,2.49,3856026803661,HRANA
ULJE MASL EKS DJEV 0.25L MATI,90670193,MATI,0.25 l,ko,10.89,43.56,,,10.89,3859893968075,HRANA
NAPITAK ZOB VANILIJA EKO 1L BOOM BOX,90707638,BOOM BOX,1.00 l,ko,3.49,3.49,,,3.29,3856027800225,HRANA
JUHA BOGATA S LEĆOM 75g PODRAVKA,90484488,PODRAVKA,0.08 kg,ko,1.49,19.87,,,1.49,3856020247409,HRANA
SLAD MONTE ŠTAPIĆ 4x85ml,90703710,MONTE,0.34 l,ko,6.69,19.67,,,5.99,4014500519814,HRANA
LEDOLETTA MEXICANA 800 g LEDO,90825014,LEDO,0.80 kg,ko,4.99,6.24,,,4.99,3850116067551,HRANA
DŽEM JAGODA 370g BONNE MAMAN,01462522,BONNE MAMAN,0.37 kg,ko,4.99,13.49,,,4.99,3608580705130,HRANA
POGAČICA SIR MINUTE 1 kg,90810830,MINUTE,1.00 kg,ko,4.19,4.19,,,3.99,3850334429803,HRANA
JUHA ABC 44g MAGGI,90478415,MAGGI,0.04 kg,ko,1.09,24.77,,,1.09,7613287204929,HRANA
GRAH CRVENI 800/480 g E BUONO,90850330,E BUONO,0.48 kg,ko,1.99,4.15,,,1.69,3858894141821,HRANA
PROTEIN 1ST WHEY 30.4g SACHET VANILLA,90346470,POLLEO,0.03 kg,ko,1.99,65.46,,,1.99,3858892293287,HRANA
KAŠICA HIPP MK DJEČJI KEKS/JABUKA 190G,03148050,HIPP,0.19 kg,ko,1.69,8.9,,,1.69,9062300133148,HRANA
LIZALICE MONSTER 300g 50/1,90298496,FLORESTAL,0.30 kg,ko,3.09,10.3,,,3.09,7896321010001,HRANA
PLOČICA PROTEIN KIKIRIKI 40g ROOBAR,90739979,ROOBAR,0.04 kg,ko,2.29,57.25,,,2.29,3800233780611,HRANA
MIX RITUAL 3U1 18 g,90750206,RITUAL,0.02 kg,ko,,8.33,0.15,0.19,0.19,3850334100191,HRANA
KAŠ INST RIŽOLINO 150g,04174525,LINO,0.15 kg,ko,2.59,17.27,,,2.59,3850104017230,HRANA
TIJESTO ISTAR LAZANJICE 250g KLARA,90083689,KLARA M,0.25 kg,ko,2.59,10.36,,,2.79,3859888499942,HRANA
ŠAMPINJONI GARDEN GOOD 3X190G/3X115g,90731295,GARDEN GOOD,0.35 kg,ko,3.19,9.25,,,3.19,3850334070890,HRANA
FANTASIA ČOKO ZVJEZDICE 102g,90593707,DANONE,0.10 kg,ko,0.99,9.71,,,0.99,5900643047361,HRANA
VOĆNI NAMAZ MARELICA 500G PODRAVKA,90157661,PODRAVKA,0.50 kg,ko,3.19,6.38,,,2.99,3850104273520,HRANA
VANILIJA BOURBON 1 ŠTAPIĆ KOTANYI,90377913,KOTANYI,0.00 kg,ko,5.99,2995,,,5.99,9001414030004,HRANA
SIR TV KRAVLJI 230 g SPECIAL MOMENTS,90829931,SPECIAL MOMENTS,0.23 kg,ko,4.59,19.96,,,4.59,3850334430823,HRANA
PIRE VOĆ KRUŠKA BIO 100g FRULLA,90705141,FRULLA,0.10 kg,ko,1.19,11.9,,,1.19,8024985000840,HRANA
KEČAP BLAGI ST 300g MUTTI,90705097,MUTTI,0.30 kg,ko,2.59,8.63,,,2.29,8005110004674,HRANA
DEKOR CVJETIĆI MARCIPAN 24G DR OETKER,90725429,SCHWARTAU,0.02 ko,ko,3.99,166.25,,,3.99,4000521021450,HRANA
JUHA KREM PILEĆA 64g PODRAVKA,90599371,PODRAVKA,0.06 kg,ko,1.39,21.72,,,1.39,3856020255831,HRANA
BOMBON VISOKI C 400g ŽITO,04196766,ŠUMI,0.40 kg,ko,4.29,10.73,,,4.29,3838700040845,HRANA
ZAČIN KOPAR USITNJ VR 10g VEGETA MAESTRO,90282297,VEGETA MAESTRO,0.01 kg,ko,0.89,89,,,0.89,3850104294518,HRANA
KINDER BOŽIĆNA MIX VREĆICA 201 g,90849804,FERRERO,0.20 kg,ko,2,9.95,,,2,8000500409305,HRANA
JOGURT SOJIN BRESK 150g ALPRO,90381606,ALPRO,0.15 kg,ko,1.55,10.33,,,1.55,5411188126393,HRANA
UMAK HRUSTY SALSA HOT DIP 300g,90784732,HRUSTY,0.30 kg,ko,,3.97,1.19,1.49,1.49,3850334113801,HRANA
BOM EUCALYPTUS MENT TVRDI 200g ROSHEN,90729990,ROSHEN,0.20 kg,ko,1.69,8.45,,,1.69,4823077612695,HRANA
SLAD TORTERIE LJEŠNJAK 500ml,90487029,TORTERIE MACARON,0.50 l,ko,6.99,13.98,,,6.99,3859893855016,HRANA
ORAH MAKADAMIJSKI VEDRINI 100g,90377895,VEDRINI,0.10 kg,ko,3.79,37.9,,,3.29,3858889332159,HRANA
MLIJEKO UHT 2.8%MM JUNIOR 0.2L DUKAT,90759876,DUKAT JUNIOR,0.20 l,ko,0.69,3.45,,,0.69,3850354018100,HRANA
ŠIROKI REZANCI SA ŠPINATOM 500g MLIN PUKANIC,90404018,MLIN PUKANIĆ,0.50 kg,ko,2.12,4.24,,,2.12,3859892888329,HRANA
BRUSCHETTE PIZZA 140g MARETTI,90553390,MARETTI,0.14 kg,ko,1.59,11.36,,,1.59,3800205877554,HRANA
ČOKOL LINDT EXC DARK 90% 100g,90406005,LINDT,0.10 kg,ko,5.49,54.9,,,5.49,3046920029759,HRANA
TJEST. FUSILLI DURUM 500g ZLATO POLJE,90140564,ZLATO POLJE,0.50 kg,ko,1.99,3.98,,,1.99,3838700010411,HRANA
SIR TVRDI MEDITERANO VAC PAŠKA SIRAN,02050440,PAŠKA SIRANA,1.00 kg,kg,24.99,24.99,,,22.99,3859889426459,HRANA
MAHUNA 400g LIM PODRAVKA,01551370,PODRAVKA,0.40 kg,ko,2.99,7.48,,,2.99,3850104269141,HRANA
KAVA DG ESP MILANO 16/1 99.2 g,90750931,DOLCE GUSTO,0.10 kg,ko,6.49,65.42,,,6.49,8445290422149,HRANA
TIRAMISU 500 g SPECIAL MOMENTS,90825103,SPECIAL MOMENTS,0.50 kg,ko,5.99,11.98,,,5.99,3850334429438,HRANA
KAŠ LINO JAB ŠLJIVA 190G,90184203,LINO,0.19 kg,ko,1.05,5.53,,,1.59,3850104280023,HRANA
BOMBONI MR TWISTER KISELI CRVI 100g,90600622,MR TWISTER,0.10 kg,ko,0.99,9.9,,,0.99,3850334413123,HRANA
JUHA GOV NOODLES 70g INDOMIE,90697909,INDOMIE,0.07 kg,ko,0.65,9.29,,,0.66,8606108584125,HRANA
INDIA RAŽNJIĆI FILEA ZABATKA,90775721,CEKIN,1.00 kg,kg,11.49,11.49,,,11.49,3850159150203,HRANA
BOMBON ŽELE VOĆNI ŠUMI 400g,90364803,ŠUMI,0.40 kg,ko,3.99,9.98,,,3.99,3838700277487,HRANA
BOM YUMMI GUMMI KISELI ŠTAP MIX 70 g,90729984,ROSHEN,0.07 kg,ko,0.89,12.71,,,0.89,4823077636257,HRANA
ZAČIN CIMET POSIP 45g VEG MAESTRO,90381078,VEGETA MAESTRO,0.05 kg,ko,1.99,44.22,,,1.99,3856020233082,HRANA
USKRŠNJA KUĆA 130 g MANNER,90990547,MANNER,0.13 kg,ko,5.99,46.08,,,5.99,9000331615981,HRANA
INSTANT KAVA GOLD BOČ 2X100 g FRANCK,90914791,FRANCK,0.20 kg,ko,7.98,39.9,,,7.98,3850291055930,HRANA
VODA ALKALNA URSU 9 1.5 l,90980283,URSU 9,1.50 l,ko,1.79,1.19,,,1.79,8437019158033,PIĆE
NAPITAK RED BULL TREŠNJA 0.25 L,90991869,RED BULL,0.25 l,ko,1.69,6.76,,,1.69,90493461,PIĆE
RUM SKULL BAY ORIGINAL 0.7  l,90992029,SKULL BAY,0.70 l,ko,14.99,21.41,,,14.99,8712983052816,PIĆE
PIVO ESTRELLA DAMM 0.0% 0.5 L LIM,90980249,ESTRELLA DAMM,0.50 l,ko,1.59,3.18,,,1.59,8410793246127,PIĆE
RUM PUNČ PEPITO 1 L,90992091,NIMCO,1.00 l,ko,13.49,13.49,,,13.49,4000152006048,PIĆE
LIKER PELINKOVAC GINKO WISE GRUS 0.7,90990147,WISE GRUS,0.70 l,ko,17.99,25.7,,,17.99,3859894138644,PIĆE
VODA ALKALNA URSU 9 0.5 l,90980309,URSU 9,0.50 l,ko,1.19,2.38,,,1.19,8437019158026,PIĆE
LIKER PELINKOVAC WISE GRUS 0.7 L,90990145,WISE GRUS,0.70 l,ko,15.99,22.84,,,15.99,3859894138309,PIĆE
NAPITAK RED BULL JAB ĐUMBIR 0.25 L,90939672,RED BULL,0.25 l,ko,1.69,6.76,,,1.75,90486425,PIĆE
NAPITAK HELL CANDY CANE 0.25L,90969956,HELL,0.25 l,ko,1.09,4.36,,,1.09,5999571057276,PIĆE
PIVO BENEDIKTINER HELL 4PACK 0.5 L,90945053,BENEDIKTINER,2.00 l,ko,4,2,,,6.89,4052197002844,PIĆE
SOK MANDARINA 100% MINUTE 1 L,90945302,MINUTE,1.00 l,ko,,2.49,2.49,3.19,3.19,3850334446367,PIĆE
VINO DALMATINSKO BILO DELMATI 1 L,90960069,VINA DELMATI,1.00 l,ko,5.49,5.49,,,5.49,3857500163516,PIĆE
SOK NARANČA 100% 330 ml JUICEFAST,90949679,JUICEFAST,0.33 l,ko,3.59,10.88,,,3.59,3859894234742,PIĆE
VINO SONČEK MILINA RAD GOR 1L,90955381,RADGONSKE GORICE,1.00 l,ko,3.49,3.49,,,3.45,3830000347648,PIĆE
LIKER FRANKOVKA MARTIN ALBUS 0.7 L,90955654,MARTIN ALBUS,0.70 l,ko,27.89,39.84,,,27.89,3858889833083,PIĆE
SOK MULTIFRUIT 100% MINUTE 1 L,90945305,MINUTE,1.00 l,ko,,2.49,2.49,2.99,2.99,3850334446381,PIĆE
VINO MATAS TINTO 0.75 L,90955577,BODEGAS AYUSO,0.75 l,ko,3.99,5.32,,,3.99,8410479006205,PIĆE
LIKER KAVA CREAM 0.7 L,90955537,BADEL 1862,0.70 l,ko,20.05,28.64,,,20.05,3850112112514,PIĆE
VINO MALVASIA LA DOLCE ITALIA 0.75 l,90955622,LA DOLCE ITALIA,0.75 l,ko,8.99,11.99,,,8.99,8059916711939,PIĆE
PIVO ZMAJSKO BERRY SOUR 0.5 l LIM,90949651,ZMAJSKA PIVOVARA,0.50 l,ko,2.99,5.98,,,2.99,3858895210571,PIĆE
SOK NARANČA 100% 1 L ANDROS,90949961,ANDROS,1.00 l,ko,4.49,4.49,,,4.49,3608580129448,PIĆE
NAPITAK HIDRA ISO 4PACK 0.5 l,90949965,HIDRA,2.00 l,ko,4.59,2.3,,,4.59,3850131006283,PIĆE
NAPITAK HIDRA UP 4PACK 0.5 l,90949972,HIDRA,2.00 l,ko,4.59,2.3,,,4.59,3850131006313,PIĆE
SIRUP SUNQUICK MARAKUJA 0.7 L,90969880,SUNQUICK,0.70 l,ko,6.49,9.27,,,6.49,5775345205391,PIĆE
VINO BIOKOVO CRNO DELMATI 0.75L,90960060,VINA DELMATI,0.75 l,ko,7.99,10.65,,,7.99,3857500134356,PIĆE
PIVO LOWENBRAU 6X0.5 l LIM,90935065,LOWENBRAU,3.00 l,ko,5.19,1.73,,,5.19,3850131006252,PIĆE
VINO CABERNET SAUVIGNON 2 L PET,90955524,CABERNET SAUVIGNON,2.00 l,ko,5.49,2.75,,,5.49,3859893101755,PIĆE
COCKTAIL RTD JACK D COCA COLA 0.33 L,90909678,JACK DANIELS,0.33 l,ko,4.99,15.12,,,4.99,5099873026076,PIĆE
STOCK  84 0.09 l,90955345,STOCK,0.09 l,ko,1.89,21,,,1.89,8000440627470,PIĆE
NEG PIĆE JUMEX ANANAS KOKOS 0.46 L,90959968,JUMEX,0.46 l,ko,2.29,4.98,,,2.29,7501013107401,PIĆE
PJENUŠAC MILINA 0.75 L,90975152,RADGONSKE GORICE,0.75 l,ko,1.99,2.65,,,1.99,3830000348065,PIĆE
LIKER ROGAČ 0.5 L ANTUNOVIĆ,90954857,NATURA ANTUNOVIC,0.50 l,ko,15.39,30.78,,,15.99,3858890745115,PIĆE
SIRUP ĐUM-LIMUN TRAVA 500 ml AGROP,90954858,AGROPOSTA,0.50 l,ko,7.39,14.78,,,15.99,3859892734152,PIĆE
LEDENI ČAJ JUICY JAGODA VAN 1.5 L,90970048,JUICY,1.50 l,ko,1.59,1.06,,,1.59,3858890971354,PIĆE
VINO MALVAZIJA VINEA 1 l,90955513,VIZBA VALANDOVO,1.00 l,ko,4.59,4.59,,,4.59,3859894110558,PIĆE
VINO BIOKOVO BIJELO DELMATI 0.75 L,90960002,VINA DELMATI,0.75 l,ko,7.99,10.65,,,7.99,3857500134349,PIĆE
VODA IZVORSKA STUDENA 0.75 L ,90970445,STUDENA,0.75 l,ko,0.79,1.05,,,0.79,3856022303134,PIĆE
SOK JABUKA MUT 1L GB ZEL JURA,90219041,ZELENI JURA,1.00 l,ko,2.49,2.49,,,2,3859892961022,PIĆE
SOK 100% VINDI DISNEY JABUKA 0.2L,90731575,VINDI,0.20 l,ko,0.75,3.75,,,0.75,3850108075588,PIĆE
MIN VODA ROMERQUELLE GAZ 1.5L PET,90319381,ROMERQUELLE,1.50 l,ko,1.09,0.73,,,1.05,9031100003128,PIĆE
CEDEVITA FRESH NARANČA 0.34L,90405338,CEDEVITA,0.34 l,ko,,3.5,1.19,1.19,1.15,3850322013366,PIĆE
GAZ PIĆE FANTA 1.5L,90290866,FANTA,1.50 l,ko,1.89,1.26,,,1.89,5449000322166,PIĆE
SIRUP OD JAGODE 500ml,90404084,AGROPOSTA,0.50 l,ko,7.39,14.78,,,7.39,3859892734848,PIĆE
GAZ PIĆE SCHWEPPES PURPLE TONIC 1 L,90890633,SCHWEPPES,1.00 l,ko,1.79,1.79,,,1.79,5449000338419,PIĆE
SOK PRIRODNI JABUKA 1L MIHALIC,90404007,OPG MIHALIC,1.00 l,ko,4.29,4.29,,,4.29,3857500019417,PIĆE
NEG PIĆE FRUC VIŠNJA 1.5L PET,90603179,FRUCTAL,1.50 l,ko,2.29,1.53,,,1.75,3838945040648,PIĆE
SIRUP FRUTTI  NARANČA 1L,90407072,FRUTTI,1.00 l,ko,1.55,1.55,,,1.55,3850334134363,PIĆE
GAZ PIĆE PEPSI BEZ ŠEĆERA 2l  PET,03164133,PEPSI,2.00 l,ko,1.99,1,,,2.05,3830065020364,PIĆE
NEGAZ PIĆE PINGO  FRUCTAL 0.2L,03164012,FRUCTAL,0.20 l,ko,0.73,3.65,,,0.73,3838945502115,PIĆE
WHISKEY JAMESON BLACK BARREL 0.7L,90097491,JAMESON,0.70 l,ko,45.99,65.7,,,45.99,5011007024000,PIĆE
PIVO HEINEKEN 5L DRAUGHT KEG,90804657,HEINEKEN,5.00 l,ko,21.99,4.4,,,19.99,8712000025649,PIĆE
GAZ PIĆE COCA-COLA ZERO 0.33L LIM,90174355,COCA COLA,0.33 l,ko,1.09,3.3,,,1.09,5449000214799,PIĆE
LIKER GOLFER 0.7l GOOD SPIRIT,90404179,GOOD SPIRIT,0.70 l,ko,21.89,31.27,,,21.89,3859893710001,PIĆE
PIVO GARDEN PALE ALE  LIMENKA 0.33L,90274034,GARDEN,0.33 l,ko,1.79,5.42,,,1.79,3859893153877,PIĆE
NEKTAR VINDI DISNEY MULTI 0.2L,90731586,VINDI,0.20 l,ko,0.65,3.25,,,0.65,3850108075571,PIĆE
MIN VODA MIVELA GAZ 0.5 L PET,03180928,MIVELA,0.50 l,ko,1.29,2.58,,,0.5,8600599002816,PIĆE
SIRUP MARASKA NARANČA  1L,90587828,MARASKA,1.00 l,ko,2.99,2.99,,,2.99,3850158105006,PIĆE
NAPITAK MONSTER GREEN ZERO 0.5L,90785356,MONSTER,0.50 l,ko,1.95,3.9,,,1.95,5061013940139,PIĆE
VINO MALVAZIJA ROSSI 0.75L,90308528,ROSSI,0.75 l,ko,17.49,23.32,,,15.65,3859891585014,PIĆE
PIVO PAULANER HP GOLD 0.5L LIM,90602742,PAULANER,0.50 l,ko,1.79,3.58,,,1.79,4004866222329,PIĆE
NEKTAR VINDI BOROVNICA 1L,03140175,VINDI,1.00 l,ko,1.99,1.99,,,1.99,3850108074376,PIĆE
VODKA VIGOR ORIGINAL 0.7L,90365090,VIGOR,0.70 l,ko,9.05,12.93,,,9.05,3850112142115,PIĆE
NEG PIĆE+NEKTAR FRUCTAL CLASSIC 4X1L,90850658,FRUCTAL,4.00 l,ko,5.19,1.3,,,4,3838945001571,PIĆE
RAKIJA VILIJAMOVKA 0.7L,90147696,ĆOSIĆ,0.70 l,ko,25.55,36.5,,,25.55,3857500027917,PIĆE
NEG PIĆE FUN ALARM CAPRI SUN 0.2L,90705874,CAPRI SONNE,0.20 l,ko,0.53,2.65,,,0.53,4000177019276,PIĆE
GAZ PIĆE LIMUNADA JAMNICA 0.33 l LIM,90884982,JAMNICA,0.33 l,ko,1.29,3.91,,,1.29,3856028506065,PIĆE
SOK 100% JABUKA JUICY KIDS 0.2L,90058756,JUICY,0.20 l,ko,0.79,3.95,,,0.79,3858890976571,PIĆE
PIVO NEKTAR 0.5L LIMENKA,90335196,NEKTAR,0.50 l,ko,1.25,2.5,,,1.25,3871137000068,PIĆE
NEKTAR JABUKA YIPPY 0.33L PET,90060457,YIPPY,0.33 l,ko,1.39,4.21,,,1.35,9008700141918,PIĆE
COCK RTD HAVANA CUBAN SPIC COLA 0.33 L,90809748,HAVANA,0.33 l,ko,3.19,9.67,,,3.19,8501110084468,PIĆE
LIKER ŠUMSKO VOĆE 0.75L HARMUND,90452941,HARMUND,0.75 l,ko,16.69,22.25,,,16.69,3859893459061,PIĆE
LAVOV 0.10L 32% BADEL 1862,03070100,LAVOV,0.10 l,ko,1.69,16.9,,,1.69,3850112110404,PIĆE
GAZ PIĆE COCKTA FREE 0.5L,90362850,COCKTA,0.50 l,ko,1.25,2.5,,,1.15,3838471037051,PIĆE
VINO PLAVAC 0.75L KV SKARAMUČA,03022784,SKARAMUČA,0.75 l,ko,5.69,7.59,,,5.69,3859888214026,PIĆE
VODA MINERALNA JANA KIDS SČ 0.33L,90571815,JANA,0.33 l,ko,0.75,2.27,,,0.75,3858890876970,PIĆE
COCKTAIL COSMOPOLITAN 0.33l nb,90291837,A LE COQ,0.33 l,ko,1.65,5,,,1.55,4740098002871,PIĆE
VINO ROSE 0.75L ERDUT,90321212,ERDUTSKI VINOGRADI,0.75 l,ko,6.99,9.32,,,6.99,3859889193177,PIĆE
SIRUP K PLUS MULTIVITAMIN 1L,90703458,K PLUS,1.00 l,ko,2.55,2.55,,,2.55,3850334044235,PIĆE
NEG PIĆE MULTI A+C+E VINDI 2L,03140896,VINDI,2.00 l,ko,2.49,1.25,,,2.49,3850108073379,PIĆE
NAPITAK POWERADE M. BLAST ZERO 0.5L,90887084,POWERADE,0.50 l,ko,1.65,3.3,,,1.65,5449000158987,PIĆE
PJENUŠAC PIENA BRUT 0.75 L,90874713,PIENA,0.75 l,ko,12.99,17.32,,,12.99,3857500082503,PIĆE
PIVO HOLSTEN 4 PACK LIM 0.5L,90097220,HOLSTEN,2.00 l,ko,3.65,1.83,,,3.65,3858887581887,PIĆE
PIVO HOLSTEN 2L,03131124,HOLSTEN,2.00 l,ko,2.65,1.33,,,2.65,3858887580484,PIĆE
VODA STUDENA LIMUN 1.5L PET,03180036,STUDENA,1.50 l,ko,1.29,0.86,,,1.29,3856022300003,PIĆE
PIVO ESTRELLA GALICIA ESP 0.33L NB,90703964,ESTRELLA,0.33 l,ko,1.55,4.7,,,1.55,8412598005831,PIĆE
SIRUP BAZGA 470ml KAPRONCA,90410436,KAPRONCA,0.47 l,ko,6.29,13.38,,,6.29,3859892896195,PIĆE
VODA JAMNICA 6PACK 1.5L PET ,90705498,JAMNICA,9.00 l,ko,4.99,0.55,,,4.99,3858890879216,PIĆE
GAZ PIĆE ORANGINA 1.25L PET,90623212,ORANGINA,1.25 l,ko,2.69,2.15,,,2.55,3877000209613,PIĆE
NEKTAR  NARANČA BRAVO 2L,03141290,BRAVO,2.00 l,ko,3.99,2,,,3.69,9008700145268,PIĆE
NEKTAR NARANČA VINDI 2L,90785369,VINDI,2.00 l,ko,2.49,1.25,,,2.49,3850108078398,PIĆE
PIVO KARLOVAČKO 0.5L LIMENKA,03130443,KARLOVAČKO,0.50 l,ko,1.55,3.1,,,1.49,3850103002312,PIĆE
VODA SENSATION TONIC 0.5 L,90784806,SENSATION,0.50 l,ko,1.05,2.1,,,1.05,3875000184367,PIĆE
ŠAMPON GLISS 400ml+REG ULT REP 200ml,90714509,GLISS,1.00 ko,ko,5.99,5.99,,,5.99,3838824433035,KOZMETIKA
BOJA PALETTE ICC R2 TAMNI MAHAGONIJ,06542426,PALETTE ICC,1.00 ko,ko,5.49,5.49,,,3.49,3838824218557,KOZMETIKA
ROLL ON NIVEA MEN DEEP 50ml,90311657,NIVEA,0.06 l,ko,6.09,101.5,,,6.09,42349822,KOZMETIKA
KREMA ZA RUKE NIV ANTI Q10 100ML,06591480,NIVEA,0.10 l,ko,5.39,53.9,,,5.39,9005800325934,KOZMETIKA
ZP PHYTODENT REPAIR&RESTORE 75 ml,90775605,PLIDENTA,0.08 l,ko,,39.73,2.98,3.59,3.59,3856007911804,KOZMETIKA
SAPUN TEK PALM OLIVE MILK 300ml,06510167,PALMOLIVE,0.30 l,ko,3.35,11.17,,,3.19,8693495017633,KOZMETIKA
GEL TUŠ NIVEA FOR MEN ENERGY 500ml,90235097,NIVEA,0.50 l,ko,6.69,13.38,,,6.69,4005900047700,KOZMETIKA
ŠAMPON LOOK EXPERT PROVITAMIN 900ML,90090898,EVELINE,0.90 l,ko,3.45,3.83,,,3.45,5908241707915,KOZMETIKA
BOJA EXCELL 1 UNIV BLACK,90598202,LOREAL EXCELLANCE,1.00 ko,ko,9.99,9.99,,,9.99,3600523998135,KOZMETIKA
ZP ORAL B G&E PRO EX FR 2x75ml,90424317,ORAL B,0.15 l,ko,7.99,53.27,,,7.99,8700216482592,KOZMETIKA
SAPUN LAHOR ORCHID&ALMOND 80g,90571753,LAHOR,0.08 kg,ko,0.89,11.13,,,0.89,3850105177018,KOZMETIKA
BOJA CASTING CR GLOSS 600 BLOND,06540747,LOREAL CASTING CREME GLOSS,1.00 ko,ko,,6.18,6.18,7.99,6.18,3600521372807,KOZMETIKA
DEO AXE EXCITE 150ML,06550302,AXE,0.15 l,ko,4.99,33.27,,,4.55,8718114650708,KOZMETIKA
KREMA DJ BECUTAN 50ML   6887,06600609,BECUTAN,0.05 l,ko,2.65,53,,,2.65,5310001146887,KOZMETIKA
LOSION NIVEA ALOE&HYDRATION 625ml,90478411,NIVEA,0.63 l,ko,13.19,21.1,,,13.19,9005800313719,KOZMETIKA
PEKMEZ AFR SUN CARE EXPRESS 200ml,90607866,AFRODITA,0.20 l,ko,16.99,84.95,,,16.99,3831070658931,KOZMETIKA
ŠAMPON SYOSS OLEO INTENSE 440ML,90699285,SYOSS OLEO,0.44 l,ko,,10.2,4.49,6.49,4.49,9000101712353,KOZMETIKA
ZP BIOREPAIR FAST SENSITIVE 75ml,90572452,BIOREPAIR,0.08 l,ko,,39.87,2.99,4.35,4.35,8017331068441,KOZMETIKA
ROLL ON BOROTALCO INVIS PINK 50 ml,90850647,BOROTALCO,0.05 l,ko,,59.8,2.99,4.69,3.99,80937531,KOZMETIKA
KREMA LOREAL REVIT LASER NOĆ 50ML,90082980,LOREAL,0.05 l,ko,20.49,409.8,,,20.49,3600523550708,KOZMETIKA
MLIJEKO OLEA SPF30 SPRAY 200 ml,90360508,OLEA,0.20 l,ko,6.49,32.45,,,6.49,3850334153852,KOZMETIKA
ŠAMPON FRUCT HAIR F ALOE 350ml,90410172,GARNIER FRUCTIS,0.35 l,ko,5.49,15.69,,,5.49,3600542289986,KOZMETIKA
ZP COLGATE TOTAL ANTI-TARTRU 100 ml,90775122,COLGATE,0.10 l,ko,3.99,39.9,,,3.79,8718951656123,KOZMETIKA
BRITVICE PLATINUM D/E SSC 5/1 2595,06630094,GILLETTE,5.00 ko,ko,2.25,0.45,,,2.25,3014260596989,KOZMETIKA
ŠAMPON MELEM ULT BRILLIANCE 300 ml,90850567,MELEM,0.30 l,ko,7.99,26.63,,,7.99,3856007912368,KOZMETIKA
BOJA PALETTE ICC 7-1 HL SRE PLAVA,90699244,PALETTE ICC,1.00 ko,ko,5.49,5.49,,,3.49,9000101704853,KOZMETIKA
GEL TAFT WET LOOK 150ml,06546889,TAFT,0.15 l,ko,,29.27,4.39,4.39,5.49,9000101723182,KOZMETIKA
TRAKICE ZA IZBJ ZUBI BLANX O3X 10/1,90759699,BLANX,1.00 ko,ko,18.99,18.99,,,18.99,8017331065587,KOZMETIKA
 DEO STICK AXE AFRICA 50 ml,90775110,AXE,0.05 l,ko,4.99,99.8,,,4.55,8720181415678,KOZMETIKA
ČETKICA CURAPROX CS 1560 SOFT,90332145,CURAPROX,1.00 ko,ko,5.99,5.99,,,5.99,7612412156003,KOZMETIKA
SAPUN TEK K PLUS OLEA CHERRY 500 ml,90774671,OLEA,0.50 l,ko,,1.98,0.99,1.45,1.45,3850334113696,KOZMETIKA
GEL TUŠ NIVEA BC SEN BALAN 250ml,06521378,NIVEA,0.25 l,ko,2.99,11.96,,,2.99,9005800389936,KOZMETIKA
STICK DOVE M CLEAN 50 ml,90885858,DOVE,0.05 l,ko,5.35,107,,,5.35,59099710,KOZMETIKA
GEL GILL SATIN CARE OSJET 200ML 3007,06560865,VENUS,0.20 l,ko,,22.45,4.49,5.29,4.19,3014260223007,KOZMETIKA
DEO AXE LEATHER&COOKIES 150 ml,90377850,AXE,0.15 l,ko,4.99,33.27,,,4.55,8710447285428,KOZMETIKA
LIP BALM LABELLO MED PROTECT 4.8g,90726964,LABELLO,0.01 kg,ko,4.39,914.58,,,4.39,9005800362908,KOZMETIKA
REGEN PANTENE REPAIR&PROTECT 275 ml,90850393,PANTENE,0.28 l,ko,5.99,21.78,,,5.99,8700216422338,KOZMETIKA
ZP KALODONT WHITE&GO 125ml,90571784,KALODONT,0.13 l,ko,2.49,19.92,,,2.49,3850105178473,KOZMETIKA
SAPUN DOVE CREAM OIL 90g,90598292,DOVE,0.09 kg,ko,1.79,19.89,,,1.79,8720182258397,KOZMETIKA
MLIJEKO OLEA SPF15 200ml,90360460,OLEA,0.20 l,ko,5.19,25.95,,,5.19,3850334153722,KOZMETIKA
BOJA PALETTE PNC 300 50+2X25ml,06543332,PALETTE PNC,0.10 l,ko,4.49,44.9,,,4.49,3838824171241,KOZMETIKA
SAPUN TEK L'ANGELICA REVIT 1L,90572269,L ANGELICA,1.00 l,ko,,2.49,2.49,3.55,3.55,8017331077030,KOZMETIKA
L'ANGELICA GEL NAR I KURKUMA 450 ML,90652716,L ANGELICA,0.45 l,ko,2.99,6.64,,,2.99,8017331080139,KOZMETIKA
BOJA COMPLETE COL N78 LIGHT TOB 7817,06549336,ANNYER,1.00 ko,ko,3.99,3.99,,,3.99,3850177007817,KOZMETIKA
ZP PARODONT ULTRA CLEAN 75ML,90253222,PARODONTAX,0.08 l,ko,5.95,79.33,,,5.55,5054563950499,KOZMETIKA
ŠAMPON H&S CLARIFYING 400 ml,90885591,HEAD&SHOULDE,0.40 l,ko,6.35,15.88,,,6.35,8700216658461,KOZMETIKA
KREMA RUKE BIOB FLOWER ROMAN 50 ml,90775391,BIOBAZA,0.05 l,ko,2.99,59.8,,,2.99,3856020914516,KOZMETIKA
BOJA OLIA 9.0 LIGHT BLOND,90850107,GARNIER OLIA,1.00 ko,ko,7.59,7.59,,,7.59,3600542601962,KOZMETIKA
STICK OLDSP ORIGINAL 50 ml,90158044,OLD SPICE,0.05 l,ko,4.99,99.8,,,4.99,4084500490543,KOZMETIKA
ŠAMPON ELSEVE ARGIN RESIST 250ml,06521260,LOREAL ELSEVE,0.25 l,ko,4.49,17.96,,,4.49,3600522087496,KOZMETIKA
SERUM EVELINE 4D SCAL 250ml,90362476,EVELINE,0.25 l,ko,7.89,31.56,,,7.89,5901761967708,KOZMETIKA
BRIJAČ JEDNOK GILLETTE BLUE 3 1/1,90850659,GILLETTE,1.00 ko,ko,2.25,2.25,,,2.25,8006540745298,KOZMETIKA
DEO NIVEA MEN DEEP 150ml,90311650,NIVEA,0.15 l,ko,5.99,39.93,,,5.99,9005800379845,KOZMETIKA
MLIJEKO TIJ NIVEA 400ML,06592662,NIVEA,0.40 l,ko,9.99,24.98,,,9.99,4005808237029,KOZMETIKA
ŠAMPON PALM 2U1 ALL HAIR 350ml,90077204,PALMOLIVE,0.35 l,ko,3.89,11.11,,,3.89,8718951577008,KOZMETIKA
DEO GARNIER BWC FRESH 150ml,90075943,GARNIER,0.15 l,ko,4.99,33.26,,,4.99,3600541402287,KOZMETIKA
ZP ORAL B KIDS 75 ml,90850680,ORAL B,0.08 l,ko,4.39,58.53,,,4.39,8700216089654,KOZMETIKA
GEL ZA KUP MUSTELA NJEŽNI 500ml,90403684,MUSTELA,0.50 l,ko,13.29,26.58,,,13.29,3504105035778,KOZMETIKA
ULJNI GEL ZA KUP MIXA BABY 400ML,90153374,MIXA,0.40 l,ko,6.49,16.23,,,6.49,3600551155166,KOZMETIKA
KREMA NIVEA VIS CELLULAR DN 50ml,90064190,NIVEA,0.05 l,ko,,259.8,12.99,19.99,19.99,9005800244143,KOZMETIKA
BOJA PALETTE ICC R4     0163,06540421,PALETTE ICC,1.00 ko,ko,5.49,5.49,,,3.49,3838824159751,KOZMETIKA
MLIJEKO L'ANGELICA SPF30 200 ml SPREJ,90784775,L ANGELICA,0.20 l,ko,14.99,74.95,,,14.99,8017331098097,KOZMETIKA
GEL TUŠ DOVE W NOURISH SILK 225 ml,90775053,DOVE,0.23 l,ko,4.49,19.96,,,4.49,8720181457463,KOZMETIKA
ŠAMPON NIVEA BABY BLAGI 500ml,90764817,NIVEA,0.50 l,ko,8.79,17.58,,,8.79,9005800369082,KOZMETIKA
DEO NIVEA B&W SSILKY SMOOTH 150ml,90335133,NIVEA,0.15 l,ko,5.39,35.93,,,3.99,9005800302072,KOZMETIKA
DEO REXONA SEXY 150ml,06550641,REXONA,0.15 l,ko,4.75,31.67,,,4.75,8717644585337,KOZMETIKA
GEL TUŠ FA MEN SPORT EN 400ml,90362041,FA,0.40 l,ko,3.99,9.98,,,3.99,9000100781374,KOZMETIKA
GEL TAFT POWER INVISIBLE 150 ml,90749869,TAFT,0.15 l,ko,,29.27,4.39,4.39,5.49,9000100876452,KOZMETIKA
KREMA BIOBAZA BOTANIKA GRAN GA 50ml,90704150,BIOBAZA,0.05 l,ko,2.99,59.8,,,2.99,3856020912376,KOZMETIKA
REGENERATOR SYOSS COLOR 440ml ,90424947,SYOSS,0.44 l,ko,,10.2,4.49,6.49,4.49,9000101277937,KOZMETIKA
REG GLISS LIQUID SILK 200 ml,90885480,GLISS,0.20 l,ko,4.29,21.45,,,4.29,3838824086699,KOZMETIKA
KREMA NIVEA SOOTHING 200ml,90341169,NIVEA,0.20 l,ko,,29.25,5.85,8.39,8.39,42360551,KOZMETIKA
ČETKICA ELMEX UL SOFT SINGLE,90363666,ELMEX,1.00 ko,ko,5.45,5.45,,,5.19,8718951187658,KOZMETIKA
DEO GARNIER MIN HYAL CARE 150ml,90598192,GARNIER,0.15 l,ko,4.99,33.27,,,4.99,3600542399302,KOZMETIKA
LOSION LACTOVIT LACTOUR FIRM 400ml,90730135,LACTOVIT,0.40 l,ko,6.09,15.23,,,5.49,8411135008205,KOZMETIKA
SAPUN TEK DOVE REF CREAM 500ml,06510231,DOVE,0.50 l,ko,3.99,7.98,,,3.99,4000388179004,KOZMETIKA
PASTA ZA KOSU TAFT TEXTURE 100 ml,90749855,TAFT,0.10 l,ko,,47.9,4.79,4.79,5.99,9000101723762,KOZMETIKA
SAPUN TEK DOVE 250ml    7000,06510041,DOVE,0.25 l,ko,3.49,13.96,,,3.49,4000388177000,KOZMETIKA
ZP ELMEX SENSITIVE 2*75 ml,90885340,ELMEX,0.15 l,ko,8.79,58.6,,,8.49,8714789985060,KOZMETIKA
ČETKICA ELM ULT SOFT DUOPA,90424577,ELMEX,1.00 ko,ko,9.49,9.49,,,9.19,8718951188235,KOZMETIKA
VODICA ZA USTA COLGATE COOL MINT 1 L,90775115,COLGATE,1.00 l,ko,,5.99,5.99,7.99,7.99,8718951208681,KOZMETIKA
KREMA ZA RUKE GARNIER REPAIR 75 ml,90749877,GARNIER,0.08 l,ko,3.09,41.2,,,3.09,3600542561440,KOZMETIKA
BOJA OLIA 7.40 INTENSE COPPER,90850071,GARNIER OLIA,1.00 ko,ko,7.59,7.59,,,7.59,3600542601948,KOZMETIKA
ČETKICA AQUA DJ LITTLE TEETH 3-5 GOD,06530484,AQUAFRESH,1.00 ko,ko,3.59,3.59,,,3.35,5054563268228,KOZMETIKA
MAR AFR SUNNY MANGO 200 ml,90887197,AFRODITA,0.20 l,ko,17.99,89.95,,,17.99,3831070663447,KOZMETIKA
GEL OLIVAL GAVEZ 250ml,90402836,OLIVAL,0.25 l,ko,3.49,13.96,,,3.29,3858892691595,KOZMETIKA
ULJE U SPRAYU NIVEA PROTECT&BRONZE F20,90167721,NIVEA,0.20 l,ko,17.59,87.95,,,17.59,4005900111296,KOZMETIKA
GEL TUŠ NIVEA BC CREM SOFT 250ml,06521380,NIVEA,0.25 l,ko,2.99,11.96,,,2.99,9005800222882,KOZMETIKA
KREMA COREGA MAX SEAL 40g,90341563,COREGA,0.04 kg,ko,7.69,192.25,,,7.69,5054563039033,KOZMETIKA
KREMA NIVEA MEN 150ML,90156875,NIVEA,0.15 l,ko,,29,4.35,6.19,6.19,9005800239958,KOZMETIKA
KUPKA FA JOGHURT VANILLA HON 750ML,90698863,FA,0.75 l,ko,5.99,7.99,,,3.99,9000101263916,KOZMETIKA
BALZAM  AFRODITA 2U1 175 ml,90771135,AFRODITA,0.18 l,ko,6.99,39.94,,,6.49,3831070661924,KOZMETIKA
BRIJAČ JEDNOK GILL BL 3,06560233,GILLETTE,1.00 ko,ko,5.49,5.49,,,5.49,7702018489619,KOZMETIKA
ZP KALODONT EXTRA CLEAN 75ml,90051193,KALODONT,0.08 l,ko,1.59,21.2,,,1.59,3850105143006,KOZMETIKA
BOJA COLOR NAT 4 CHATAI 5616,06542044,GARNIER COL NATURALS,1.00 ko,ko,,3.49,3.49,4.99,4.99,3600540335616,KOZMETIKA
SAPUN TEK DAISY ALOE VERA 500ml,90140405,DAISY,0.50 l,ko,0.8,1.6,,,0.89,3850334406200,KOZMETIKA
MLIJEKO DOVE ESSENT NOURISH 250ml,06592142,DOVE,0.25 l,ko,5.49,21.96,,,5.49,8711600456877,KOZMETIKA
ŠAMPON BOTANIC THERAPY RICINUS 250ml,90310822,BOTANIC THERAPY,0.25 l,ko,3.59,14.36,,,3.59,3600542114486,KOZMETIKA
VODICA LISTERINE TOTAL CARE 1l,90408937,LISTERINE,1.00 l,ko,12.19,12.19,,,11.79,3574661661063,KOZMETIKA
GEL TAFT POWER EXTREME 250ml,06540623,TAFT,0.25 l,ko,,19.16,4.79,4.79,5.99,9000101723588,KOZMETIKA
KUPKA NIVEA BABY BLAGA 450ml,90764809,NIVEA,0.45 l,ko,8.69,19.31,,,8.69,9005800369167,KOZMETIKA
KREMA BIOBAZA BOTANIKA WILD ME 50ml,90704151,BIOBAZA,0.05 l,ko,2.99,59.8,,,2.99,3856020912369,KOZMETIKA
MAST DJEČJA 150ML       0624,06600071,JGL,0.15 l,ko,7.35,49,,,7.35,3858891010076,KOZMETIKA
GEL TUŠ OLD SPICE NIGHT PANT 400ml,90598830,OLD SPICE,0.40 l,ko,4.99,12.48,,,4.99,8700216875615,KOZMETIKA
GEL TUŠ NIVEA BC SPORT M 250ML,06521368,NIVEA,0.25 l,ko,2.99,11.96,,,2.99,4005808782444,KOZMETIKA
GEL DAX PODOVI ROZ 1L 3768,08036020,DAX,1.00 l,ko,1.59,1.59,,,1.59,3850334397904,SREDSTVA ZA ČIŠĆENJE
DET JAR PLAT PLUS LEMON 54 TAB,90662885,JAR ADW,54.03 ko,ko,36.79,0.68,,,36.79,8006540751299,SREDSTVA ZA ČIŠĆENJE
AJAX WIND FRESH BLUE TRIGGER 750ml,08036050,AJAX,0.75 l,ko,2.59,3.45,,,2.59,8718951048461,SREDSTVA ZA ČIŠĆENJE
DUCK POWER MIX ZA WC 750ML,08030845,DUCK,0.75 l,ko,2.99,3.99,,,3.09,5000204164466,SREDSTVA ZA ČIŠĆENJE
DET PERWOLL BLOSSOM 2 L=40PR,90890171,PERWOLL,2.00 l,ko,12.99,6.5,,,12.99,9000101808476,SREDSTVA ZA ČIŠĆENJE
SANITAR ORIGINAL 750ml 2620,08030338,SANITAR,0.75 l,ko,,2.12,1.59,2.45,2.25,3850111502620,SREDSTVA ZA ČIŠĆENJE
DET WEISSER RIESE UNIV 2.475kg=45PR,90744993,WEISSER RIESE,2.48 kg,ko,16.99,6.86,,,16.99,9000101807493,SREDSTVA ZA ČIŠĆENJE
PERMETAL STAKLOKER I INDUKC PLOCE 650ml,90487404,PERMETAL,0.65 l,ko,5.29,8.14,,,4.75,3850111755293,SREDSTVA ZA ČIŠĆENJE
SRED SUPER JON UNIV ANTISTAT 300 ml,90899767,SUPER JON,0.30 l,ko,,8.17,2.45,3.49,3.49,3850111505768,SREDSTVA ZA ČIŠĆENJE
DET PERSIL GEL UNIV 0.99L=22PR,90744946,PERSIL,0.99 l,ko,8.49,8.58,,,9.99,9000101599060,SREDSTVA ZA ČIŠĆENJE
DET VESH WHITE GEL 1L= 20PRANJA,90714261,VESH,1.00 l,ko,7.15,7.15,,,7.15,3870128033917,SREDSTVA ZA ČIŠĆENJE
WC DUCK 100% UNIS KAMENCA 750ML,90273293,DUCK,0.75 l,ko,3.29,4.39,,,3.29,5000204545784,SREDSTVA ZA ČIŠĆENJE
DET PERSIL STAIN REMOVAL 29TAB,90899882,PERSIL,29.00 ko,ko,10.49,0.36,,,10.49,9000101830736,SREDSTVA ZA ČIŠĆENJE
OM LENOR COTTON FRESH 925ml,90703443,LENOR,0.93 l,ko,2,2.16,,,3,8006540890271,SREDSTVA ZA ČIŠĆENJE
SMAC EXPRESS ODMAŠČ LAVANDA 650 ml,90785167,SMAC,0.65 l,ko,3,4.62,,,3,8003650026545,SREDSTVA ZA ČIŠĆENJE
DET ARIEL COLOR 31 TAB ,90662800,ARIEL,31.00 ko,ko,10,0.32,,,10,8001090726957,SREDSTVA ZA ČIŠĆENJE
DET JAR LEMON 900ml,90232375,JAR HDW,0.90 l,ko,,3.32,2.99,4.65,4.15,4015400795193,SREDSTVA ZA ČIŠĆENJE
OM LENOR SUMMER BREEZE 1.491 L,90886230,LENOR,1.49 l,ko,,2.68,3.99,7.39,7.39,8700216724029,SREDSTVA ZA ČIŠĆENJE
DUCK 5U1 WC SJ LATICE 750ml,90306760,DUCK,0.75 l,ko,2.99,3.99,,,3.09,5000204344004,SREDSTVA ZA ČIŠĆENJE
SOMAT GEL EXCELLENCE LEMON 2X540 ml,90785398,SOMAT,1.08 l,ko,25.99,24.06,,,25.99,9000101819472,SREDSTVA ZA ČIŠĆENJE
OM LENOR DIAMOND 700ml,90703535,LENOR,0.70 l,ko,2,2.86,,,2,8006540909430,SREDSTVA ZA ČIŠĆENJE
KH-7 ODSTRANJIVAČ MRLJA OXY 750ml,90570067,KH-7,0.75 l,ko,5.99,7.99,,,5.45,8420822127785,SREDSTVA ZA ČIŠĆENJE
DET ARIEL COLOR 2.25 L=50 PR,90886401,ARIEL,2.25 l,ko,15,6.67,,,15,8700216691475,SREDSTVA ZA ČIŠĆENJE
DET ARIEL COLOR 1.8 L=40 PR,90886384,ARIEL,1.80 l,ko,17.99,9.99,,,17.99,8700216691604,SREDSTVA ZA ČIŠĆENJE
DET JAR POMEGRANATE 900 ml,90895430,JAR HDW,0.90 l,ko,,3.32,2.99,4.65,4.69,4015400922834,SREDSTVA ZA ČIŠĆENJE
SANITAR FLASH POWER PLUS 650 ml,90825979,SANITAR,0.65 l,ko,3.35,5.15,,,2.99,3850111505683,SREDSTVA ZA ČIŠĆENJE
SRED LABPRO UNIVERZAL PLUS 1l,90406373,LABPRO,1.00 l,ko,3.15,3.15,,,3.15,3850111755118,SREDSTVA ZA ČIŠĆENJE
DET PERFEKTE WASCHE ZELENI 4.305L=123PR,90642759,PERFEKTE WASCHE,4.31 l,ko,4.49,1.04,,,4.49,4262358180018,SREDSTVA ZA ČIŠĆENJE
VANISH LIQ PINK 2L,90362909,VANISH,2.00 l,ko,,5.59,11.18,13.99,13.99,5999109563170,SREDSTVA ZA ČIŠĆENJE
PERLICE LENOR FRESH 195 g,90904710,LENOR,0.20 kg,ko,,20.46,3.99,7.39,7.39,8700216708661,SREDSTVA ZA ČIŠĆENJE
DET ARIEL COLOR 3.87 L=86 PR,90886593,ARIEL,3.87 l,ko,20.99,5.42,,,20.99,8700216691796,SREDSTVA ZA ČIŠĆENJE
DET WEISSER RIE GEL UNIV 4.5L 100PR,90713676,WEISSER RIESE,4.50 l,ko,17.99,4,,,18.99,9000101564426,SREDSTVA ZA ČIŠĆENJE
SRED SUPER JON NAMJ POLITURA 300 ml,90899771,SUPER JON,0.30 l,ko,,8.17,2.45,3.49,3.49,3850111505751,SREDSTVA ZA ČIŠĆENJE
SRED ZA POD VIOLETA LUXURIOS PURPLE 1L,90362810,VIOLETA,1.00 l,ko,2.98,2.98,,,2.98,3870128017320,SREDSTVA ZA ČIŠĆENJE
DOMESTOS ATLANT FRESH TB 750ML,08030302,DOMESTOS,0.75 l,ko,,3.05,2.29,3.29,2.99,8717163286975,SREDSTVA ZA ČIŠĆENJE
DET VESH WHITE 42/1,90784981,VESH,42.02 ko,ko,,0.24,9.99,17.89,17.89,3870128037298,SREDSTVA ZA ČIŠĆENJE
THE PINK STUFF PODOVI 1 L ,90789827,THE PINK STUFF,1.00 l,ko,,2.76,2.76,3.69,3.69,5060033821527,SREDSTVA ZA ČIŠĆENJE
OM LENOR SUMMER BREEZE 850ml,90703514,LENOR,0.85 l,ko,2,2.35,,,2,8006540890011,SREDSTVA ZA ČIŠĆENJE
DR BECKMANN BJELILO VREĆ,08140721,BECKMANN,1.00 ko,ko,3.19,3.19,,,3.19,4008455437217,SREDSTVA ZA ČIŠĆENJE
OM LENOR SPRING AWAK 1.23L,90703437,LENOR,1.23 l,ko,3,2.44,,,3,8006540889954,SREDSTVA ZA ČIŠĆENJE
DET ARIEL M SPRING 1.98kg=36PR,90706049,ARIEL,1.98 kg,ko,10,5.05,,,10,8006540940204,SREDSTVA ZA ČIŠĆENJE
OM LENOR FA NORTHERN SOLSTICE 700 ml,90886131,LENOR,0.70 l,ko,,5.7,3.99,7.39,7.39,8700216723015,SREDSTVA ZA ČIŠĆENJE
GEL DAX ODČEP ODVODA 1L,08031846,DAX,1.00 l,ko,1.49,1.49,,,1.49,3838900949795,SREDSTVA ZA ČIŠĆENJE
ARF DEOBAD 650ml,90628166,ARF,0.65 l,ko,,3.43,2.23,2.79,2.39,3850105181190,SREDSTVA ZA ČIŠĆENJE
THE PINK STUFF VIŠENAMJ ČIŠ 750 ml,90789829,THE PINK STUFF,0.75 l,ko,,3.44,2.58,3.45,3.45,5060033823682,SREDSTVA ZA ČIŠĆENJE
SOMAT EXCELLENCE 4IN1 75TAB,90795118,SOMAT,75.02 ko,ko,32.99,0.44,,,32.99,9000101808742,SREDSTVA ZA ČIŠĆENJE
DET WEISSER RIE GEL ORCH 2.25L 50pr,90698964,WEISSER RIESE,2.25 l,ko,16.99,7.55,,,5,9000101563573,SREDSTVA ZA ČIŠĆENJE
DET PERSIL STAIN REMOVAL 22TAB,90744959,PERSIL,22.00 ko,ko,10,0.45,,,9.99,9000101801385,SREDSTVA ZA ČIŠĆENJE
PEL PAMPERS PREMIUM JP S2 88/1,90706571,PAMPERS,88.03 ko,ko,25.89,0.29,,,25.89,8006540857717,TOALETNE POTREPŠTINE
HIG UL VIOLETA COTTON SUPER+ 40/1,90814869,VIOLETA,40.00 ko,ko,3.69,0.09,,,3.69,3870128018372,TOALETNE POTREPŠTINE
PEL LUMPI MAXI 4 50/1,90370148,LUMPI,50.00 ko,ko,7.17,0.14,,,7.17,3850334153494,TOALETNE POTREPŠTINE
TP PALOMA DINO 3SL 8/1,90769647,PALOMA,8.00 ko,ko,3,0.38,,,3.99,3838952035118,TOALETNE POTREPŠTINE
PEL PAMPERS AB MAXIPACK S4 62/1,90335528,PAMPERS,62.04 ko,ko,,0.24,14.99,18.6,14.99,8001090948731,TOALETNE POTREPŠTINE
TP VIOLETA BRESKVA 10/1 3SL,90060934,VIOLETA,10.00 ko,ko,2.99,0.3,,,2.99,3859892288600,TOALETNE POTREPŠTINE
ŠTAPIĆI LO&LA BABY 200/1 PAP,90486317,LOLA,0.20 ko,ko,1.49,7.45,,,1.49,3858890795264,TOALETNE POTREPŠTINE
PEL PAMPERS AB MAXIPACK S3 70/1,90335522,PAMPERS,70.03 ko,ko,,0.21,14.99,19.99,14.99,8001090948656,TOALETNE POTREPŠTINE
PEL PAMPERS PREMIUM JUN 5 11-18KG 44/1,06500267,PAMPERS,44.00 ko,ko,,0.34,14.99,21.59,14.99,4015400278870,TOALETNE POTREPŠTINE
PEL PAMPERS PREMIUM VP S7 32/1,90839902,PAMPERS,32.00 ko,ko,,0.47,14.99,21.59,14.99,8700216423915,TOALETNE POTREPŠTINE
ŠTAPIĆI BIORAZG JASMIN NATURE 200/1,90380565,JASMIN,200.00 ko,ko,1.79,0.01,,,1.79,3838985888934,TOALETNE POTREPŠTINE
HIG UL LIBRESSE MAXI GOODNIGHT DUO,06500235,LIBRESSE,20.00 ko,ko,3.69,0.18,,,3.69,7322540576450,TOALETNE POTREPŠTINE
HIG UL LIBRESSE ULT NIG EXT WING 8/1,90311559,LIBRESSE,8.00 ko,ko,2,0.25,,,2,7322540918281,TOALETNE POTREPŠTINE
PEL LUMPI MIDI 3 56/1,90370146,LUMPI,56.02 ko,ko,7.17,0.13,,,7.17,3850334153449,TOALETNE POTREPŠTINE
PEL LUMPI PREM MAXI 4 (7-14KG) 42/1,90749885,LUMPI,42.02 ko,ko,,0.16,6.65,6.65,6.65,3850334071026,TOALETNE POTREPŠTINE
HIG UL ALWAYS ULT SECURE NIGHT 10/1,90484465,ALWAYS P&G,10.00 ko,ko,2.5,0.25,,,2.29,8006540093849,TOALETNE POTREPŠTINE
VL MARAMICE PAMPERS SENSTI 52/1,90385475,PAMPERS,52.00 ko,ko,,0.03,1.39,2.09,2.09,8001841041391,TOALETNE POTREPŠTINE
PEL VIOLETA AD JUNIOR 5 11-25kg 52/1,90193872,VIOLETA,52.00 ko,ko,13.99,0.27,,,15.6,3870128010291,TOALETNE POTREPŠTINE
TP FLORA SOFT 3SL 16/1 KAM,90899957,FLORA,16.00 ko,ko,1.99,0.12,,,1.99,3858892751374,TOALETNE POTREPŠTINE
TP VIOLETA LAVANDA 16/1 3SL,05081014,VIOLETA,16.00 ko,ko,6.63,0.41,,,6.63,3859892288051,TOALETNE POTREPŠTINE
PAP RUPČ PALOMA EXC 10/1 4SL,90142041,PALOMA,10.00 ko,ko,1.89,0.19,,,1.89,3838952014076,TOALETNE POTREPŠTINE
PEL PAMPERS PREMIUM JP S1 72/1,90706566,PAMPERS,71.99 ko,ko,18.59,0.26,,,18.59,8006540858073,TOALETNE POTREPŠTINE
LOLA BABY PAMUČNE BLAZINICE A50+10,90372982,LOLA,60.02 ko,ko,3.05,0.05,,,3.05,3858881100411,TOALETNE POTREPŠTINE
PEL VIOL COT PREM JUNIOR +6 44/1,90839843,VIOLETA,44.01 ko,ko,17.85,0.41,,,17.85,3870128031975,TOALETNE POTREPŠTINE
TAMPONI OB PROCOMF SUPER 16 4503,06500167,OB,16.00 ko,ko,4.49,0.28,,,4.19,3574660234541,TOALETNE POTREPŠTINE
TP ZEWA DELUXE BRESKVA 3SL 8/1,90732971,ZEWA,8.00 ko,ko,2.79,0.35,,,2.79,7322541171791,TOALETNE POTREPŠTINE
BLAZINICE JASMIN NATURE PREM OVAL 50/1,90363693,JASMIN,50.00 ko,ko,1.79,0.04,,,1.79,3838985880976,TOALETNE POTREPŠTINE
PEL VIOLETA MAXI 4 GIGA 104/1,90453749,VIOLETA,104.06 ko,ko,19.99,0.19,,,19.99,3870128025509,TOALETNE POTREPŠTINE
RUPČIĆI PAP VIOLETA MENTOL 3SL 10/1,05083090,VIOLETA,10.00 ko,ko,1.99,0.2,,,1.99,3870128000537,TOALETNE POTREPŠTINE
PEL VIOLETA AD NEWB 1 44/1 PREM,90442963,VIOLETA,44.01 ko,ko,7.99,0.18,,,11.89,3870128024342,TOALETNE POTREPŠTINE
TP VLAŽNI NATUR NEVEN 60/1,90553381,NATUR,60.02 ko,ko,,0.01,0.59,0.79,0.79,3850334521156,TOALETNE POTREPŠTINE
PEL PAMPERS PREMIUM JP S6 50/1,90874774,PAMPERS,50.00 ko,ko,26.54,0.53,,,26.54,8700216865029,TOALETNE POTREPŠTINE
PELENE GAĆ PAMPERS PREMIUM VP S5 12-17kg 34/1,90361334,PAMPERS,34.00 ko,ko,,0.44,14.99,21.63,21.63,8001090759870,TOALETNE POTREPŠTINE
HIG UL LIBRESSE INV SUP CL DUO 16/1,06500092,LIBRESSE,16.00 ko,ko,3.05,0.19,,,3.05,7322541195056,TOALETNE POTREPŠTINE
PAP RUPČIĆI ZEWA SOFTIS NEUT 10/1,05081854,ZEWA,10.00 ko,ko,2.99,0.3,,,2.99,7322541110776,TOALETNE POTREPŠTINE
PEL GAĆ VIOL AD MAXI 6 44/1,90622976,VIOLETA,44.00 ko,ko,15.93,0.36,,,15.93,3870128031838,TOALETNE POTREPŠTINE
BLAZINICE DJ SEPTONA 90/1,90765158,SEPTONA,90.01 ko,ko,3.59,0.04,,,3.59,5201410908220,TOALETNE POTREPŠTINE
VL MAR LUMPI  SENSITIVE 80/1,90184805,LUMPI,80.00 ko,ko,1.35,0.02,,,1.35,3850334558589,TOALETNE POTREPŠTINE
TAMPONI OLEA NORMAL 16/1,06500245,OLEA,16.00 ko,ko,,0.05,0.85,1.05,1.05,3850334600691,TOALETNE POTREPŠTINE
PAP RUPČIĆI NATUR KUTIJA 3SL 60/1,90189243,NATUR,59.99 ko,ko,,0.02,1.49,1.86,1.86,3838900976654,TOALETNE POTREPŠTINE
VATA OLEA CIK CAK 100 g,90824657,OLEA,0.10 kg,ko,1.09,10.9,,,1.09,3850334428554,TOALETNE POTREPŠTINE
PEL PAMPERS PREMIUM MAXI 4 7-18KG 52/1,06500268,PAMPERS,52.00 ko,ko,,0.29,14.99,21.59,14.99,4015400278818,TOALETNE POTREPŠTINE
VL MAR LUMPI SOFT LOTION 80/1,90184785,LUMPI,80.00 ko,ko,1.35,0.02,,,1.35,3850334558558,TOALETNE POTREPŠTINE
TP VLAŽNI VIOLETA NEVEN 120/1,90363690,VIOLETA,120.05 ko,ko,3.58,0.03,,,3.58,3870128018204,TOALETNE POTREPŠTINE
RUPČIĆI PAP VIOLETA KUT 3SL 60/1,90153453,VIOLETA,59.99 ko,ko,1.99,0.03,,,1.99,3870128009172,TOALETNE POTREPŠTINE
BLAZINICE JASMIN NATURE SENSITIVE 100/1,90402279,JASMIN,100.00 ko,ko,1.99,0.02,,,1.99,3838985884721,TOALETNE POTREPŠTINE
TP VL VIOLETA DOUBLE CARE FAMILY 100/1,90704695,VIOLETA,1.00 ko,ko,3.45,3.45,,,2.65,3870128031326,TOALETNE POTREPŠTINE
PEL PAMPERS PREM CARE VEL 6 13+ 38KOM,90364412,PAMPERS,38.01 ko,ko,,0.39,14.99,21.63,14.99,8001841105130,TOALETNE POTREPŠTINE
DESERT KIT KAT WHITE 41.50 g NESTLE,90887403,KIT KAT,0.04 kg,ko,1.35,32.53,,,1.35,8445290549266,HRANA
KAŠICA HIPP INT KRU/JAB/PIR 190g,90092940,HIPP,0.19 kg,ko,1.65,8.68,,,1.65,4062300269842,HRANA
KEKSI MINI MADELEINES LIMUN 175g,90705101,ST MICHEL,0.18 kg,ko,2.59,14.8,,,2.59,3178530428667,HRANA
KAŠICA HIPP BIO BROKULI RIŽA 125g,03148052,HIPP,0.13 kg,ko,1.25,10,,,1.25,9062300131137,HRANA
ZAČIN SOL MORSKA ML 100g VEGETA MAESTRO,90599300,VEGETA MAESTRO,0.10 kg,ko,2.49,24.9,,,2.29,3856020222314,HRANA
TIJEST SVRDLA 400g LAURA,90669612,LAURA,0.40 kg,ko,2.15,5.38,,,2.15,3859893592072,HRANA
GRAH BIJELI,01420087,EUROCOMPANY,1.00 kg,kg,2.29,2.29,,,20,3872084013965,HRANA
KORICA LIMUNA 14g VREĆ KOTANYI,04100429,KOTANYI,0.01 kg,ko,0.99,70.71,,,0.99,9001414016039,HRANA
KEKS CHIA LIMUN 50g KOOKIE CAT,90739983,KOOKIE CAT,0.05 kg,ko,1.99,39.8,,,1.99,3800232730525,HRANA
TUNJ SLOVA KOMADIĆI S ULJ 145g/104 g,90869916,SLOVA,0.11 kg,ko,1.39,12.41,,,1.39,3850334171092,HRANA
BOMBON KARAMELA MLJEČ 215g MIESZKO-KROWKA,90809797,MIESZKO-KROWKA,0.22 kg,ko,1.89,8.79,,,1.89,5900353700945,HRANA
KEKS PRINCEZA ČOKO KOKOS 230g,90427866,PRINCEZA,0.23 kg,ko,2.99,13,,,2.69,3856014101618,HRANA
SLAD MILKA BALL TOP KORNET 4x100ml,90703703,MILKA,0.40 l,ko,6.99,17.48,,,6.99,8606018616015,HRANA
KREKER SALTAS MORSKA SOL 100g,90829674,SALTAS,0.10 kg,ko,0.95,9.5,,,0.95,3856014107542,HRANA
ČAJ EARL GREY KART.KUT.100g RINFUZA,90051683,AHMAD,0.10 kg,ko,3.45,34.5,,,3.45,054881008594,HRANA
SALATA PILETINA MIX MEX 160 g NJAMI,90889675,NJAMI,0.16 kg,ko,3.99,24.94,,,3.99,3838929620071,HRANA
ZAČIN ZA ROŠTILJ 60g ALEVA,90380168,ALEVA,0.06 kg,ko,1.19,19.83,,,1.19,8600947030577,HRANA
NAMAZ SIR GREEK GOUR 180g DIV GARD,90765202,DIVAN GARDEN,0.18 kg,ko,1.79,9.94,,,1.79,3858894600175,HRANA
PUREĆI FILE PRSIJU MINI PAK VINDIJA,02451396,VINDON,1.00 kg,kg,13.27,13.27,,,13.27,3850339402504,HRANA
BOMBON NIMM2 GUMENI COLA BUDDIES 90 g,90750063,NIMM2,0.09 kg,ko,0.79,8.78,,,0.79,4014400934137,HRANA
KETCHUP LJUTI 455g HEINZ,90825689,HEINZ,0.46 kg,ko,2.99,6.57,,,2.99,5900783009564,HRANA
ČAJ STOMACH FRIEND 36g TEEKANNE,90623511,TEEKANNE,0.04 kg,ko,2.59,71.94,,,2.59,5901086046737,HRANA
PINĐUR GARDEN GOOD 540 g,90894673,GARDEN GOOD,0.54 kg,ko,4.99,9.24,,,4.49,3850334434104,HRANA
ČIPS CHIO OVEN SOUR CREAM&ONION 100g,90886918,CHIO,0.10 kg,ko,2.19,21.9,,,2.19,5996253002340,HRANA
JOGURT TEKUĆI 3.2% MM 180G VERONIKA,90267778,VERONIKA,0.18 kg,ko,0.44,2.44,,,0.44,3859889622035,HRANA
KOLUTIĆI JABUKA TONI KAISER 300 g,90825025,TONI KAISER,0.30 kg,ko,3.99,13.3,,,3.99,9001969038586,HRANA
ČEŠNJAK PRAH 70g SOTINAC,90750972,OPG SOTINAC,0.07 kg,ko,1.39,19.86,,,1.39,3859893718274,HRANA
BOMBONI MEK RATTLERZ SOUR 120g BAZOOKA,90769654,BAZOOKA,0.12 kg,ko,1.99,16.58,,,1.99,5011053023576,HRANA
SENF ESTRAGON M.M. 200g,01530092,MAUTNER MARK,0.20 kg,ko,1.79,8.95,,,1.49,9011900139616,HRANA
DES NESQUIK  CEREALS&MILK 25g,04037009,NESTLE ŽITAR,0.03 kg,ko,0.89,35.6,,,0.83,8593893007437,HRANA
OCAT OD NARA 500ml PONTI,90378025,PONTI,0.50 l,ko,4.49,8.98,,,4.49,8001010105909,HRANA
DESERT NESQ MAXI CHOCO 25g NESTLE,90477866,NESTLE ŽITAR,0.03 kg,ko,0.89,35.6,,,0.83,5900020017420,HRANA
MAKARONI S JAJIMA 500g MLIN PUKANIĆ,90704300,MLIN PUKANIĆ,0.50 kg,ko,2.19,4.38,,,2.19,3859892888268,HRANA
KOMPOT KRUŠKA VALFRUTTA 411g     ,90103825,VALFRUTTA,0.41 kg,ko,2.19,5.33,,,2.19,8001440000041,HRANA
SALAMA DIVLJA SVINJA 80g HISTRIS,90704268,HISTRIS,0.08 kg,ko,3.99,49.88,,,3.99,3859893167096,HRANA
KAŠ LINO JAB ŠLJIVA S GRISOM 190g,90320546,LINO,0.19 kg,ko,1.59,8.37,,,1.59,3856020211158,HRANA
KEKS BOCCONC MILK KREMA 100g MATILDE VICENZI,90673174,MATILDE VICENZI,0.10 kg,ko,1.5,15,,,2.09,8000350006273,HRANA
UMAK PESTO MASL&CHIL 130g RIO M,90706353,RIO MARE,0.13 kg,ko,2.89,22.23,,,4.49,8004030506114,HRANA
GRISSINI DULCETTI SEZAM 170 g,90890117,DULCETTI,0.17 kg,ko,,6.06,1.03,1.29,1.29,3838900843482,HRANA
MASLINE PUNJ SIR 140/100 g SPEC MOMENTS,90826505,SPECIAL MOMENTS,0.10 kg,ko,2.99,29.9,,,2.99,3850334430908,HRANA
KOLAČ KREM KOLAČIĆI 500G KUSTURA,90055373,KUSTURA KOLAČI,0.50 kg,ko,7.43,14.86,,,7.43,3859892623999,HRANA
TIJES INTEG FARFALLE 500g BARILLA,90341840,BARILLA,0.50 kg,ko,3.39,6.78,,,3.39,8076809532440,HRANA
JUHA ALPSKA 46g MAGGI,90770637,MAGGI,0.05 kg,ko,1.39,30.22,,,1.39,8585002445698,HRANA
KOCKA KOKOŠJA 120g MAGGI,90819731,MAGGI,0.12 kg,ko,2.09,17.42,,,2.09,8585002444851,HRANA
JUNEĆA LOPATICA BK FIVAS,90795044,FIVAS,1.00 kg,kg,13.99,13.99,,,10.49,,HRANA
BOMBONI JELLY KICKS 100G KANDIT,90291734,BONKO,0.10 kg,ko,0.95,9.5,,,0.95,3858889864766,HRANA
KUPINA MLJEVENA SUŠENA 100g BOBO,90404294,BOBO,0.10 kg,ko,4.11,41.1,,,4.11,3859893313479,HRANA
UMAK PESTO ROSSO  PONTI 135g,90307312,PONTI,0.14 kg,ko,3.29,24.37,,,3.29,8001010024330,HRANA
KIKIRIKI SLANI CRVENA LJUSKA 150g MOGYI,90733647,MOGYI,0.15 kg,ko,1.39,9.27,,,1.39,5997347541028,HRANA
ČAJ WINT WONDER BREAKF KUG RIN 25 g AHMAD,90830452,AHMAD,0.25 kg,ko,2,8,,,0.5,054881027472,HRANA
BOMBON KIS TRAKE RAINBOW 9g VIDAL,90732117,VIDAL,0.01 kg,ko,0.19,21.11,,,0.19,8413178163347,HRANA
CRISPY POH SIR ZAČ BILJ 70 g KOTANYI,90890049,KOTANYI,0.07 kg,ko,1.89,27,,,1.89,9001414338032,HRANA
KEKS BEBIVITA 180g,90074092,BEBIVITA,0.18 kg,ko,2.15,11.94,,,2.15,4018852033943,HRANA
SLAD GELATISSIMO VAN ČOK JAG 2l,90360364,GELATISSIMO,2.00 l,ko,3.99,2,,,3.99,3850334433800,HRANA
KEFIR SUPER 3%MM 750g Z BREGOV,90732927,Z BREGOV,0.75 kg,ko,2.09,2.79,,,2.09,3850108037548,HRANA
PAN CARE TOAST KRUH 285g AWT,04024336,MULINO BIANCO,0.29 kg,ko,1.59,5.58,,,1.59,8076809582452,HRANA
KRUŠKA 1 kg,01413049,,1.00 kg,ko,1.89,1.89,,,1.79,3858885875117,HRANA
DELKO S PAPRIKOM 500g VINDIJA,02039512,CEKIN,0.50 kg,ko,2.79,5.58,,,2.79,3850159125041,HRANA
MLINCI K PLUS 250g,90334997,K PLUS,0.25 kg,ko,1.09,4.36,,,1.09,3850334341389,HRANA
TIJESTO SPAGHETTI 1kg GRANO DORO,90296098,GRANO DORO,1.00 kg,ko,1.69,1.69,,,1.69,3850334349767,HRANA
BOMBON 505 SA CRTOM  100g KRAŠ,04194735,KRAŠ,0.10 kg,ko,1.09,10.9,,,1.09,3850102216147,HRANA
ČOKOLADA DORINA CIJELI LJEŠNJAK 220g,90587724,DORINA,0.22 kg,ko,4.99,22.68,,,4.99,3850102520381,HRANA
MLIJEKO ZAMJ NAN OPTIPRO 2 800g,90360950,NAN,0.80 kg,ko,19.99,24.99,,,19.99,7613034089984,HRANA
MAST SVINJ 1kg VRBOVEC,02270361,PIK,1.00 kg,ko,2.2,2.2,,,2.2,3850139390032,HRANA
ČAJ KAMILICA K 40g MAXI FRANCK,04091135,FRANCK,0.04 kg,ko,2.79,69.75,,,2.79,3858881086098,HRANA
ZIMSKA REZ 650g PODRAVKA,90299733,PODRAVKA,1.00 kg,kg,,13.83,13.83,13.83,13.52,,HRANA
MRKVA 500 g BIO ZONE,90810469,BIO ZONE,0.50 kg,ko,,1.7,0.85,1.19,1.29,3856028689379,HRANA
SIR K PLUS POLUTV RIB MOZZ 250g,90599869,K PLUS,0.25 kg,ko,3.39,13.56,,,3.29,3850334009203,HRANA
SIR TOPLJ LIST MILA 450g,90750921,MILA,0.45 kg,ko,2.99,6.64,,,2.99,3850334082695,HRANA
SIR TVRDI PAŠKI 300g MIH,90486866,SIRANA MIH,0.30 kg,ko,18.99,63.3,,,16.99,3859891700608,HRANA
MARIN SVINJSKA REBRA(VAKM),90222299,PIK VRBOVEC,1.00 kg,kg,7.85,7.85,,,5.52,3850139437942,HRANA
PUDING PROTEIN VANILIJA 200g ZOTT,90593622,ZOTT,0.20 kg,ko,1.19,5.95,,,0.89,4014500519180,HRANA
MLIJEČNI DESERT KINDER MAXI 3 PACK,90140867,FERRERO,0.11 kg,ko,2.39,22.76,,,2.19,4008400551920,HRANA
SLAD SNJEGULJICA 65ML LEDO,02350046,LEDO,0.07 l,ko,0.99,15.23,,,0.99,3850116500171,HRANA
KVIKI GRIC 100g PODRAVKA,04147524,KVIKI,0.10 kg,ko,1.39,13.9,,,1.39,3850104225277,HRANA
GRAH SMEĐI 230g LIM PODRAVKA,01550061,PODRAVKA,0.23 kg,ko,1.39,6.04,,,1.39,3850104024870,HRANA
ČAJNA KOB XXL 330g VAC PIK VRBOVEC,02024475,PIK,0.33 kg,ko,6.89,20.88,,,6.89,3850139010619,HRANA
SUHI PRSNI VRŠAK VAK,02019863,PIK,1.00 kg,kg,7.99,7.99,,,7.99,3850139330748,HRANA
KULEN BELJE NAR 100G MA,90185844,BELJE,0.10 kg,ko,3.49,34.9,,,3.49,3850257053215,HRANA
DALMATINSKI MIX NAR 300g PIVAC,90487368,PIVAC,0.30 kg,ko,8.49,28.3,,,8.49,3858884995021,HRANA
ČIPS CRUNCHIPS  PAPRIKA 130g,90705469,LORENZ,0.13 kg,ko,2.25,17.31,,,2.25,4018077005589,HRANA
CAPP ANAMARIA CL 200g VR,04070180,ANAMARIA,0.20 kg,ko,2.49,12.45,,,2.49,3858881770447,HRANA
JOGURT VOĆNI MIX 400g Z BREGOV,90719997,Z BREGOV,0.40 kg,ko,1.49,3.73,,,1.49,3850108037975,HRANA
MAJONEZA VREĆICA S ČEPOM 263G THOMY,90298303,THOMY,0.26 kg,ko,3.15,11.98,,,3.15,3858890178678,HRANA
BRAŠNO OŠTRO T-400 1kg PODRAVKA,04030162,PODRAVKA,1.00 kg,ko,0.83,0.83,,,0.83,3850104223631,HRANA
FANT ZA GRAH I VARIVO 60g PODRAVKA,04163558,FANT,0.06 kg,ko,1.39,23.17,,,1.39,3850104075759,HRANA
MLIJEKO TRAJNO 3.8% 1L BOCA DUKAT,02230472,DUKAT,1.00 l,ko,1.69,1.69,,,1.69,3850354006091,HRANA
RIŽA K PLUS ORIGINARIO 1kg KUTIJA,90056489,K PLUS,1.00 kg,ko,2.59,2.59,,,1.99,3850334339270,HRANA
PAŠTETA KOKOŠJA ARGETA  3X95g,90061919,ARGETA,0.29 kg,ko,4.19,14.7,,,3.99,3838975567214,HRANA
SIR K PLUS EDAMER 300G,90148333,K PLUS,0.30 kg,ko,3.29,10.97,,,2.79,3850334406354,HRANA
DESERT KINDER BUENO T2X3X10 129g,04220959,FERRERO,0.13 kg,ko,3.49,27.05,,,3.19,4008400320328,HRANA
SLAD GELATISSIMO LJEŠ VAN PIST 2l,90360509,GELATISSIMO,2.00 l,ko,3.99,2,,,3.99,3838900955222,HRANA
DVOPEK INTEGRALNI K PLUS 320g,90657913,K PLUS,0.32 kg,ko,1.46,4.56,,,1.46,3850334019127,HRANA
ČOKOL VOLIM TE VIŠ JAG MAL 100g,04215639,VOLIM TE,0.10 kg,ko,1.59,15.9,,,1.15,3858881065239,HRANA
BISKVIT NARANČA DUO KRAŠ 250g,04144056,KRAŠ,0.25 kg,ko,2.59,10.36,,,2.59,3850102922833,HRANA
PIZZA CAPRICCIOSA 330g MINUTE,90593057,MINUTE,0.33 kg,ko,,5.42,1.79,1.79,2.29,3850334132659,HRANA
TOAST CLASSIC 500g TVOJIH 5 MINUTA,90299542,TVOJIH 5 MIN,0.50 kg,ko,1.49,2.98,,,1.49,8606018730469,HRANA
GLJIVA BUKOVAČA 300 grama,01400000,,0.30 kg,ko,1.99,6.63,,,1.99,3850334393135,HRANA
DESERT ROCHER T8 100g,90731508,FERRERO,0.10 kg,ko,4.39,43.9,,,3.99,8000500192801,HRANA
JAJA SVJ L 10/1 SL UZGOJ AGRO-KLASTER,90403568,AGRO KLASTER,10.00 ko,ko,3.39,0.34,,,3.39,3857500091710,HRANA
CROISSANT 7DAYS KAK/VAN 240g 6/1,90423203,CHIPITA,0.24 kg,ko,3.99,16.63,,,3.99,7622202049309,HRANA
KRUH BIJELI REZANI PAK 580 g  K PLUS,90810331,K PLUS,0.58 kg,ko,1.55,2.67,,,1.55,3850334420800,HRANA
PUREĆA KRILA CIJELA  DP VINDIJA cca 1750g,90331477,VINDON,1.00 kg,kg,2.49,2.49,,,2.49,3850339405024,HRANA
SIR I VRHNJE K PLUS 1kg,90453956,K PLUS,1.00 kg,kg,4.99,4.99,,,4.91,3850334342065,HRANA
DESERT MUNCHMALLOW  FAMILY 210g,90074836,MUNCHMALLOW,0.21 kg,ko,,10.43,2.19,1.75,1.75,8600114001980,HRANA
SIR TOPLJ LIST CHEDDAR 150G DUKAT,90253519,PRESIDENT,0.15 kg,ko,1.99,13.27,,,1.79,3228022210055,HRANA
TIJESTO SPAGHETTINI 3 500g BARILLA,04410094,BARILLA,0.50 kg,ko,1.08,2.16,,,1.09,8076800195033,HRANA
PECIVO KVIKI PERECI 100g PODRAVKA,04140144,KVIKI,0.10 kg,ko,1.09,10.9,,,1.09,3850104007217,HRANA
TJEST. ZLATICA 45 400g ZP,90109832,ZLATO POLJE,0.40 kg,ko,2.69,6.73,,,2.69,3838700015669,HRANA
ŠEĆER SMEĐI DEMERARA 500g ENCIAN,04120260,ENCIAN,0.50 kg,ko,2.85,5.7,,,2.85,3859889425742,HRANA
ČAJNI KOLAČ "TEBI NA DAR" 500g TKZ,90078492,TKZ,0.50 kg,ko,5.17,10.34,,,5.17,3858884925851,HRANA
SIR SVJ KRAVLJA SKUTA 250g DALMAT SIR,90354883,DALMATINSKI SIREVI,0.25 kg,ko,3.09,12.36,,,3.09,3859893220067,HRANA
SVJEŽE PRHKO TIJESTO 350g HANS HENGLEIN,90344948,HANS HENGLEIN,0.35 kg,ko,1.59,4.54,,,1.59,4001163135666,HRANA
PAPAR CRNI MLJEVENI XXL 120g KOTANYI,90553247,KOTANYI,0.12 kg,ko,3,25,,,4.79,9001414007174,HRANA
KAVA CLASSICO ESP NS 10/1 57g ILLY,90814737,ILLY,0.06 kg,ko,6.49,113.86,,,6.49,8003753158679,HRANA
KEKS BOOM BOX ZOBENI KAKAO 50g,90487102,BOOM BOX,0.05 kg,ko,1.19,23.8,,,0.99,3858890476897,HRANA
TIJESTO PENNE RIGATE 41 500g DE CECC,04054785,DE CECCO,0.50 kg,ko,2.79,5.58,,,2.79,8001250120410,HRANA
JOGURT PROT NATUR 200g STAY STRONG,90764701,STAY STRONG,0.20 kg,ko,1.29,6.45,,,1.29,5941355017044,HRANA
BRAŠNO OŠTRO T-400 1kg FARINA,04030359,FARINA,1.00 kg,ko,0.83,0.83,,,0.83,3859890160045,HRANA
KAŠICA FRUTEK BRESKVA RIŽA 190g,03140456,FRUTEK,0.19 kg,ko,,6.79,1.29,1.29,1.75,3838945503174,HRANA
TIJESTO ISTAR LAZ ŠPAR 250g KLARA,90083691,KLARA M,0.25 kg,ko,2.79,11.16,,,2.79,3859888499881,HRANA
UMAK BBQ SLATKI 500g HEINZ,90312387,HEINZ,0.50 kg,ko,4.89,9.78,,,4.91,8715700419695,HRANA
TOLSTOLOBIK FILET PAK KONZUM,90389239,,1.00 kg,kg,10.99,10.99,,,10.59,,HRANA
OCAT JABUČNI S LIMUNOM I LEMETOM 0.5L MAUTNER,03120051,MAUTNER MARK,0.50 l,ko,3.69,7.38,,,3.69,9011900137773,HRANA
TIJESTO MEZZE PEN TRICOL 78 LC 500g,04310291,BARILLA,0.50 kg,ko,3.49,6.98,,,3.49,8076809501415,HRANA
LEDOLETTA SIR ŠPINAT 800 g LEDO,90825010,LEDO,0.80 kg,ko,4.99,6.24,,,4.99,3850116067582,HRANA
TJESTENINA U VREĆICI GLJIVE 59.2g MAGGI,90407803,MAGGI,0.06 kg,ko,0.79,13.34,,,0.79,5201219488862,HRANA
ANANAS GARDEN GOOD 400 g,90854656,GARDEN GOOD,0.40 kg,ko,,7.48,2.99,4.99,2.99,8605028614882,HRANA
SIR TVRDI PAŠKI 45% MIH,02055548,SIRANA MIH,1.00 kg,kg,55.99,55.99,,,49.99,3859891700011,HRANA
TUBA VOĆ HIPPIS BIO SP KRUŠ/BAN/GROŽ/ZOB 120g,90308410,HIPP,0.12 kg,ko,1.39,11.58,,,1.39,4062300325197,HRANA
UMAK SWEET&SOUR 240ML GO-TAN,90059207,GO-TAN,0.24 l,ko,3.19,13.29,,,3.19,8710605027006,HRANA
ZAČIN CHILLI MLJ VR 40g VEGETA MAESTRO,90282206,VEGETA MAESTRO,0.04 kg,ko,1.49,37.25,,,1.49,3850104294587,HRANA
ČAJ SIR WINSTON EARL GREY 35g,04090030,SIR WINSTON,0.04 kg,ko,2.39,68.29,,,2.39,5901086050727,HRANA
FANT CHILI CON CARNE 55G PODRAVKA,90403252,FANT,0.06 kg,ko,1.39,25.27,,,1.39,3856020236441,HRANA
OREO MILK SNACK 27g,90715183,OREO,0.03 kg,ko,0.75,27.78,,,0.3,90426278,HRANA
MONTE SNACK LJEŠNJAK 29g,90733493,MONTE,0.03 kg,ko,0.5,17.24,,,0.5,4014500520391,HRANA
ZAČIN PAPAR MLJEV 45 g VEG MEASTR,90381061,VEGETA MAESTRO,0.05 kg,ko,3.39,75.33,,,3.39,3856020234454,HRANA
BADEM BLANŠIRANI NATURA 75g,90706822,EUROCOMPANY,0.08 kg,ko,1.69,22.53,,,1.69,3872084012388,HRANA
TJESTENINA U VREĆICI POVRĆE 59.2g MAGGI,90412438,MAGGI,0.06 kg,ko,0.79,13.39,,,0.79,5201219488787,HRANA
SMOOTHIE MIX GARDEN GOOD 400 g,90854654,GARDEN GOOD,0.40 kg,ko,4.99,12.48,,,3.49,8605028614868,HRANA
ROL BAKLAVA 500G SUNDAY,90251630,,0.50 kg,ko,5.29,10.58,,,4.64,5319990443984,HRANA
BOMBON GUM KIKI COLA 90g KRAŠ,04191609,KIKI,0.09 kg,ko,,11,0.99,1.19,1.19,3850102214990,HRANA
TJE REZAN GNJEZ DOM JAJ 250g ZLATOPOLJE,90571980,ZLATO POLJE,0.25 kg,ko,1.99,7.96,,,1.99,3838700011463,HRANA
MAHUNA ZELENA 450g DUKAT,90350725,DUKAT,0.45 kg,ko,1.46,3.24,,,1.46,3850354013815,HRANA
KAŠ INST LINO KEKS JAB KAM 200g,90362418,LINO,0.20 kg,ko,2.59,12.95,,,2.59,3850104251894,HRANA
TORTELLONI PURETINA 250g AURELIA,90765306,AURELIA,0.25 kg,ko,2.99,11.96,,,2.99,3859890561101,HRANA
ČAJ KOPRIVA FILTAR 15/1,90623761,SUBAN,0.03 kg,ko,2.65,106,,,2.65,3858882914017,HRANA
BOMBON ICE FRESH 125g 3096,04190208,ICE FRESH,0.13 kg,ko,1.45,11.6,,,1.45,4014400903096,HRANA
KRASTAVAC K PLUS REZANI 670G/360g,90732349,K PLUS,0.36 kg,ko,1.99,5.53,,,1.79,3850334072078,HRANA
PAPAR ŠARENI VR 14g VEGETA MAESTRO,90599374,VEGETA MAESTRO,0.01 kg,ko,1.49,106.43,,,1.49,3856020202644,HRANA
MEDALJONI PILEĆI BEYOND 200g,90730867,BEYOND MEAT,0.20 kg,ko,5.99,29.95,,,5.99,1230000147590,HRANA
BRAŠNO MJEŠ ZA FRITULE I KRAFNE 1kg PODRAVKA,90571982,PODRAVKA,1.00 kg,ko,2.29,2.29,,,2.29,3856020252649,HRANA
SKUŠA SALATA S MASLINAMA MEDITERANA 125g DELAMARIS,90406823,DELAMARIS,0.13 kg,ko,2.99,23.92,,,2.35,3838929568588,HRANA
SIR PROVOLONE DOLCE 200g,90673002,AGRIFORM,0.20 kg,ko,3.99,19.95,,,3.99,8003518102107,HRANA
MLJEVENO MJEŠANO S TELETINOM,02401112,KONZUM,1.00 ko,ko,8.55,8.55,,,8.55,,HRANA
ČOKOLADA DORINA KARAMELA BADEM 250 g,90885321,DORINA,0.25 kg,ko,4.99,19.96,,,4.99,3850102010028,HRANA
ČAJ TEEKANNE ZEN CHAI 35g,04093594,TEEKANNE,0.04 kg,ko,2.59,74,,,2.59,5901086001002,HRANA
SIR TVRDI KRAVLJI MR TRUFFLE 200g,90731674,PAŠKA SIRANA,0.20 kg,ko,6.79,33.95,,,5.99,3859893713040,HRANA
KOCKA KOKOŠJA 40g PODRAVKA,90161314,PODRAVKA,0.04 kg,ko,1.15,28.75,,,1.15,3850104267208,HRANA
ŠTRUKLI SA SVJ SIR/BUĆ SL 600g SMRZ,02373895,LATICA,0.60 kg,ko,,6.8,4.08,4.91,4.91,3850261359792,HRANA
MASLINE CRNE BK 150g SACLA,90485146,SACLA,0.15 kg,ko,2.69,17.93,,,2.69,8001060001367,HRANA
ČIPS LAY'S  GREEN ONION 130g,90720095,PEPSICO,0.13 kg,ko,,15.31,1.99,2.29,1.89,5900259128898,HRANA
PILEĆE USITNJ MESO SMR 500g VINDIJA,02434797,CEKIN,0.50 kg,ko,2.49,4.98,,,2.49,3850159111853,HRANA
POLI 1000g PERUTNINA,90153957,POLI,1.00 kg,ko,8.35,8.35,,,8.35,3838977800449,HRANA
INSTANT KAVOVINA BIANKA  110G,90187277,FRANCK,0.11 kg,ko,3.69,33.55,,,3.69,3858881087538,HRANA
JAJA SVJEŽA M 10/1 GALA,02510556,GALA,10.00 ko,ko,2.45,0.25,,,2.45,3859888246300,HRANA
JOGURT B'AKTIV JAGODA PET 1KG DUKAT,90514052,B'AKTIV,1.00 kg,ko,2.99,2.99,,,2.85,3850354015826,HRANA
KIKIRIKI HRUSTY U TIJESTU MIX 300g,90794708,HRUSTY,0.30 kg,ko,2.59,8.63,,,2.59,3850334420206,HRANA
SIR MEKI CAMMEMBERT DELISO 125g,90712738,DELISO,0.13 kg,ko,1.85,14.8,,,1.85,3838900826584,HRANA
LED U KOCKAMA 2.5kg REBUS,90045501,REBUS,2.50 kg,ko,3.19,1.28,,,2.92,3855006015018,HRANA
ŽV GUMA ORBIT BLUEBERRY BOČ 64 g,90770779,WRIGLEY,0.06 kg,ko,3.69,57.66,,,3.69,4009900538008,HRANA
REZANCI ŠIROKI S JAJ 400g K PLUS,90366164,K PLUS,0.40 kg,ko,,2.23,0.89,1.29,1.29,3850334154163,HRANA
DVOPEK MINI CLASSIC 120G NATUREL,90258605,NATUREL,0.12 kg,ko,,10.42,1.25,1.39,1.39,3858889361593,HRANA
HAŠE GOVEĐI 200g PODRAVKA,02160375,PODRAVKA,0.20 kg,ko,2.39,11.95,,,2.39,3850104020353,HRANA
TIJESTO K PLUS REZ USKI JAJ 400g,04051371,K PLUS,0.40 kg,ko,,2.98,1.19,1.59,1.59,3850334136763,HRANA
ĆEVAPČIĆI JUNEĆI,02403726,KONZUM,1.00 kg,kg,9.3,9.3,,,9.3,,HRANA
SVINJSKA CRIJEVA 10M 38/42 CROMA,02403854,CROMA,1.00 ko,ko,2.49,2.49,,,2.55,3859890197546,HRANA
ICEBERG RADIČ 220 grama,90468036,KONZUM,0.22 kg,ko,1.49,6.77,,,1.39,3850334240637,HRANA
PAŠTETA PIKETA PILEĆA 95G AL,90166147,PIKETA,0.10 kg,ko,1.19,12.53,,,1.19,3850104277856,HRANA
INSTANT KAVOVINA BIANKA 100% CIKORIJA 125G,04071218,FRANCK,0.13 kg,ko,3.69,29.52,,,3.69,3858881087545,HRANA
DVOPEK INTEGRALNI 320g MLINAR,90400862,MLINAR,0.32 kg,ko,2.29,7.16,,,2.39,3858881120792,HRANA
SIR TVRDI K PLUS RIBANI 40g,02055509,K PLUS,0.04 kg,ko,1.19,29.75,,,1.09,3850334058492,HRANA
KAŠ INST ČOKOLINO LJEŠNJAK 500g,04172117,LINO,0.50 kg,ko,4.99,9.98,,,4.99,3850104227530,HRANA
JOGURT PROTEIN SKYR ŠUM VOĆE 200g VIND,90363572,Z BREGOV,0.20 l,ko,1.29,6.45,,,1.29,3850108032321,HRANA
KIKIRIKI LJUSKA G GOOD SUHO PRŽ 400g,90363718,GARDEN GOOD,0.40 kg,ko,,4.48,1.79,2.29,2.19,3838900956977,HRANA
ČOKOLADA DORINA MOUSSE ČOKO 95g,90070302,DORINA,0.10 kg,ko,1.99,20.95,,,1.45,3850102500505,HRANA
BOMBONIJERA BAJADERA 175 g KRAŠ,90834900,BAJADERA,0.18 kg,ko,6.99,39.94,,,6.99,3850102009770,HRANA
SALATA PILETINA MINUTE 175g,90623230,MINUTE,0.18 kg,ko,,14.22,2.49,2.99,2.99,3850334018960,HRANA
KAŠA ZOBENA ŠUM VOĆE 4X65G DOBRA,90073928,DOBRA,0.26 kg,ko,3.25,12.5,,,3.25,8595054902247,HRANA
SLAD GELATISSIMO KOR VAN JAG 6X110ML,90485245,GELATISSIMO,0.66 l,ko,3.29,5,,,3.29,3838900955345,HRANA
KAVA MINAS MLJEV 500g ANAMARIA,04070134,ANAMARIA,0.50 kg,ko,9.49,18.98,,,7.79,3858881770034,HRANA
KRUH SKANDINAVSKI 700g MLINAR,90320585,MLINAR,0.70 kg,ko,2.99,4.27,,,2.99,3858881122512,HRANA
KEKS CHOC &CHOC MILKA 150G,90179554,MILKA,0.15 kg,ko,3.39,22.6,,,3.39,7622210413147,HRANA
PIRE VOĆ. JAB.BOROV. 200g NUTRINO LAB ,90573494,NUTRINO LAB,0.20 kg,ko,2.25,11.25,,,2.25,8606019652968,HRANA
RAJČICA PASIRANA 690ml ROSSOGARGANO ,90670225,ROSSOGARGANO,0.69 l,ko,,2.16,1.49,2.49,2.49,8033837720720,HRANA
SIR EMMENTALER NAR 100G PRESIDENT,90392127,PRESIDENT,0.10 kg,ko,2.39,23.9,,,2.39,8595021607458,HRANA
NAPITAK ZOB BARISTA 1L O'PLANT,90495024,O PLANT,1.00 l,ko,3.49,3.49,,,3.58,3856020250027,HRANA
VAFL NAPOLITANKA CHOCO CREAM 187g KRAŠ,90672784,KRAŠ,0.19 kg,ko,1.65,8.82,,,1.65,3850102523405,HRANA
PAŠTETA KOKOŠJA JUNIOR ARGETA 45g,90129874,ARGETA,0.05 kg,ko,0.99,22,,,0.89,38381447,HRANA
LIMUNSKA KISELINA SPICE CHEF 250 g,90734653,SPICE CHEF,0.25 kg,ko,1.69,6.76,,,1.69,3850334071361,HRANA
LOKARDA FILETI U MASL  ULJU 110g/77g ADRIA MARE,90804824,ADRIA MARE,0.08 kg,ko,2.19,28.44,,,1.89,3850334428394,HRANA
JUN GRUDI MARTINJAK MHF,90308787,,1.00 kg,kg,9.69,9.69,,,8.79,3859893702440,HRANA
JUHA MAMINA 60g PODRAVKA,90599356,PODRAVKA,0.06 kg,ko,1.39,23.17,,,1.39,3856020255800,HRANA
SIR TVRDI LIVANJSKI VAC PUĐA,90092360,PUĐA,1.00 kg,kg,21.23,21.23,,,21.23,,HRANA
KAVA LEDENA STARBUCKS SKINNY 220ml,90707304,STARBUCKS,0.22 l,ko,2.59,11.78,,,2.59,5711953100345,HRANA
NAPOLITANKA ČOKOL 740g,90089099,KOESTLIN,0.74 kg,ko,4.79,6.47,,,4.79,3856014115004,HRANA
ULJE BUČINO 500ml HLADNIĆ,90048659,HLADNIĆ,0.50 l,ko,11.99,23.98,,,11.99,3859888867055,HRANA
KEKS BELVITA SOFT PUNJ ČOK 250g,90381682,BELVITA,0.25 kg,ko,3.35,13.4,,,3.35,7622210591203,HRANA
MUESLI RISE&SMILE VOĆE ORAŠ PREM 600g,90726152,RISE&SMILE,0.60 kg,ko,,5.3,3.18,3.98,3.98,3850334045485,HRANA
GRISSINI RUŽMARIN 125g AMOR DI PANE,90325471,AMOR DI PANE,0.13 kg,ko,1.29,10.32,,,1.29,8005803010371,HRANA
DŽEM MARELICA 680g DOORA,90726704,DOORA,0.68 kg,ko,3.89,5.72,,,3.89,3858894541720,HRANA
MRAMORNI KOLAČ 400G GECCHELE,90158084,GECCHELE,0.40 kg,ko,3.45,8.63,,,3.45,8015854142501,HRANA
KAŠA ZOB JAB CIM 4X65g DOBRA,90073927,DOBRA,0.26 kg,ko,3.25,12.5,,,3.25,8595054901097,HRANA
TJESTENINA  K PLUS  SPIRALI MINI 500g,90083132,K PLUS,0.50 kg,ko,1.29,2.58,,,1.29,,HRANA
TJEST PENNE BEZ GL 400g BARILLA,90270297,BARILLA,0.40 kg,ko,4.69,11.73,,,4.69,8076809545457,HRANA
KETCHUP LJUTI HEINZ 570G,90179070,HEINZ,0.57 kg,ko,4.25,7.46,,,4.25,8715700420363,HRANA
NAMAZ OD AVOKADA GUACAMOLE 200g SANA,90518681,SANA,0.20 kg,ko,3.98,19.9,,,3.98,3858892321836,HRANA
GRAH BIJELI CANNELLINI GARDEN GOOD 240g,90697775,GARDEN GOOD,0.24 kg,ko,0.89,3.71,,,0.89,3850334028365,HRANA
BUĐOLA 100g PERAJICA,90514273,SUŠARA PERAJICA,0.10 kg,ko,4.09,40.9,,,4.09,3857500112811,HRANA
SRNA GULAŠ 450g NIMROD,90350676,NIMROD,0.45 kg,ko,,16.18,7.28,8.63,8.63,3830034366097,HRANA
KEKS KEKSOLINO KAKAO 140g,90617948,LINO,0.14 kg,ko,,11.36,1.59,1.89,1.89,3856020254827,HRANA
PAŠTETA PILEĆA CLASSIC POLI 95g,90674697,POLI,0.10 kg,ko,1.19,12.53,,,1.19,3838977043846,HRANA
DRESSING JOGURT 250ML KUHNE,01491218,KUHNE,0.25 l,ko,2.79,11.16,,,2.79,40122649,HRANA
NAPITAK KOKOS BŠ 1L ALPRO,90364635,ALPRO,1.00 l,ko,3.79,3.79,,,3.79,5411188128311,HRANA
KAVA ESPRESSO STRETTO 140g,90047811,FRANCK,0.14 kg,ko,10.99,78.5,,,10.99,3858881086715,HRANA
CAPP FR BK 112G KUT,90281762,FRANCK,0.11 kg,ko,,29.37,3.29,3.89,3.89,3858881088375,HRANA
PRŠUT DALMATINSKI SK VOŠTANE,02018111,VOŠTANE,1.00 kg,kg,16.99,16.99,,,16.99,,HRANA
BOMBONI HAPPY COLA FIZZ  HARIBO 100g,90704309,HARIBO,0.10 kg,ko,1.59,15.9,,,1.59,9002975331593,HRANA
SLAD RAFFAELLO 4x70 ml,90769699,RAFFAELLO,0.19 l,ko,8.29,44.1,,,8.29,8000500363492,HRANA
PALAČINKE JABUKA CIMET 6x90 g MINUTE,90824825,MINUTE,0.54 kg,ko,3.99,7.38,,,3.99,3850334426277,HRANA
ULJE BUČINO SPICE CHEF 250ML ,90804879,SPICE CHEF,0.25 l,ko,4.99,19.96,,,4.99,3850334106889,HRANA
PANIRANI POLUTV SIR EDAMAC 600g SMRZ,90040071,VINDIJA,0.60 kg,ko,7.49,12.51,,,7.49,3850159141812,HRANA
RAJČICA SJECKANA GARDEN GOOD 400 g,90854732,GARDEN GOOD,0.40 kg,ko,0.99,2.48,,,1.19,3838900843161,HRANA
LEDOLETTA ABC SIR 800 g LEDO,90825008,LEDO,0.80 kg,ko,4.99,6.24,,,4.99,3850116067520,HRANA
SLAD KONTIKI MANGO 75 ml LEDO,90885986,LEDO,0.08 l,ko,1.29,17.2,,,0.99,3850116066424,HRANA
LOSOS MARINIR 150g LASCHINGER+UMAK,90668847,LASCHINGER,0.15 kg,ko,12.74,84.93,,,12.74,4010871060078,HRANA
BOMBON MENTOL BEZ ŠEĆ 80g KRAŠ,04190071,KRAŠ,0.08 kg,ko,1.49,18.63,,,1.49,3850102212460,HRANA
PIZZA LEDO MARGHERITA 300g,90485045,LEDO,0.30 kg,ko,3.99,13.3,,,3.99,3850116038186,HRANA
PAHULJ LUMPI COCOA CRUN MANJE ŠEĆ 250g,90732664,LUMPI,0.25 kg,ko,,3.6,0.9,1.06,1.06,3850334011350,HRANA
VALJUŠCI MINUTE 1kg,90467867,MINUTE,1.00 kg,ko,2.59,2.59,,,2.59,3850334386687,HRANA
ČOKOLINO BEZ GLUTENA 200g,90423587,LINO,0.20 kg,ko,2.99,14.95,,,2.99,3856020240998,HRANA
JUHA RAMEN PILETINA 63g AJINOMOTO,90412630,AJINOMOTO,0.06 kg,ko,1.69,26.83,,,1.69,5901384500627,HRANA
BRAŠNO PIROVO INTEGRAL 1kg PODRAVKA,90403373,PODRAVKA,1.00 kg,ko,2.49,2.49,,,2.49,3838700295269,HRANA
BROWNIE DOUBLE CHOCO 225g DOLCELA,90770236,DOLCELA,0.23 kg,ko,,13.29,2.99,3.89,3.79,3856020271787,HRANA
KEKS PARIS KAKAO 225g KOESTLIN,90344321,PARIS,0.23 kg,ko,2.09,9.29,,,1.89,3856014122682,HRANA
KAVA MLJEV MOKA 250 g FRANCK,90915282,FRANCK,0.25 kg,ko,7.79,31.16,,,7.79,3850291055626,HRANA
BRAŠNO GLATKO T-550 1kg BELJE,04031817,BELJE,1.00 kg,ko,0.78,0.78,,,0.78,3850257015657,HRANA
FILETI SL INĆUNA U SUNC ULJU 320g PELAGOS ,90432917,PELAGOS,0.32 kg,ko,12.99,40.59,,,12.99,3859893545528,HRANA
NAMAZ KIKIRIKI MASLAC KOMADI K PLUS 350g,90362815,K PLUS,0.35 kg,ko,2.99,8.54,,,2.99,3850334153937,HRANA
KOBASICA KRANJSKA IVANEČKA 400g IMISIMO,90498760,IMISIMO,0.40 kg,ko,4.79,11.98,,,4.79,3859893866029,HRANA
NAMAZ FINESSE DUO LJEŠNJAK MLIJEKO 750 g,90749840,FINESSE,0.75 kg,ko,,4.73,3.55,4.19,4.19,3838900834657,HRANA
FILE BATKA-ZABATKA 500g,90674375,MEĐIMURSKO PILE,0.50 kg,ko,4.19,8.38,,,4.19,3850220117517,HRANA
SIR TVRDI OVČJI 150g,90705258,INTERLAT,0.15 kg,ko,3.99,26.6,,,3.99,8427298009553,HRANA
KAVA LEDENA HELL DOU ESPRESSO 250ml,90494827,HELL ENERGY,0.25 l,ko,1.59,6.36,,,1.45,5999860497646,HRANA
PRSA PILEĆA U OVITKU NAR 100g,90154127,CEKIN,0.10 kg,ko,2.19,21.9,,,2.19,3850159123306,HRANA
INSTANT KAVA RITUAL CLASSIC 200 g,90749852,RITUAL,0.20 kg,ko,,27.9,5.58,6.99,6.99,3850334083050,HRANA
SARDINA I INĆUN ADRIA MARE 100g/70g,90754837,ADRIA MARE,0.07 kg,ko,1.39,19.86,,,1.09,3850334063458,HRANA
KAŠICA FRUTEK MARELICA ŽITARICE 100g,90335479,FRUTEK,0.10 kg,ko,1.39,13.9,,,1.39,3838945035026,HRANA
MLIJEKO ZAMJ HIPP 1 COMBIOTIK 600g,90406098,HIPP,0.60 kg,ko,14.69,24.48,,,14.69,4062300398900,HRANA
SOL SOLJENKA 250g PVC SOLANA PAG,04110352,SOLANA PAG,0.25 kg,ko,1.25,5,,,1.25,3859888155183,HRANA
ŠUNKA FINA VAC PIK VRBOVEC,02034493,PIK VRBOVEC,1.00 kg,kg,15.99,15.99,,,15.99,3850139250626,HRANA
JUHA KOKOŠ S REZ 18g FINI MINI PODR,04160070,FINI MINI,0.02 kg,ko,0.79,43.89,,,0.79,3850104048296,HRANA
POLUTV TRAPIST KOLANJAC 300g MIH,90494014,SIRANA MIH,0.30 kg,ko,6.99,23.3,,,6.99,3859891700615,HRANA
VEGETA FINO MLJEVENA 200g PODRAVKA,90770264,VEGETA,0.20 kg,ko,1.89,9.45,,,1.89,3856020270544,HRANA
TIKVA HOKAIDO,01405819,,1.00 kg,kg,1.99,1.99,,,2.29,3856017203159,HRANA
ŠTAPIĆI TWISTER HRUSTY SIR 150g,90433043,HRUSTY,0.15 kg,ko,,11.27,1.69,1.99,1.99,3850334134653,HRANA
SENDVIČ PANE AMORE ŠUNKA SIR 130G,90408710,PANE AMORE,0.13 kg,ko,2.79,21.46,,,2.79,8020693230012,HRANA
REZANCI ŠIR ZEL 400g SIMPLY PASTA,90725035,SIMPLY PASTA,0.40 kg,ko,,3.23,1.29,1.59,1.59,3850334045546,HRANA
HRENOVČICE PIL KIDS 100g,90731220,CEKIN KIDS,0.10 kg,ko,0.89,8.9,,,0.89,3850159126994,HRANA
KAŠA ZOB BOOM BOX ŠUM VOĆE BADEM 300g,90493455,BOOM BOX,0.30 kg,ko,,9.3,2.79,3.99,3.99,3858890477047,HRANA
SPAGHETTI CARBONARA 400 g COME A CASA,90794939,COME A CASA,0.40 kg,ko,2.99,7.48,,,2.99,5900741604770,HRANA
PLATA PARTY 8 OSOBA KONZUM,90204713,,0.83 kg,ko,15.93,19.12,,,15.93,,HRANA
ČOKOLADICA PROTEIN WOPPERS 25g CHOCOLATE MILK,90353882,POLLEO,0.03 kg,ko,1.49,59.6,,,1.49,3858892292730,HRANA
TORTA MILKA LJEŠNJAK ALMONDY 400g,90473105,ALMONDY,0.40 kg,ko,7.39,18.48,,,6.49,7312930010145,HRANA
KEKS BOOM BOX ZOBENI KOKOS 200g,90568786,BOOM BOX,0.20 kg,ko,3.59,17.95,,,2.99,3858890478037,HRANA
ŠUM. TABL. KALCIJ 80g ACTIVE ZONE,90698014,ACTIVE ZONE,0.08 kg,ko,,12.38,0.99,1.15,1.15,3850334036124,HRANA
SLAD GELATISSIMO VEGAN BADEM 3x90ml,90704711,GELATISSIMO,0.27 l,ko,3.69,13.65,,,3.69,3838900844779,HRANA
OKRUGLICE MESNE PUREĆE 400g VINDIJA,90365451,VINDON,0.40 kg,ko,4.49,11.23,,,4.49,3850339439135,HRANA
BOMBON NIMM2 GUME SOFT RED FRU 90g,90405391,NIMM2,0.09 kg,ko,1.19,13.22,,,1.19,4014400923599,HRANA
ČOKOLADA MILKA JOGURT 100g,90829850,MILKA,0.10 kg,ko,2.49,24.9,,,2.49,7622202226885,HRANA
BOMBON NIMM2 GUMENI SOFTIES 90g,90365248,NIMM2,0.09 kg,ko,1.19,13.22,,,1.19,4014400917062,HRANA
MLIJEKO ZAMJ HIPP 1 BIO 600g,04170632,HIPP,0.60 kg,ko,11.99,19.98,,,11.99,4062300414327,HRANA
LIGNJA PATAGONI KOL I KR WOFCO 360g,90672979,WOFCO,0.36 kg,ko,5.99,16.65,,,5.49,8436565914964,HRANA
UMAK SLATKO KISELI 400g BEN'S,90574010,BEN’S ORIGINAL,0.40 kg,ko,3.69,9.23,,,3.69,4002359017322,HRANA
PIROVO BRAŠNO INTEGRALNO 1kg MLIN PUKANIC,90404109,MLIN PUKANIĆ,1.00 kg,ko,3.09,3.09,,,3.09,3859892888237,HRANA
PLOČICA VOĆNA DATULJA BADEM 40g ROOKIES,90320167,ROOKIES,0.04 kg,ko,1.35,33.75,,,1.33,3800232736237,HRANA
DESERT POCKET COFFEE T5X12X6 62.5g,04221011,FERRERO,0.06 kg,ko,1.99,31.84,,,1.79,80135944,HRANA
SUNCOKRET PRŽ SL  60g MOGYI,01310866,MOGYI,0.06 kg,ko,0.61,10.17,,,0.61,5997347555568,HRANA
KREKER KUKURUZNI SLANI ACTIVE ZONE 50 g,90775592,ACTIVE ZONE,0.05 kg,ko,,7.8,0.39,0.49,0.45,3838900838242,HRANA
NAPITAK ZOB BARISTA 1L DAR,90712943,DAR,1.00 l,ko,2.99,2.99,,,2.99,3850108028041,HRANA
COUS COUS 500g BIOZONE,90412777,BIO ZONE,0.50 kg,ko,,3.58,1.79,1.99,1.99,3838900841112,HRANA
RIŽA ZL POLJE ST ANDREA 500G KUT,04060215,ZLATO POLJE,0.50 kg,ko,2.79,5.58,,,2.59,3838700540482,HRANA
ŽELATINA BIJELA 10g PODRAVKA,04180480,DOLCELA,0.01 kg,ko,0.89,89,,,0.89,3850104227523,HRANA
PUDING PROTEIN VAN 200g STAY STRONG,90764697,STAY STRONG,0.20 kg,ko,,7.45,1.49,1.49,1.49,3850354018551,HRANA
KIKIRIKI U TJES CHILI 60g MOGYI,90063647,MOGYI,0.06 kg,ko,0.8,13.33,,,0.8,5997347542049,HRANA
PEČENICA 100g PERAJICA,90514268,SUŠARA PERAJICA,0.10 kg,ko,4.09,40.9,,,4.09,3857500112828,HRANA
BOMBONI RONDO C BOČICA 61.5g,90039377,CEDEVITA,0.06 kg,ko,1.69,27.48,,,1.59,3850322008331,HRANA
TOFFIFEE BOŽIĆNE 375g,04220169,TOFFIFEE,0.38 kg,ko,8.99,23.97,,,7.99,4014400919417,HRANA
KEKS INTEG 210g ACTIVE ZONE,90657875,ACTIVE ZONE,0.21 kg,ko,1.89,9,,,1.69,3850334009456,HRANA
MEKSIČKI MIX GARDEN GOOD 150/130g,90707341,GARDEN GOOD,0.13 kg,ko,0.95,7.31,,,0.95,8605028600021,HRANA
MAHUNA ŽUTA XXL 700g LEDO,90706762,LEDO,0.70 kg,ko,2.99,4.27,,,2.49,3850116058658,HRANA
DESERT CREMORE DUO ČOK 190g ZOTT,90405309,CREMORE,0.19 kg,ko,0.89,4.68,,,0.89,4014500518145,HRANA
MIX NES 3U1 SMEĐI ŠEĆER 16.5g,90364080,NESCAFE,0.02 kg,ko,0.35,21.21,,,0.35,5941017016415,HRANA
PRŠUT DALMAT NAR 80g PREMIUM,90732213,PIVAC,0.08 kg,ko,3.19,39.88,,,3.19,3858884998350,HRANA
PROTEIN ME FIRST WHEY 908g STRAWBERR,90400482,POLLEO,0.91 kg,ko,34.99,38.54,,,34.99,3858892293942,HRANA
SARDINA S LIMUNOM 100g/75g EVA,90706321,EVA,0.08 kg,ko,1,13.33,,,1,3856020262617,HRANA
TJESTENINA U VREĆICI GOVEDINA 59.2g MAGGI,90407799,MAGGI,0.06 kg,ko,0.79,13.34,,,0.79,5201219488794,HRANA
ČOKOLADA RITTER NOUGAT 100g,04210096,RITTER SPORT,0.10 kg,ko,2.39,23.9,,,1.79,4000417026002,HRANA
HOT DOG 2/1 140g MLINAR,90406414,MLINAR,0.14 kg,ko,1.35,9.64,,,1.35,3858889893025,HRANA
NAMAZ PROTEIN CREAM DELICIO DUO 200g,90493856,POLLEO,0.20 kg,ko,5.99,29.95,,,5.99,3858892299555,HRANA
KAŠICA HIPP ŠLJIVE 125g,04170894,HIPP,0.13 kg,ko,1.15,9.2,,,1.15,9062300106739,HRANA
KOBASICE ROŠTILJ SIR 360g KUDELIĆ,90713558,KUDELIĆ,0.36 kg,ko,4.49,12.47,,,3.99,3859891672622,HRANA
TARALLI DULCETTI MEDITERRANEO 300 g,90851039,DULCETTI,0.30 kg,ko,,4.77,1.43,1.79,1.79,3850334431301,HRANA
KAŠ INST LJEŠNJAK ČOKOLINO 200g,04174519,LINO,0.20 kg,ko,2.59,12.95,,,2.59,3850104230059,HRANA
UMAK BURGER VREĆ S ČEPOM 220g THOMY,90499016,THOMY,0.22 kg,ko,3.15,14.32,,,3.15,7613287464521,HRANA
ČOK WHITE MAGIC COCONUT  KANDI 80g,90705577,KANDIT,0.08 kg,ko,1.5,18.75,,,1.85,3856024804905,HRANA
KREKER SIR ČEŠNJAK 130g DANVITA ,90675289,DANVITA,1.00 ko,ko,2.29,2.29,,,2.29,4771218200198,HRANA
SALAMA SLAVONSKA NAR 80g DOBRO,90570237,DOBRO,0.08 kg,ko,1.79,22.38,,,1.79,3850133800841,HRANA
KAŠ INST VANILINO 200g,04178119,LINO,0.20 kg,ko,2.59,12.95,,,2.59,3850104251917,HRANA
MIX NESCAFE FRAPPE 3U1 CARAMEL 15 g,90750910,NESCAFE,0.02 kg,ko,0.35,23.33,,,0.35,8445291184091,HRANA
DŽEM K PLUS EXTRA MARELICA MANJE Š 330g,90794850,K PLUS,0.33 kg,ko,,6.03,1.99,2.49,1.99,3850334111807,HRANA
SEZAM 200g KRESTO,01311719,KRESTO,0.20 kg,ko,1.19,5.95,,,1.19,3858882290593,HRANA
JOGURT NA BAZI KOK NAT 150g PL PARAD,90765093,PLANT PARADISE,0.15 kg,ko,0.99,6.6,,,0.99,8595588203155,HRANA
LIKER LJEŠNJAK MARTIN ALBUS 0.7 L,90955647,MARTIN ALBUS,0.70 l,ko,29.89,42.7,,,29.89,3858889833076,PIĆE
VODA IZVORSKA STUDENA 0.25 L SČ,90970441,STUDENA,0.25 l,ko,0.59,2.36,,,0.59,3856022300331,PIĆE
LIKER VIŠNJA MARTIN ALBUS 0.7 L,90955652,MARTIN ALBUS,0.70 l,ko,27.89,39.84,,,27.89,3858889834257,PIĆE
LIKER TERANINO ZVEČEVO 0.7 L,90955306,ZVEČEVO,0.70 l,ko,12.99,18.56,,,12.99,3858894172399,PIĆE
NAPITAK TWIST ISO LIMUN 0.5 L LIM,90970148,TWIST,0.50 l,ko,1.25,2.5,,,1.25,3858887585915,PIĆE
VINO GRAŠEVINA ALETTA 5 L BIB,90955515,ALETTA,5.00 l,ko,11.99,2.4,,,11.99,3859894110534,PIĆE
VINO GRAŠEVINA CARSKO 3 l PET,90955522,CARSKO,3.00 l,ko,5.19,1.73,,,5.19,3859894110565,PIĆE
LIKER PELINKOVAC HERITAGE 0.7L,90975591,MARASKA,0.70 l,ko,16.99,24.27,,,16.99,3850158406905,PIĆE
NEKTAR PIĆA TO MIX OKUSA 3x1 L,90939900,TO,3.00 l,ko,3.79,1.26,,,3.79,3858890971484,PIĆE
VINO GRAŠEVINA TERRA VINEA BIB 3 L,90975702,TERRA VINEA,3.00 l,ko,,1.66,4.99,6.69,6.69,3850334450982,PIĆE
VINO GRAŠEVINA ČOKA 3 L BIB,90955531,VIN ČOKA,3.00 l,ko,8.49,2.83,,,8.49,8606106842043,PIĆE
VINO DALMATINSKO CRNO DELMATI 1 L,90960064,VINA DELMATI,1.00 l,ko,5.49,5.49,,,5.49,3857500163509,PIĆE
PIVO ZMAJSKO PALE ALE 0.5 l LIM,90949669,ZMAJSKA PIVOVARA,0.50 l,ko,2.35,4.7,,,2.35,3858895210519,PIĆE
SOK GUT HEALTH 330 ml JUICEFAST,90949681,JUICEFAST,0.33 l,ko,2.99,9.06,,,2.99,3859894234575,PIĆE
VINO POŠIP PALIHNIĆ 0.75 L,90955405,VINA PALIHNIĆ,0.75 l,ko,10.99,14.65,,,10.99,3859892911300,PIĆE
SIRUP SUNQUICK CRNI RIBIZ 0.7 L,90969883,SUNQUICK,0.70 l,ko,6.49,9.27,,,6.49,5775345206237,PIĆE
SIRUP SUNQUICK NARANČA 0.7 L,90969885,SUNQUICK,0.70 l,ko,6.49,9.27,,,6.49,5775345121233,PIĆE
SIRUP SUNQUICK NARANČA BRESKVA 0.7 L,90969887,SUNQUICK,0.70 l,ko,6.49,9.27,,,6.49,5775345121172,PIĆE
SOK KLEMENTINA 100% 1 L ANDROS,90949967,ANDROS,1.00 l,ko,3.99,3.99,,,3.99,3608580129509,PIĆE
VINO GRAŠEVINA BIANCA 3 L BIB,90955567,VINOLOG,3.00 l,ko,8.99,3,,,8.99,3859894187185,PIĆE
VINO RUKATAC PALIHNIĆ 1 L,90955409,VINA PALIHNIĆ,1.00 l,ko,4.59,4.59,,,4.59,3859892911102,PIĆE
PROSECCO VEZZO 0.75 L,90955581,VEZZO,0.75 l,ko,5.99,7.99,,,5.99,8051764725670,PIĆE
LIKER APEROSSO 1 L,90955530,APEROSSO,1.00 l,ko,9.05,9.05,,,9.05,8007253111691,PIĆE
LIKER NARANČA 0.5 L ANTUNOVIĆ,90954855,NATURA ANTUNOVIC,0.50 l,ko,15.39,30.78,,,15.99,3858890745061,PIĆE
PIVO TOMISLAV 0.5 L LIM,90939931,TOMISLAV,0.50 l,ko,1.49,2.98,,,1.49,3850131006207,PIĆE
PIVO GARDEN FJAKA SESSION IPA 0.33 l,90935048,GARDEN,0.33 l,ko,1.39,4.21,,,1.35,3858893813040,PIĆE
PIVO GRIF PILSNER 0.5 L LIM,90939926,GRIF,0.50 l,ko,2.19,4.38,,,2.19,3859893353796,PIĆE
SMOOTHIE MINUTE JAG BAN 250ml,90227730,MINUTE,0.25 l,ko,,5.96,1.49,1.85,1.85,3838900802878,PIĆE
COCKTAIL RTD ABSOLUT RAS LEMON 0.25L,90754892,ABSOLUT,0.25 l,ko,2.99,11.96,,,2.99,7312040323043,PIĆE
PIVO LP MEĐIMURSKO LAGER 0.5 L LIM,90809851,LEPI DEČKI,0.50 l,ko,2.35,4.7,,,2.35,3859894040176,PIĆE
SIRUP K PLUS LIMUN BAZGA 1L,90703465,K PLUS,1.00 l,ko,2.55,2.55,,,2.55,3850334044334,PIĆE
NAPITAK MONSTER ULTRA STRAWB 0.5 L,90889894,MONSTER,0.50 l,ko,1.95,3.9,,,1.95,5056784900734,PIĆE
BADEL DOMAĆI 0.1 L,90850927,BADEL 1862,0.10 l,ko,1.69,16.9,,,1.69,3850112145147,PIĆE
NEG PIĆE ORANGE CAPRI SONNE 0.2L,03140108,CAPRI SONNE,0.20 l,ko,0.53,2.65,,,0.53,4000177407400,PIĆE
VINO GRAŠEVINA 1L KV KK KUTJEVO,03014093,KUTJEVO,1.00 l,ko,7.15,7.15,,,7.15,3850156001218,PIĆE
MIN VODA MIVELA GAZ 1 L PET,90886982,MIVELA,1.00 l,ko,1.69,1.69,,,1.69,8600599002878,PIĆE
PIĆE GAZ SKY COLA 0.33L LIM,90528165,SKY,0.33 l,ko,0.89,2.7,,,0.89,3875000182318,PIĆE
LIKER KRUŠKOVAC 1L ZVEČEVO,90184930,ZVEČEVO,1.00 l,ko,10.39,10.39,,,10.39,3858894170883,PIĆE
VINO PELJEŠAC CRNO KK 1L PZ PUTNI,03010302,PUTNIKOVIĆ,1.00 l,ko,4.89,4.89,,,4.89,3859889291019,PIĆE
VODKA SVAROG 37.5% 0.7L BADEL 1862,90040018,SVAROG,0.75 l,ko,20.05,26.73,,,20.05,3850112142795,PIĆE
SOK FRUTEK MRKVA 0.125L,03140468,FRUTEK,0.13 l,ko,,6.32,0.79,0.79,0.99,3838945502757,PIĆE
VODA PRIRODNA MINERALNA SARA RIVA 6L,90775619,RIVA,6.00 l,ko,1.65,0.27,,,1.65,3856028501992,PIĆE
GAZ PIĆE COCA COLA 1L,03160839,COCA COLA,1.00 l,ko,1.59,1.59,,,1.49,5449000054227,PIĆE
SIRUP OD KADULJE 500ml,90404091,AGROPOSTA,0.50 l,ko,5.69,11.38,,,5.69,3859892734701,PIĆE
VINO LAŠKI RIZLING ORMOŽ 1L KK,03010037,JERUZALEM,1.00 l,ko,6.29,6.29,,,6.29,3830001600025,PIĆE
COCKTAIL GIN & ROSE 0.5 L,90754796,JOHAN FREITAG,0.50 l,ko,2.15,4.3,,,2.05,4750142005741,PIĆE
GAZ PIĆE NARANČA JAMNICA 0.33 L LIM,90884954,JAMNICA,0.33 l,ko,1.29,3.91,,,1.29,3856028506096,PIĆE
VISKI CHIVAS REGAL 12 YO 0.7L+2ČAŠ,03085063,CHIVAS REGAL,0.70 l,ko,35.99,51.41,,,34.05,5000299228661,PIĆE
RAKIJA ŠLJIVOVICA MARASKA 0.5L ,03071003,MARASKA,0.50 l,ko,9.05,18.1,,,9.05,3850158300906,PIĆE
VINO KAPISTRAN CRNI 1L ILOČKI PODR,90055262,ILOČKI PODRUMI,1.00 l,ko,6.35,6.35,,,6.35,3859892149253,PIĆE
GAZ PIĆE COCA COLA 0.33L LIM,03161768,COCA COLA,0.33 l,ko,1.09,3.3,,,1.09,5449000214911,PIĆE
PRIMA BRAND 1L 36% BADEL 1862,03070244,BADEL 1862,1.00 l,ko,11.45,11.45,,,11.45,3850112141194,PIĆE
ČAJ LEDENI  PARTY ŠUMSKO V BRUS 1.5L,90407026,PARTY,1.50 l,ko,1.25,0.83,,,1.25,3857500079961,PIĆE
VINO POŠIP VRH 0.75L PZ ČARA,03020922,PZ POŠIP ČAR,0.75 l,ko,18.99,25.32,,,18.99,3859889311014,PIĆE
NEKTAR VINDI MULTIVITAMIN 1L ČEP,90366126,VINDI,1.00 l,ko,1.59,1.59,,,1.59,3850108071238,PIĆE
GAZ PIĆE FANTA TUTTI FRUTTI ZERO 2 L,90886682,FANTA,2.00 l,ko,2.39,1.2,,,2.29,5449000334671,PIĆE
NAPITAK ISO SPORT AZZURRO GAZ. 1.5L ,90672914,ISO SPORT,1.50 l,ko,2.25,1.5,,,2.25,3850108078411,PIĆE
NAPITAK HELL FOCUS 0.25L,90314304,HELL,0.25 l,ko,1.09,4.36,,,1.09,5999885747733,PIĆE
PIVO EDELMEISTER BAZGA  0.0% 0.5l LIM,90403587,EDELMEISTER,0.50 l,ko,1.15,2.3,,,1.09,5900535023978,PIĆE
PRAŠK. NAPITAK MOJ DAN NARANČA 200g,90662961,MOJ DAN,0.20 kg,ko,1.45,7.25,,,1.45,8605028604593,PIĆE
WHISKEY JIM BEAM  & Cola 0.33 L,90319735,JIM BEAM,0.33 l,ko,2.79,8.45,,,2.79,5060045581280,PIĆE
VINO GRAŠEVINA 1L VINA BELJE,90311372,BELJE,1.00 l,ko,6.55,6.55,,,6.55,3850257019440,PIĆE
GAZ PIĆE PEPSI COLA 0.5L PET,03163203,PEPSI,0.50 l,ko,1.05,2.1,,,1.05,3830065022580,PIĆE
SOK FRUVITA VOĆNI JAB VIŠNJA 330 ml,90809899,FRUVITA,0.33 l,ko,1.49,4.51,,,1.49,8606030051382,PIĆE
NEGAZIRANO PIĆE JUMEX ANANAS KOKOS 0.473L,90386030,JUMEX,0.47 l,ko,1.5,3.17,,,2.29,7501013102222,PIĆE
PIVO PAULANER WEISS. DUNKEL TAMNI 0.5 L NB,90077953,PAULANER,0.50 l,ko,1.95,3.9,,,1.95,4066600941972,PIĆE
GAZ PIĆE FANTA ORANGE 0.33L,90361114,FANTA,0.33 l,ko,1.09,3.3,,,1.09,5449000322241,PIĆE
VINO GROZD BIJELO 1L,90311364,GROZD,1.00 l,ko,2.15,2.15,,,2.15,3850334378750,PIĆE
LIKER WALDGIRGL 0.7L,90081470,WALDGIRGL,0.70 l,ko,7.05,10.07,,,7.05,4006714005238,PIĆE
GAZ PIĆE SCHWEPP TON WAT 0.33L LIM,90342463,SCHWEPPES,0.33 l,ko,1.29,3.91,,,1.29,5449000220943,PIĆE
LEDENI ČAJ JANA ŠUM VOĆE BRUS 0.5L,03164066,JANA,0.50 l,ko,1.19,2.38,,,1.19,3858884601731,PIĆE
PIĆE NEGAZ CAPPY LEMONADE 1.25L PET,90407740,CAPPY,1.25 l,ko,1.99,1.59,,,1.99,5000112653779,PIĆE
RAKIJA TRAVARICA 1L BADEL,03060987,BADEL 1862,1.00 l,ko,12.15,12.15,,,12.15,3850112122193,PIĆE
LIKER TERANINO ROSSI 0.5l,90424780,ROSSI,0.50 l,ko,19.55,39.1,,,19.55,3859891585434,PIĆE
LEDENI ČAJ MANGO 0.33 L,90889962,VINDI,0.33 l,ko,0.79,2.39,,,0.79,3850108072303,PIĆE
NAPITAK ENERGY SUPPORT LIMUN 0.75L,90649089,POLLEO,0.75 l,ko,1.85,2.47,,,1.85,3856026802213,PIĆE
PIVO KARLOVAČKO CRNO 0.5L LIMENKA,90144311,KARLOVAČKO,0.50 l,ko,1.75,3.5,,,1.49,3850103005511,PIĆE
SOK 100% JABUKA CAPPY 0.33L,03141292,CAPPY,0.33 l,ko,1.25,3.79,,,1.19,50112234,PIĆE
RAKIJA MEDICA V DEGENIJA 1L,90404787,DEGENIJA,1.00 l,ko,12.25,12.25,,,10.99,3859889693240,PIĆE
SMOKVA VOĆNI LIKER NATURA ANTUNOVIC 0.5l,90404166,NATURA ANTUNOVIC,0.50 l,ko,15.39,30.78,,,15.39,3858890745030,PIĆE
GAZ PIĆE SPRITE 0.5L,03163504,SPRITE,0.50 l,ko,1.19,2.38,,,1.15,5449000334992,PIĆE
VODA JAMNICA 4PACK 1.5L PET,90359895,JAMNICA,6.00 l,ko,3.49,0.58,,,3.49,3858890874525,PIĆE
PIVO PAN RADLER LIMUN 0.5L POV BOCA,03131132,PAN,0.50 l,ko,1.25,2.5,,,1.25,3858887580828,PIĆE
NEKTAR VINDI DISNEY BOROV +VIT. 0.2L,90731579,VINDI,0.20 l,ko,0.75,3.75,,,0.75,3850108075564,PIĆE
PIVO K1664 BLANC 0.5 L LIM.,90360919,KRONENBOURG 1664,0.50 l,ko,1.75,3.5,,,1.75,3080216031811,PIĆE
NEKTAR FRUCTAL JAB-ARONIJA-GROŽĐE 1L,90705887,FRUCTAL,1.00 l,ko,2.39,2.39,,,1.59,3838945041317,PIĆE
VODA IZVOR STUDENA 4+2 GRATIS 1.5 L,90894713,STUDENA,6.00 l,ko,3.56,0.59,,,3.56,3856022301802,PIĆE
PIĆE GAZ COCKTA 0.33L LIM,90363697,COCKTA,0.33 l,ko,1.09,3.3,,,1.05,3838471038027,PIĆE
COCKTAIL RTD BEEFEATER GIN&TON 0.25L,90404684,BEEFEATER,0.25 l,ko,2.65,10.6,,,2.49,5000299618431,PIĆE
LEDENI ČAJ JANA BRESKVA ZERO 0.5L,90887119,JANA,0.50 l,ko,1.05,2.1,,,1.05,3856028506294,PIĆE
RAKIJA TRAVARICA MARASKA 1 L,90874930,MARASKA,1.00 l,ko,12.49,12.49,,,12.49,3850158302108,PIĆE
PIĆE NEGAZ ALOE V LOTTE GROŽĐE 0.5L,90407095,LOTTE,0.50 l,ko,1.75,3.5,,,1.75,8801056039660,PIĆE
GAZ PIĆE PARTY COLA 2L,90183986,PARTY,2.00 l,ko,1.09,0.55,,,1.09,3850334542694,PIĆE
VINO DINGAČ 0.75L VRH SKARAMUČA,03022797,SKARAMUČA,0.75 l,ko,14.89,19.85,,,14.89,3859888214019,PIĆE
VINO GRAŠEVINA JAKOVAC VRH 0.75L,90669334,JAKOVAC,0.75 l,ko,10.05,13.4,,,10.05,3857500058935,PIĆE
PRAŠK. NAPITAK MOJ DAN NARANČA 1000g,90662927,MOJ DAN,1.00 kg,ko,4.25,4.25,,,4.25,8605028604579,PIĆE
VINO JERUZALEM ORMOŽ RUMENI MUŠKAT 0.75L,90341511,JERUZALEM,0.75 l,ko,7.99,10.65,,,7.99,3830078701809,PIĆE
STOCK 84 0.7L,03070711,STOCK,0.70 l,ko,15.05,21.5,,,15.05,8000440396390,PIĆE
RUM HAVANA CLUB 0.7L 3 YO,90498211,HAVANA,0.70 l,ko,16.99,24.27,,,16.55,8501110088831,PIĆE
CEDEVITA LIMUN I BAZGA 200G,90171656,CEDEVITA,0.20 kg,ko,2.19,10.95,,,2.09,3850322009871,PIĆE
RAKIJA VILIJAMOVKA S KRUŠKOM 0.7L,90147699,ĆOSIĆ,0.70 l,ko,40.05,57.21,,,40.05,3857500027931,PIĆE
CIDER SOMERBY 0.0% JAG LIM 0.33L NB,90770584,SOMERSBY,0.33 l,ko,1.65,5,,,1.65,3858887584383,PIĆE
VINO MERLOT TOUCH 3L BIB,90770052,TOUCH,3.00 l,ko,9.39,3.13,,,9.39,3859893289163,PIĆE
CIDER SOMERSBY BOROVNICA 0.33L NB,90214670,SOMERSBY,0.33 l,ko,1.65,5,,,1.65,3858887582556,PIĆE
LIKER PELINKOVAC 28%V 0.10L MARASKA,03075004,MARASKA,0.10 l,ko,1.69,16.9,,,1.69,3850158406301,PIĆE
PIĆE GAZ T.HENRY CHERRY BLOSS 0.2 L,90462878,THOMAS HENRY,0.20 l,ko,2.19,10.95,,,2.19,4251760800096,PIĆE
CEDEVITA NARANČA 455g,90571951,CEDEVITA,0.46 kg,ko,4.39,9.65,,,3.95,3850322014882,PIĆE
PIVO GRIMBERGEN BLONDE 0.33 l OW,90183858,GRIMBERGEN,0.33 l,ko,2.25,6.82,,,2.25,3858887585489,PIĆE
LIP BALM K PLUS OLEA SOFT 4.5g,06584117,OLEA,0.01 kg,ko,0.99,220,,,0.99,3850334450081,KOZMETIKA
ŠAMPON SCHAUMA REP I CARE 750ml,90669370,SCHAUMA,0.75 l,ko,7.99,10.65,,,7.99,9000101681246,KOZMETIKA
LABELLO SUN PROTECT SF30 4.8g,06592249,LABELLO,0.01 kg,ko,4.59,956.25,,,4.59,4006000077963,KOZMETIKA
PATRONE Ž GILL VENUS BREEZE,06560935,VENUS,1.00 ko,ko,19.19,19.19,,,19.19,7702018886364,KOZMETIKA
ZP SENSOD WHITENING 75ML 0706,06511267,SENSODYNE,0.08 l,ko,5.95,79.33,,,5.55,5054563232908,KOZMETIKA
KREMA LOREAL DE HYALUR  NOĆNA 50ml,90483540,LOREAL,0.05 l,ko,9.99,199.8,,,9.99,3600523775644,KOZMETIKA
GEL GOT2B GLUED 150ml,90403238,GOT2B,0.15 l,ko,7.99,53.27,,,7.99,9000100366526,KOZMETIKA
VODICA ZA USTA LISTERINE COOL 500ml,06530635,LISTERINE,0.50 l,ko,6.49,12.98,,,6.29,5010123703585,KOZMETIKA
LIP BALM MELEM 4.5g,06588115,MELEM,0.01 kg,ko,3.99,886.67,,,3.89,3856007902840,KOZMETIKA
SAPUN PALM OS KAMIL&VIT 90g,90031242,PALMOLIVE,0.09 kg,ko,1.49,16.56,,,1.39,8693495033770,KOZMETIKA
LAK ZA KOSU INTESA EXTRA STRONG HOLD 500ML,90169692,INTESA,0.50 l,ko,4.55,9.1,,,4.29,8003510020560,KOZMETIKA
MARAMICE K PLUS OLEA NORM 25/1,06500237,OLEA,25.00 ko,ko,0.99,0.04,,,0.99,3850334520142,KOZMETIKA
KREMA NIVEA REPAIR&CARE UREA 400 ml,90850401,NIVEA,0.40 l,ko,,21.13,8.45,12.09,12.09,9005800385587,KOZMETIKA
MARAMICE NIVEA VIS SUHA/OSJ 25 KOM,06506384,NIVEA,25.00 ko,ko,,0.14,3.45,5.29,5.29,9005800305783,KOZMETIKA
MASKA STOP EVELIN 30% UREA 75ml,90598778,EVELINE,0.08 l,ko,3.29,43.87,,,3.29,5901761967937,KOZMETIKA
LOSION NIVEA BABY 200ml,90764824,NIVEA,0.20 l,ko,5.99,29.95,,,5.99,9005800369181,KOZMETIKA
KREMA VEET SENSITIVE 200ml,90598250,VEET,0.20 l,ko,9.39,46.95,,,8.69,5997321774695,KOZMETIKA
GEL ANNYER EXTRA STRONG 100ml,06542948,ANNYER,0.10 l,ko,3.45,34.5,,,3.45,3850177007183,KOZMETIKA
LOSION TIJ NIVEA SUHA KOŽA 250ML,06591525,NIVEA,0.25 l,ko,,22.36,5.59,7.99,7.99,4006000089614,KOZMETIKA
ŠAMP GENERA KOPRIVA I EUKAL.500ml,90478235,GENERA,0.50 l,ko,2.45,4.9,,,2.29,8003693401101,KOZMETIKA
SAPUN TEK PALM AQUARIUM 300ml 3040,06510006,PALMOLIVE,0.30 l,ko,3.19,10.63,,,3.19,8003520013040,KOZMETIKA
GEL TUŠ PALM ALMOND MILK 750ml,90378115,PALMOLIVE,0.75 l,ko,6.49,8.65,,,6.49,8693495031158,KOZMETIKA
BALZAM OLIVAL KONJSKI 250ml,90115818,OLIVAL,0.25 l,ko,3.49,13.96,,,3.29,3859892751043,KOZMETIKA
PATRONE GILL MACH3 UGLJEN 5kom,90730521,GILLETTE,5.00 ko,ko,21.99,4.4,,,21.99,8700216062770,KOZMETIKA
BOJA SYOSS 3/3 TAMNO LJUBIČASTA,06544308,SYOSS,1.00 ko,ko,6.99,6.99,,,5.59,9000100632966,KOZMETIKA
ŠAMPON AFR ARGAN 950ml,90744865,AFRODITA,0.95 l,ko,5.29,5.57,,,4.79,3831070661702,KOZMETIKA
SIMPLY VENUS3 MULTICOL JEDNOKR BRIJAČI 6kom,90362777,VENUS,6.00 ko,ko,7.45,1.24,,,7.45,7702018426201,KOZMETIKA
SUHI ŠAMP NIVEA TAMN 200 ml,90885439,NIVEA,0.20 l,ko,6.79,33.95,,,6.79,9005800301556,KOZMETIKA
DEO AXE GOLD 150ml,90310917,AXE,0.15 l,ko,4.99,33.27,,,4.55,8710447249017,KOZMETIKA
MAR AFR STRAW JELLY 200 ml,90887199,AFRODITA,0.20 l,ko,17.99,89.95,,,17.99,3831070663454,KOZMETIKA
DEO FA PINK P 150ml     6228,06552447,FA,0.15 l,ko,3.99,26.6,,,3.99,3838824116204,KOZMETIKA
BOJA ZA OBRVE SYOSS CRNA,90775232,SYOSS,1.00 ko,ko,12.99,12.99,,,12.99,9000101715781,KOZMETIKA
GEL TUŠ NIVEA LEMONGRASS 500ml,90483664,NIVEA,0.50 l,ko,6.29,12.58,,,6.29,9005800307503,KOZMETIKA
ČETKICA ELMEX ZA ZUBE EXP UL SOFT,90885371,ELMEX,1.00 ko,ko,5.49,5.49,,,5.49,8718951658875,KOZMETIKA
LOSION AFRODITA RUŽMARIN 100 ml,90771138,AFRODITA,0.10 l,ko,6.99,69.9,,,6.49,3831070661931,KOZMETIKA
DEO NIVEA FRESH OCEAN ROLL ON M 50ml,90168627,NIVEA,0.05 l,ko,5.59,111.8,,,5.59,42277903,KOZMETIKA
GEL TUŠ FA MYSTIC MOM 250ml,06521094,FA,0.25 l,ko,2.79,11.16,,,2.79,9000100634007,KOZMETIKA
DEO DOVE Ž KOKOS JASMIN 150 ml,90885176,DOVE,0.15 l,ko,5.35,35.67,,,5.35,8720181291487,KOZMETIKA
BOJA EXCELLENCE 7,90154963,LOREAL EXCELLANCE,1.00 ko,ko,8.99,8.99,,,8.99,3600523724888,KOZMETIKA
KREMA ZA RUKE NEUTROGENA BR UPIJ 75,06594389,NEUTROGENA,0.08 l,ko,4.89,65.2,,,4.89,3574660239829,KOZMETIKA
REGENER MELEM ULT BRILLIANCE 200 ml,90850549,MELEM,0.20 l,ko,7.99,39.95,,,7.99,3856007912399,KOZMETIKA
ZP AQF ACTIVE FRESH 125ml,90571573,AQUAFRESH,0.13 l,ko,2.99,23.92,,,2.99,5054563200686,KOZMETIKA
ZP KALODONT HERBAL 75 ml,90051201,KALODONT,0.08 l,ko,1.59,21.2,,,1.39,3850105142764,KOZMETIKA
ŠAMPON NIVEA BABY BLAGI 200ml,90764812,NIVEA,0.20 l,ko,4.69,23.45,,,4.69,9005800369075,KOZMETIKA
ČETKICA ORAL B PRO SENS ADV.,90885803,ORAL B,1.00 ko,ko,4.49,4.49,,,4.49,8700216448987,KOZMETIKA
SAPUN TEK L'ANGELICA PURIF  1L,90572260,L ANGELICA,1.00 l,ko,,2.49,2.49,3.55,3.55,8017331077016,KOZMETIKA
KREMA J&J BABY 100 ml,90874811,J&J,0.10 l,ko,4.79,47.9,,,4.79,3574661844107,KOZMETIKA
ŠAMPON H&S M OLD SPICE 330 ml,90771195,HEAD&SHOULDE,0.33 l,ko,6.69,20.27,,,6.69,8700216305235,KOZMETIKA
ZP PARODONT WHITENING 75ML,06530945,PARODONTAX,0.08 l,ko,5.95,79.33,,,5.55,5054563949141,KOZMETIKA
ZP KALODONT ZEOLIT 75ml,90571781,KALODONT,0.08 l,ko,1.79,23.87,,,1.79,3850105178558,KOZMETIKA
GEL TUŠ L'ANGELICA TON BOOST 500 ml,90774659,L ANGELICA,0.50 l,ko,3.25,6.5,,,3.25,8017331096727,KOZMETIKA
PATRONE GILL FUS PROGL POW 4/1,06562168,GILLETTE,4.00 ko,ko,31.39,7.85,,,31.39,7702018085576,KOZMETIKA
BOJA ZA OBRVE SYOSS TAMNO SMEĐA,90775236,SYOSS,1.00 ko,ko,12.99,12.99,,,12.99,9000101715866,KOZMETIKA
ŠAMPON H&S MENTHOL 400ml,90114732,HEAD&SHOULDE,0.40 l,ko,6.69,16.73,,,6.69,5011321336094,KOZMETIKA
BOJA CASTING CR GLOSS 550 ACAJO,06540746,LOREAL CASTING CREME GLOSS,1.00 ko,ko,7.99,7.99,,,7.99,3600521372784,KOZMETIKA
DEO AXE BLACK NIGHT 150ML,90214818,AXE,0.15 l,ko,4.99,33.27,,,4.55,8710908052040,KOZMETIKA
ČETKICA COLG ZIG ZAG CHARC 3PACK,90478580,COLGATE,1.00 ko,ko,5.69,5.69,,,5.69,8718951305212,KOZMETIKA
ZP SIGNAL NAT CHARC 75ml,90362758,SIGNAL,0.08 l,ko,3.29,43.87,,,3.29,8710522417379,KOZMETIKA
ZP ORAL B PROEXPERT PROTECT 75ml,90729766,ORAL B,0.08 l,ko,4.39,58.53,,,4.39,8700216106863,KOZMETIKA
ZP COLGATE AD WHITE CHARCOAL 2X75 ml,90775306,COLGATE,0.15 l,ko,,30.6,4.59,5.39,5.09,8718951589117,KOZMETIKA
LIP BALM K PLUS OLEA SHINE 4.8g,90044411,OLEA,0.01 kg,ko,1.09,227.08,,,1.09,3850334450067,KOZMETIKA
DEO REXONA CLEAR INVISIBLE DIAMOND 150ml,90056115,REXONA,0.15 l,ko,4.75,31.66,,,4.75,8712561319409,KOZMETIKA
KREMA AMB SOL SPF50 40 ml,90887203,GARNIER AMBRE SOLAIR,0.04 l,ko,15.99,399.75,,,15.99,3600542297813,KOZMETIKA
KREMA NIVEA SUN SPF50+ 100 ml,90887289,NIVEA,0.10 l,ko,10.69,106.9,,,10.69,42361114,KOZMETIKA
GEL TUŠ AFR JOJOBA OIL 250ml,90059755,AFRODITA,0.25 l,ko,2.99,11.96,,,2.99,3831070650126,KOZMETIKA
ULJE OLIVAL ZA KOSU AVOKADO 60ML,06540720,OLIVAL,0.06 l,ko,5.49,91.5,,,4.99,3859888345072,KOZMETIKA
LOSION NIV SUN F50+ 200ML,06592242,NIVEA,0.20 l,ko,19.99,99.95,,,19.99,4005808430208,KOZMETIKA
ŠAMPON ELSEVE COLOR VIVE 400ml,90051819,LOREAL ELSEVE,0.40 l,ko,5.99,14.98,,,5.99,3600522069829,KOZMETIKA
GEL ČIŠĆ GARNIER PURE HYDRA 250 ml,90774649,GARNIER,0.25 l,ko,6.99,27.96,,,6.99,3600542488099,KOZMETIKA
LIP BALM MELEM RUŽA 4.5g,90324489,MELEM,1.00 ko,ko,3.99,3.99,,,3.79,3856007905773,KOZMETIKA
ROLL ON LACTOVIT SENSITIVE 50 ml,90885252,LACTOVIT,0.05 l,ko,3.95,79,,,3.95,8411135353435,KOZMETIKA
GEL TUŠ K PLUS OLEA BADEM 300ml,90089137,OLEA,0.30 l,ko,1.19,3.97,,,1.19,3850334103406,KOZMETIKA
DEO OLDSPICE ANITPERSP SPR ORIGINAL 150ml,90312078,OLD SPICE,0.15 l,ko,4.99,33.27,,,4.99,4084500479784,KOZMETIKA
BOJA COMPLETE CC B98SREBRNA SET,90165402,ANNYER,1.00 ko,ko,3.99,3.99,,,3.99,3850177007794,KOZMETIKA
KREMA OLEA UNIVERZALNA 300ml,90735113,OLEA,0.30 l,ko,1.75,5.83,,,1.75,3850334100122,KOZMETIKA
ROLL ON GARNIER MIN ACTI CONTR 50ml,06551827,GARNIER,0.05 l,ko,4.99,99.8,,,4.99,3600540928870,KOZMETIKA
DEO DOVE EXTRA FRESH 150ml,90715121,DOVE,0.15 l,ko,5.35,35.67,,,5.35,8720181284397,KOZMETIKA
KREMA NIVEA CARE HRANJIVA 200ML,90213320,NIVEA,0.20 l,ko,,29.25,5.85,8.39,8.39,42269830,KOZMETIKA
DEO BOROT SPR ACT SEA SAL 150ml,90365953,BOROTALCO,0.15 l,ko,,19.93,2.99,4.69,3.99,8002410043594,KOZMETIKA
KREMA EVELINE LIFT BOOSTER 40+ 50 ml,90774885,EVELINE,0.04 l,ko,7.15,178.75,,,7.15,5903416062486,KOZMETIKA
DEO MADLENE WONDER 75ml,90598969,MADLENE,1.00 ko,ko,1.99,1.99,,,1.99,5997001715130,KOZMETIKA
REGENERATOR BOTANIC THERAPY RICINUS 200ml,90310804,BOTANIC THERAPY,0.20 l,ko,3.59,17.95,,,3.59,3600542114448,KOZMETIKA
BOJA PALETTE ICC N1 CRNA,06540410,PALETTE ICC,1.00 ko,ko,5.49,5.49,,,3.49,3838824159416,KOZMETIKA
KREMA BRIJ PALMOLIVE CLASSIC 65g,90599465,PALMOLIVE,0.07 kg,ko,3.29,50.62,,,3.19,8714789442440,KOZMETIKA
GEL ZA TUŠIRANJE OLDSPICE WHITEWATER 400ml,90298838,OLD SPICE,0.40 l,ko,4.99,12.48,,,4.99,8700216856812,KOZMETIKA
BOJA EXCELLENCE 6.41 NAT HAZELNUT,90729882,LOREAL EXCELLANCE,1.00 ko,ko,8.99,8.99,,,8.99,3600524143596,KOZMETIKA
MLIJEKO TIJ OLEA RICH 500ml,90735096,OLEA,0.50 l,ko,1.99,3.98,,,1.99,3850334100085,KOZMETIKA
GEL TUŠ J&J ADULT NAR 400 ml,90765113,J&J,0.40 l,ko,4.29,10.73,,,4.09,3574661093956,KOZMETIKA
GEL TUŠ K PLUS OLEA KOK/VAN 300ml,06524213,OLEA,0.30 l,ko,1.19,3.97,,,1.19,3850334103130,KOZMETIKA
SET BIOB GENTLEM SG+JAJOPER+ROLL ON,90673336,BIOBAZA,1.00 ko,ko,9.99,9.99,,,9.99,3856020911188,KOZMETIKA
BOJA COL SENSAT 8,90032869,GARNIER COL SENSATION,1.00 ko,ko,5.29,5.29,,,5.29,3600541136090,KOZMETIKA
PJENA GILL SENSITIVE 300ml,90031299,GILLETTE,0.20 l,ko,2.89,14.45,,,2.89,7702018617234,KOZMETIKA
ULJE MELEM BABY DJ 150ml,90437963,MELEM,0.15 l,ko,4.45,29.67,,,4.29,3856007908125,KOZMETIKA
SAPUN TEK PALM DUOPA AQUA 500ml,90571859,PALMOLIVE,0.50 l,ko,3.19,6.38,,,3.19,8714789510309,KOZMETIKA
ZP AQF ACTIVE WHITE 125ml,90311863,AQUAFRESH,0.13 l,ko,2.99,23.92,,,2.99,5054563204097,KOZMETIKA
GEL TUŠ DOVE W NOUR SILK XXL 400 ml,90775081,DOVE,0.40 l,ko,7.49,18.73,,,7.49,8720181457449,KOZMETIKA
ŠAMPON H&S 2IN1 CLASSIC CLEAN 330 ml,90771180,HEAD&SHOULDE,0.33 l,ko,6.69,20.27,,,6.69,8700216157919,KOZMETIKA
SUHI ŠAMPON NIVEA SR SVIJ KO 200 ml,90885435,NIVEA,0.20 l,ko,6.79,33.95,,,6.79,9005800301549,KOZMETIKA
ZP SENSOD REPAIR&PROTECT 75ML,06531332,SENSODYNE,0.08 l,ko,7.45,99.33,,,6.99,5054563233844,KOZMETIKA
ČETKICA CURAPROX CS 5460 ULTRA SOFT,90332148,CURAPROX,1.00 ko,ko,5.99,5.99,,,5.99,7612412423143,KOZMETIKA
SAPUN TEK LABPRO DEZ 500ml,90406520,LABPRO,0.50 l,ko,3.09,6.18,,,3.09,3850111755156,KOZMETIKA
DEO SPRAY NIVEA FRESH ROSE 150ml,90478487,NIVEA,0.15 l,ko,5.39,35.93,,,3.99,9005800341262,KOZMETIKA
LOSION TIJ NEUTROG JAK SUH KOŽA 400ml,90380269,NEUTROGENA,0.40 l,ko,9.49,23.73,,,9.09,3574661098937,KOZMETIKA
ZP SIGNAL DAILY WHITE 125ml,90214859,SIGNAL,0.13 l,ko,2.99,23.92,,,2.99,5900300349388,KOZMETIKA
DEO SPREJ DENIM 150ml ORIG 6026,06551375,DENIM BRAND,0.15 l,ko,3.59,23.93,,,3.59,8008970004402,KOZMETIKA
DET WEISSER RIESE UNIV 80TAB,90774736,WEISSER RIESE,80.00 ko,ko,17.99,0.22,,,18.99,4015200036014,SREDSTVA ZA ČIŠĆENJE
DET WEISSER RIE GEL ORCH 4.5L 100PR,90713673,WEISSER RIESE,4.50 l,ko,17.99,4,,,18.99,9000101563870,SREDSTVA ZA ČIŠĆENJE
ARF STAKLO CITRUS 650 ml,90627895,ARF,0.65 l,ko,,2.45,1.59,1.49,1.49,3850105181077,SREDSTVA ZA ČIŠĆENJE
OM ECOVER JABUKA&BADEM 750ml,90600506,ECOVER,0.75 l,ko,3.29,4.39,,,3.19,5000204247008,SREDSTVA ZA ČIŠĆENJE
CILLIT BANG UKLANJANJE PLIJES 750ML,90268273,CILLIT,0.75 l,ko,6.69,8.92,,,6.69,5900627067309,SREDSTVA ZA ČIŠĆENJE
AJAX BATHROOM TRIGG 750ml,90377110,AJAX,0.75 l,ko,3.99,5.32,,,3.99,8718951293052,SREDSTVA ZA ČIŠĆENJE
OM DUEL BABY CARE 1.6 L,90895392,DUEL,1.60 l,ko,4.99,3.12,,,4.99,8606015846927,SREDSTVA ZA ČIŠĆENJE
DET MERI MERINO BLACK 900ml,90568144,MERI MERINO,0.90 l,ko,4.09,4.54,,,3.39,3850111105753,SREDSTVA ZA ČIŠĆENJE
MR MUSCLE ODČEP 500ml,90785383,MR MUSCOLO,0.50 l,ko,4.39,8.78,,,4.19,5000204316155,SREDSTVA ZA ČIŠĆENJE
VIKING SAILOR KAMENAC 750 ml,90899736,VIKING,0.75 l,ko,,1.99,1.49,1.99,1.99,8692900631013,SREDSTVA ZA ČIŠĆENJE
SRED DAX NAMJEŠTAJ 500ml,90373502,DAX,0.50 l,ko,1.72,3.44,,,1.72,3850334544179,SREDSTVA ZA ČIŠĆENJE
ČIST ZA PERILICU POSUĐ DR BECKM 100g,90785407,BECKMANN,0.10 kg,ko,2.89,28.9,,,2.89,4008455583815,SREDSTVA ZA ČIŠĆENJE
FROSCH UNIV CLASSIC 1L,08034448,FROSCH,1.00 l,ko,,2.16,2.16,3.09,3.09,4009175138965,SREDSTVA ZA ČIŠĆENJE
DET MERI MERINO BLACK 2.7L,90428093,MERI MERINO,2.70 l,ko,,1.81,4.89,9.99,9.29,3850111105784,SREDSTVA ZA ČIŠĆENJE
DET FAKS AQUAMARINE 6.5 kg=100PR,90900311,FAKS,6.50 kg,ko,16.69,2.57,,,16.69,3850105190253,SREDSTVA ZA ČIŠĆENJE
LIKVI SUPREME AIO 67TAB,90825982,LIKVI,66.98 ko,ko,23.99,0.36,,,26.99,3850105187130,SREDSTVA ZA ČIŠĆENJE
SPREJ ZA OTKL MRLJA DR BECKMANN 250ml,90147992,BECKMANN,0.25 l,ko,3.69,14.76,,,3.69,4008455572215,SREDSTVA ZA ČIŠĆENJE
DOMINOL PLASTIK 1L,08041197,DOMINOL,1.00 l,ko,7.7,7.7,,,7.7,3850145462006,SREDSTVA ZA ČIŠĆENJE
DET ARIEL COLOR 2.7 L=60 PR,90886406,ARIEL,2.70 l,ko,25.49,9.44,,,25.49,8700216690829,SREDSTVA ZA ČIŠĆENJE
TAB FINISH QUANTUM ULTIMATE REG 60,90487087,FINISH ADW,60.02 ko,ko,24.49,0.41,,,24.49,5908252001217,SREDSTVA ZA ČIŠĆENJE
CILLIT BANG SP KAM 750ML,08030144,CILLIT,0.75 l,ko,6.69,8.92,,,6.69,5997321740690,SREDSTVA ZA ČIŠĆENJE
OM SILAN ROSE 1.1L,90744973,SILAN,1.10 l,ko,2,1.82,,,2.79,9000101800913,SREDSTVA ZA ČIŠĆENJE
ORNEL GOLDEN DREAM 1.6L,90603152,ORNEL,1.60 l,ko,4.59,2.87,,,3.99,3850105182104,SREDSTVA ZA ČIŠĆENJE
DET DAX ACTIVE 3.75 kg 50PR,90894661,DAX,3.75 kg,ko,,1.2,4.49,6.99,6.99,3850334432810,SREDSTVA ZA ČIŠĆENJE
SOMAT GOLD 60TAB,90785202,SOMAT,60.02 ko,ko,15,0.25,,,25.99,9000101808933,SREDSTVA ZA ČIŠĆENJE
KH-7 ODMAŠČIVAĆ 750ML,08035824,KH-7,0.75 l,ko,4.99,6.65,,,4.45,8420822115065,SREDSTVA ZA ČIŠĆENJE
OM ORNEL WISH 1.6 L,90899756,ORNEL,1.60 l,ko,5.09,3.18,,,5.09,3850105189448,SREDSTVA ZA ČIŠĆENJE
VANISH LIQ WHITE 1L,90362952,VANISH,1.00 l,ko,,6.54,6.54,8.19,8.19,5999109563156,SREDSTVA ZA ČIŠĆENJE
OM SILAN FRESH SKY 880ml,90713167,SILAN,0.88 l,ko,1,1.14,,,3.65,9000101581195,SREDSTVA ZA ČIŠĆENJE
DET WEISSER RIE COLOR ORCH 40tab,90698978,WEISSER RIESE,40.00 ko,ko,16.99,0.42,,,16.99,9000101802375,SREDSTVA ZA ČIŠĆENJE
DET ECOVER KAMILICA&KLEMENTINA 450ml,90600518,ECOVER,0.45 l,ko,2.49,5.53,,,2.39,5000204246223,SREDSTVA ZA ČIŠĆENJE
DET PUR CHEF LEMON 1.2L,90402970,PUR,1.20 l,ko,4.79,3.99,,,4.79,9000101386295,SREDSTVA ZA ČIŠĆENJE
CILLIT LIME&RUST 450ML  1013,08030017,CILLIT,0.45 l,ko,4.59,10.2,,,4.59,5999109510938,SREDSTVA ZA ČIŠĆENJE
DET NILA MY SENSUAL BLACK 2.7L,90404638,NILA,2.70 l,ko,9.29,3.44,,,9.29,3850105169631,SREDSTVA ZA ČIŠĆENJE
OM LENOR ORCHID 925ml,90703542,LENOR,0.93 l,ko,3,3.24,,,3,8006540901779,SREDSTVA ZA ČIŠĆENJE
DAX ODSTR MRLJA OXI PLUS 500G,90212685,DAX,0.50 kg,ko,2.65,5.3,,,2.65,3850334571519,SREDSTVA ZA ČIŠĆENJE
OM SILAN MALDIVES 1.1 L,90810334,SILAN,1.10 l,ko,,2.72,2.99,5.65,2.79,9000101800852,SREDSTVA ZA ČIŠĆENJE
WC GEL DAX CITRUS 1L,90307565,DAX,1.00 l,ko,1.64,1.64,,,1.64,3850334350770,SREDSTVA ZA ČIŠĆENJE
DET ARIEL EX STAIN REMOV 1.8 L=40 PR,90886436,ARIEL,1.80 l,ko,15,8.33,,,21.99,8700216691093,SREDSTVA ZA ČIŠĆENJE
SOMAT GEL EXCELLENCE LEMON 2X684 ml,90826096,SOMAT,1.37 l,ko,28.99,21.19,,,14.49,9000101819229,SREDSTVA ZA ČIŠĆENJE
DET ARIEL MOUNTAIN SPRING 60TAB,90886585,ARIEL,60.02 ko,ko,20.99,0.35,,,20.99,8700216765145,SREDSTVA ZA ČIŠĆENJE
PERLICE LENOR SPRING AWAK 195 g,90886315,LENOR,0.20 kg,ko,,20.46,3.99,7.39,7.39,8700216708418,SREDSTVA ZA ČIŠĆENJE
SRED ZA POD VIOLETA PASSION FLOWER 1L,90362807,VIOLETA,1.00 l,ko,2.98,2.98,,,2.98,3870128017238,SREDSTVA ZA ČIŠĆENJE
DET ARIEL EXTRA CLEAN 10 TAB,90662821,ARIEL,10.00 ko,ko,5,0.5,,,7,8001090803412,SREDSTVA ZA ČIŠĆENJE
THE PINK STUFF PASTA 850 g,90789825,THE PINK STUFF,0.85 kg,ko,5.55,6.53,,,5.55,5060033821114,SREDSTVA ZA ČIŠĆENJE
DET JAR LEMON 450ML,90232306,JAR HDW,0.45 l,ko,,4.42,1.99,1.99,2.39,4015400922407,SREDSTVA ZA ČIŠĆENJE
DET ARIEL MSPRING 4.4kg=80PR,90712800,ARIEL,4.40 kg,ko,18.99,4.32,,,20.99,8006540940150,SREDSTVA ZA ČIŠĆENJE
SJAJILO FINISH S&D REGULAR 400ML,08011905,FINISH ADW,0.40 l,ko,4.11,10.28,,,4.11,5999109581938,SREDSTVA ZA ČIŠĆENJE
DET ARIEL SENSITIVE 1.125 L=25 PR,90886414,ARIEL,1.13 l,ko,,7.99,8.99,13.99,13.99,8700216691697,SREDSTVA ZA ČIŠĆENJE
ŠTAPIĆI LOLI PAPIRNATI VATENI 300/1,90486077,LOLI,300.30 ko,ko,2.65,0.01,,,2.65,3858890794793,TOALETNE POTREPŠTINE
ŠTAPIĆI BIORAZG SEPTONA BABY 50/1,90765160,SEPTONA,50.00 ko,ko,,0.02,0.78,0.99,0.99,5201410665024,TOALETNE POTREPŠTINE
HIG UL VIOLETA COTTON SUPER+ 20/1,90152822,VIOLETA,20.00 ko,ko,,0.1,1.99,1.99,2.65,3870128040830,TOALETNE POTREPŠTINE
HIG UL LIBRESSE MAXI SUP CLIP 9,06502162,LIBRESSE,9.00 ko,ko,2.25,0.25,,,2.25,7322540591927,TOALETNE POTREPŠTINE
BLAZINICE NIVEA VIS 80/1,06500021,NIVEA,80.00 ko,ko,,0.02,1.95,2.99,2.99,9005800046334,TOALETNE POTREPŠTINE
VL MARAMICE BECUTAN 99% WATER 56/1,90764659,BECUTAN,56.02 ko,ko,2.39,0.04,,,2.39,5310001253936,TOALETNE POTREPŠTINE
DN UL LIBRESSE EXTRA NORMAL 32/1,06500150,LIBRESSE,32.00 ko,ko,1.95,0.06,,,1.95,7322541195315,TOALETNE POTREPŠTINE
DN UL VIOLETA KANTARION SENSITIVE 50/1,90402168,VIOLETA,50.00 ko,ko,,0.04,1.99,1.99,2.65,3870128007031,TOALETNE POTREPŠTINE
PODL ZA PRESVL LUMPI 60X60CM 10/1,90215258,LUMPI,10.00 ko,ko,,0.27,2.65,3.55,3.55,3850334563187,TOALETNE POTREPŠTINE
PEL VIOL COT PREM MAXI 4 58/1,90603236,VIOLETA,58.01 ko,ko,17.85,0.31,,,17.85,3870128031616,TOALETNE POTREPŠTINE
BLAZINICE VATE PERFORIRANE TO.TO 60/1,90312147,TOTO,60.02 ko,ko,2.99,0.05,,,2.99,3838985882109,TOALETNE POTREPŠTINE
VATA HIG LOLA 100g 1702  0022,06501257,LOLA,0.10 kg,ko,2.05,20.5,,,2.05,3858881100022,TOALETNE POTREPŠTINE
VL MARAMICE BECUTAN 72/1,06600292,BECUTAN,71.99 ko,ko,2.25,0.03,,,2.25,5310001910730,TOALETNE POTREPŠTINE
HIG UL NAT CLASSIC NORMAL 18/1,90732961,NATURELLA,18.00 ko,ko,2.39,0.13,,,2.39,8001090850638,TOALETNE POTREPŠTINE
VL MAR VIOLETA SENS BADEM 56/1,90072532,VIOLETA,55.99 ko,ko,1.85,0.03,,,1.85,3870128006690,TOALETNE POTREPŠTINE
VL MARAMICE PAMPERS SENS 5X52,90674544,PAMPERS,260.42 ko,ko,7.85,0.03,,,7.85,8001841062792,TOALETNE POTREPŠTINE
TP VIOLETA PURE&STRONG 10/1 3SL,90188389,VIOLETA,10.00 ko,ko,2.99,0.3,,,2.99,3859892288761,TOALETNE POTREPŠTINE
HANSAPLAST UNIVERZ 20/1 9427,06621161,HANSAPLAST,20.00 ko,ko,2.99,0.15,,,2.99,4005800239427,TOALETNE POTREPŠTINE
PODL ZA PRESVLAČENJE VIOLETA 10/1,90153456,VIOLETA,10.00 ko,ko,4.65,0.47,,,4.65,3870128006485,TOALETNE POTREPŠTINE
ŠTAPIĆI ZA UŠI BIODEG 160/1 SEPTONA,90770569,SEPTONA,160.00 ko,ko,1.49,0.01,,,1.49,5201410660982,TOALETNE POTREPŠTINE
HIG UL VIOLETA AIR FIT NORMAL 20/1,90409470,VIOLETA,20.00 ko,ko,,0.1,1.99,1.99,2.65,3870128040922,TOALETNE POTREPŠTINE
FLASTER HANSAPLAST MARVEL 20/1,90402986,HANSAPLAST,20.00 ko,ko,2.89,0.14,,,2.89,4005900717672,TOALETNE POTREPŠTINE
BLAZINICE LOLETE SENSITIVE 85/1,06500022,LOLETE,85.03 ko,ko,1.39,0.02,,,1.39,3858881100244,TOALETNE POTREPŠTINE
HIG UL ALWAYS PLAT NORMAL 30/1,90879962,ALWAYS P&G,30.00 ko,ko,5.45,0.18,,,5.45,8001841913803,TOALETNE POTREPŠTINE
HIG UL LIBRESSE CLASSIC NORM 20/1,90093297,LIBRESSE,20.00 ko,ko,1.55,0.08,,,1.55,7322540063547,TOALETNE POTREPŠTINE
PAP RUPČIĆI NATUR 3SL 10/1,90189770,NATUR,10.00 ko,ko,0.99,0.1,,,0.99,3838900965627,TOALETNE POTREPŠTINE
PEL GAĆ VIOL AD MAXI 5 48/1,90622980,VIOLETA,0.50 ko,ko,15.93,31.86,,,15.93,3870128031807,TOALETNE POTREPŠTINE
PELENE GAĆ PAMPERS JP S7 42/1,90874769,PAMPERS,1.00 ko,ko,25.89,25.89,,,25.89,8700216341639,TOALETNE POTREPŠTINE
PEL LUMPI JUNIOR 5 44/1,90370154,LUMPI,44.01 ko,ko,7.17,0.16,,,7.17,3850334153548,TOALETNE POTREPŠTINE
ŠTAPIĆI ZA UŠI BIOR OLEA 300/1,90518243,OLEA,300.30 ko,ko,1.05,0,,,1.05,8605002353226,TOALETNE POTREPŠTINE
FLASTERI C&C KIDS 15/1 SEPTONA,90769937,SEPTONA,15.00 ko,ko,1.35,0.09,,,1.35,5201410003093,TOALETNE POTREPŠTINE
ŠTAPIĆI LOLI PAPIRNATI VATENI 100/1,90486969,LOLI,100.00 ko,ko,1.65,0.02,,,1.65,3858890795202,TOALETNE POTREPŠTINE
VL MARAMICE HIGI 3X 72/1 XXL,90503144,HIGI,72.05 ko,ko,2.09,0.03,,,2.29,3870128028470,TOALETNE POTREPŠTINE
VL MARAM PAMPERS HARM AQA 3X48,90622756,PAMPERS,144.09 ko,ko,8.89,0.06,,,8.89,8006540458525,TOALETNE POTREPŠTINE
PEL LUMPI PREM JUMBO MAXI 4 84/1,90593524,LUMPI,84.03 ko,ko,10.99,0.13,,,10.99,3850334001122,TOALETNE POTREPŠTINE
HIG UL ALWAYS UL REG WING LIGHT 40/1,90668669,ALWAYS P&G,40.00 ko,ko,5.44,0.14,,,5.44,8700216171342,TOALETNE POTREPŠTINE
DN ULOŠCI CAREFREE FRESH 76/1,90057887,CAREFREE,75.99 ko,ko,3.89,0.05,,,3.79,3574660464429,TOALETNE POTREPŠTINE
DN UL NATURELLA NORMAL TRIO 52/1,90308104,NATURELLA,52.00 ko,ko,2.98,0.06,,,2.98,8001090604040,TOALETNE POTREPŠTINE
CHILLY DELICATE MARAMICE 12/1,90769705,CHILLY,12.00 ko,ko,2.99,0.25,,,2.99,8002410034509,TOALETNE POTREPŠTINE
PEL GAĆ PAMP JUNIOR JP 48/1,90167387,PAMPERS,48.01 ko,ko,,0.31,14.99,21.63,21.63,8006540069325,TOALETNE POTREPŠTINE
ŠTAPIĆI ZA UŠI BIOR OLEA REFIL 160/1,90518246,OLEA,160.00 ko,ko,0.65,0,,,0.65,8605002353219,TOALETNE POTREPŠTINE
HIG UL ALWAYS ULT SEC NIGHT 24/1,90599154,ALWAYS P&G,24.00 ko,ko,5.44,0.23,,,5.44,8006540093764,TOALETNE POTREPŠTINE
PAP RUPČIĆI NATUR 4SL 30/1,90190388,NATUR,29.99 ko,ko,,0.08,2.49,3.32,3.32,3838900965634,TOALETNE POTREPŠTINE
PAP RUPČ LUMPI KUTIJA 3SL 60/1,90190722,LUMPI,59.99 ko,ko,,0.02,1.19,1.86,1.86,3838900976661,TOALETNE POTREPŠTINE
PEL GAĆ PAMPERS NIGHT S6 19/1,90568120,PAMPERS,19.00 ko,ko,11.28,0.59,,,11.28,8006540234761,TOALETNE POTREPŠTINE
VATA HIG LOLA 50g 1701       0015,06501244,LOLA,0.05 kg,ko,1.29,25.8,,,1.29,3858881100015,TOALETNE POTREPŠTINE
TP PALOMA CLASSIC 3SL 10/1,90637879,PALOMA,10.00 ko,ko,1.75,0.18,,,1.75,3838952023740,TOALETNE POTREPŠTINE
HIG UL ALWAYS ULT EXT NIGHT DUO 12/1,90084078,ALWAYS P&G,12.00 ko,ko,3,0.25,,,2.29,4015400612469,TOALETNE POTREPŠTINE
