naziv;šifra;marka;neto kolièina;jedinica mjere;MPC (EUR);cijena za jedinicu mjere (EUR);MPC za vrijeme posebnog oblika prodaje (EUR);Najniža cijena u posljednjih 30 dana (EUR);sidrena cijena na 2.5.2025. (EUR);barkod;kategorija proizvoda
NJOKI CUCINA ITALIA.1 kg ;1010;;1,0000;kg;3,69;3,69;;;3,69;8000506014107;Hrana
PUDER BECUTAN ZA DJECU 100 g;1040;Becutan;0,1000;kg;3,25;32,50;;;3,25;5310001139797;Kozmetika
ULJE BECUTAN ZA DJECU 200 ml;1041;Becutan;0,2000;L;3,89;19,45;;;3,89;5310001166380;Kozmetika
KUPKA BECUTAN ZA DJECU 200 ml;1042;Becutan;0,2000;L;3,49;17,45;;;3,49;5310001166397;Kozmetika
MLIJEK.BECUTAN ZA DJECU 200 ml;1043;Becutan;0,2000;L;3,49;17,45;;;3,49;5310001166403;Kozmetika
ŠAMPON BECUTAN ZA DJECU 200 ml;1044;Becutan;0,2000;L;3,29;16,45;;;3,29;5310001166410;Kozmetika
SAPUN BECUTAN DJEÈJI 90 g;1045;Becutan;0,0900;kg;1,15;12,78;;;1,15;5310001138004;Kozmetika
KREMA BECUTAN ZA DJECU 50 ml;1047;Becutan;0,0500;L;2,69;53,80;;;2,69;5310001146887;Kozmetika
KREMA BECUTAN ZA DJECU 100 ml;1050;Becutan;0,1000;L;3,89;38,90;;;3,89;5310001146894;Kozmetika
DRES.DEVELEY SA ZAÈ 75 ml VREÆ;1059;Develey;0,0750;L;0,79;10,53;;;0,79;4006824028219;Hrana
DRES.DEVELEY JOG 75 ml VREÆICA;1078;Develey;0,0750;l;0,79;10,53;;;0,79;4006824018111;Hrana
BRAŠNO T-1100 FARINA 1 kg;1079;;1,0000;kg;0,99;0,99;;;1,12;3859890160144;Hrana
MED MELBI LIPA 450 g;1090;Melbi;0,4500;kg;5,99;13,31;;;8,62;38502095;Hrana
MED MELBI BAGREM 450 g;1092;Melbi;0,4500;kg;7,99;17,76;;;10,61;38502125;Hrana
KR.DEZODORANTSKA LIDERA 50 ml;1104;Lidera;0,0500;L;4,09;81,80;;;3,58;3838980810121;Kozmetika
ŠEÆER SMEÐI LARA PVC 1 kg;1130;;1,0000;kg;3,99;3,99;;;3,99;3859890118145;Hrana
MED MELBI CVJETNI 450 g;1141;Melbi;0,4500;kg;5,99;13,31;;;8,22;38502002;Hrana
MASLAC BAYERNLAND 250 g ;1168;Bayernland;0,2500;kg;2,99;11,96;;;2,69;4002174000233;Hrana
JOG.VOÆ.JOGOB.CLASS.ZOTT 150 g;1187;Zott;0,1500;kg;0,69;4,60;;;0,66;4014500503646;Hrana
JOG.VOÆ.JOGOB.EXOTI.ZOTT 150 g;1188;Zott;0,1500;kg;0,75;5,00;;;0,79;4014500503684;Hrana
PIVO BUDWEISER PR. 0,5 L LIM;1205;Budweiser Budvar;0,5000;L;1,58;3,16;;;1,59;8594403709797;Piæa
LIKER JAGERMEISTER 1 L;1210;;1,0000;l;22,29;22,29;;;22,39;4067700015013;Piæa
LIKER JAGERMEISTER 0,7 L;1212;Jägermeister;0,7000;l;13,99;19,99;;;16,99;4067700015020;Piæa
SREDSTVO PERMETAL 650 ml ;1269;Permetal;0,6500;L;3,49;5,37;;;2,89;3850111753596;Sredstva za èišæenje
SPUŽVA GLITZI CRYSTAL,VILEDA;1280;;1,0000;kom;1,99;1,99;;;1,99;3838447000294;Proizvodi za kuæanstvo
NAVLAKA ZA BR.ULTRAMAX VILEDA;1323;;1,0000;kom;12,99;12,99;;;12,99;4023103201262;Proizvodi za kuæanstvo
SPUŽVA RAINBOW 10/1,VILEDA;1334;;10,0000;kom;4,29;0,43;;;4,29;4023103242944;Proizvodi za kuæanstvo
SPUŽVA PURACTIVE,2/1,VILEDA;1336;;2,0000;kom;1,99;1,00;;;2,19;4023103083943;Proizvodi za kuæanstvo
SET KRPA SPUŽ.3/1,VILEDA ;1343;;3,0000;kom;4,99;1,66;;;4,99;3838447000072;Proizvodi za kuæanstvo
RUKAVICE GRIFFIGE M,VILEDA;1364;;1,0000;kom;5,99;5,99;;;5,99;8001940003351;Proizvodi za kuæanstvo
DRŠKA ZA METLU VILEDA;1378;;1,0000;kom;5,97;5,97;;;5,97;4003790103780;Proizvodi za kuæanstvo
KAVA MLJEVENA ANAMARIA 500 g;1433;Anamarija;0,5000;kg;9,49;18,98;;;9,49;3858881770034;Piæa
KAVA ANAMARIA 250 g ;1436;Anamarija;0,2500;kg;4,99;19,96;;;4,99;3858881770027;Piæa
MOÈO SUPER 3D RESE;1459;;1,0000;kom;12,99;12,99;;;12,99;4023103072213;Proizvodi za kuæanstvo
KANTA S CJEDILOM SUPER MOÈO;1460;;1,0000;kom;24,99;24,99;;;24,99;4003790105111;Proizvodi za kuæanstvo
LOS.NIVEA VISAGE ZA ODS.125 ml;1594;Nivea;0,1250;L;8,59;68,72;;;8,59;4005900090942;Kozmetika
DEO ROLL ON NIVEA DRY CO.50 ml;1776;Nivea;0,0500;L;4,99;99,80;;;4,99;42241706;Kozmetika
DEO ROLL ON NIVEA FRESH 50 ml;1784;Nivea;0,0500;L;2,99;59,80;;;4,99;42242864;Kozmetika
CAPPUCCINO ANAMARIA 200 g;1916;Anamarija;0,2000;kg;2,49;12,45;;;2,59;3858881770447;Piæa
KREMA INTEZIV.NIVEA MEN 50 ml;1962;Nivea;0,0500;L;10,99;219,80;;;10,99;4005808789382;Kozmetika
LABELLO CLASSIC 4,8 g;1975;Labello;1,0000;kom;;1,99;1,99;2,99;2,99;9005800362861;Kozmetika
LABELLO MED REPAIR 4,8 g;1983;Labello;1,0000;kom;;1,49;1,49;1,99;3,49;9005800362908;Kozmetika
FLIPS BOBI 40 g  ;2094;Bobi;0,0400;kg;0,69;17,25;;;0,59;3858891590004;Hrana
FLIPS BOBI 90 g ;2095;Bobi;0,0900;kg;1,19;13,22;;;0,95;3858891590042;Hrana
PAŠTETA ARGETA KOKOŠJA 95 g;2110;Argeta;0,0950;kg;1,49;15,68;;;1,39;3838975567009;Hrana
HRANA ZA HRÈKE  HOBBY 500 g ;2159;Hobby;0,5000;kg;1,89;3,78;;;1,85;3838964055555;Proizvodi za kuæanstvo
HRANA ZA ZAMORCE HOBBY 500 g;2161;Hobby;0,5000;kg;1,89;3,78;;;1,85;3838964055609;Proizvodi za kuæanstvo
HRANA ZA KUNIÆE HOBBY500 g ;2162;Hobby;0,5000;kg;1,89;3,78;;;1,85;3838964109487;Proizvodi za kuæanstvo
HRANA ZA PAPIGE HOBBY 500 g;2165;Hobby;0,5000;kg;1,99;3,98;;;1,92;3838964001200;Proizvodi za kuæanstvo
HRANA ZA SREDNJE PAPIGE 500 g;2166;Hobby;0,5000;kg;1,89;3,78;;;1,85;3838964001101;Proizvodi za kuæanstvo
BLAZINICE LOLETE SENSITIV 85/1;2190;Lola;85,0000;kom;1,65;0,02;;;1,65;3858881100244;Toaletne potrepštine
ULOŠCI LOLA HIGI.SPECIJAL 10/1;2195;Lola;10,0000;kom;2,29;0,23;;;1,65;3858881100060;Toaletne potrepštine
ULOŠCI LOLA HIGIJENSKI 10/1;2198;Lola;10,0000;kom;2,29;0,23;;;1,65;3858881100053;Toaletne potrepštine
PIJESAK ZA MAÈKE CLEAN 5 kg;2216;Hobby;1,0000;kom;4,19;4,19;;;4,19;3838964112159;Proizvodi za kuæanstvo
VATA LOLA SENSITIVE 50 g;2227;Lola;0,0500;kg;1,29;25,80;;;1,19;3858881100015;Toaletne potrepštine
VATA LOLA CIK-CAK 100 g;2229;Lola;0,1000;kg;2,05;20,50;;;1,79;3858881100619;Toaletne potrepštine
VATA LOLA SENSITIVE 100 g;2230;Lola;0,1000;kg;2,09;20,90;;;1,95;3858881100022;Toaletne potrepštine
PUDER ZA TI.FELCE AZZURA 100 g;2328;Felce Azzurra;0,1000;kg;1,59;15,90;;;1,79;8001280026102;Kozmetika
KAVA BARCAFFE 100 g ;2379;Barcaffe;0,1000;kg;2,99;29,90;;;2,79;3838975531628;Piæa
PAŠTETA ARGETA KOKOŠJA 45 g;2497;Argeta;0,0450;kg;1,05;23,33;;;0,93;38381423;Hrana
PAŠTETA ARGETA JETRENA 95 g;2521;Argeta;0,0950;kg;1,49;15,68;;;1,39;3838975567030;Hrana
MIX ZA RIŽOTO ZMH 350 g ;3188;;0,3500;kg;3,39;9,69;;;3,39;3859889284042;Hrana
DAGNJE FROZY 350 g;3202;Frozy;0,3500;kg;3,49;9,97;;;3,49;3859889284301;Hrana
KOZICE OÈIŠÆENE FROZY 350 g;3209;Frozy;0,3500;kg;4,49;12,83;;;4,49;3859889284325;Hrana
PROLJETNI PRIPRAV.FROZY 350 g;3218;Frozy;0,3500;kg;3,35;9,57;;;2,99;3859889284196;Hrana
JUŠNE CROUTONS KOCKICE 100 g;3273;;0,1000;kg;1,99;19,90;;;2,19;4000186040407;Hrana
JUŠNE CROUTONS KO.ZAÈINI 100 g;3278;;0,1000;kg;2,19;21,90;;;2,19;4000186040421;Hrana
JUŠNE CROUTONS KO.LUK/ÈEŠ.100g;3284;;0,1000;kg;1,99;19,90;;;2,19;4000186040506;Hrana
PALENTA ZLATO POLJE VREÆ.450 g;3293;Zlato Polje;0,4500;kg;1,19;2,64;;;1,49;3838700540147;Hrana
PALENTA ZLATO POLJE VREÆ.250 g;3294;Zlato Polje;0,2500;kg;0,99;3,96;;;0,99;3838700540116;Hrana
TJEST.FLAVIO SPAGHETTI 500 g;3479;Flavio;0,5000;kg;1,09;2,18;;;1,09;8025202002418;Hrana
TJES.FLAVIO FUSILLI 500 g ;3483;Flavio;0,5000;kg;1,85;3,70;;;1,85;8025202002500;Hrana
TJES.FLAVIO PENNE RIGATE 500 g;3486;Flavio;0,5000;kg;1,85;3,70;;;1,85;8025202002470;Hrana
TJES.FLAVIO PIPE RIGATE 500 g;3487;Flavio;0,5000;kg;1,85;3,70;;;1,85;8025202002463;Hrana
ÈOKOLADA RIKI RIŽA ORIG.300 g;3500;Riki;0,3000;kg;5,29;17,63;;;5,29;3858881040472;Hrana
ÈOKOLADA RIKI RIŽA ORIG.200 g;3502;Riki;0,2000;kg;3,85;19,25;;;3,85;3858881040458;Hrana
ÈOKO.ZA KUH.DESSERT CHEF 100 g;3528;Kandit;0,1000;kg;2,19;21,90;;;1,99;3858881040335;Hrana
ÈOKO.ZA KUH.DESSERT CHEF 200 g;3530;Kandit;0,2000;kg;3,99;19,95;;;3,79;3858881040298;Hrana
BOMB.MENTOL ZELENI KANDI.100 g;3552;Kandit;0,1000;kg;0,85;8,50;;;0,85;3858881043466;Hrana
BRIT.WILKINSON PRON.JEDN.5/1;3599;Wilkinson;1,0000;kom;1,99;1,99;;;1,99;4027800080137;Kozmetika
BRIT.WILKINSON DUPLO JEDNO.5/1;3601;Wilkinson;1,0000;kom;2,79;2,79;;;2,99;40278063;Kozmetika
BRIJ.WILKINSON EXTRA 2 SEN.5+2;3605;Wilkinson;5,0000;kom;4,59;0,92;;;4,59;4027800348206;Kozmetika
PATRONE WILKINSON BLISTER 5/1;3607;Wilkinson;5,0000;kom;1,49;0,30;;;1,49;4027800095933;Kozmetika
ÈOK.RITTER SP.RUM-LJE.GR.100 g;3621;Ritter Sport;0,1000;kg;;19,90;1,99;2,39;1,79;4000417012005;Hrana
ÈOK.RITTER SPORT PRALINE 100 g;3626;Ritter;0,1000;kg;;19,90;1,99;2,39;1,79;4000417026002;Hrana
KEKS GRIESSON DUO KAKAO 500 g;3652;Griesson;0,5000;kg;3,69;7,38;;;3,69;4001518117170;Hrana
KEKS GRIESSON COOK.CLAS.150 g ;3715;Griesson;0,1500;kg;2,39;15,93;;;2,39;4001518116999;Hrana
OCAT ACETO BALSAM.DUOMO 250 ml;3733;;0,2500;L;3,49;13,96;;;3,49;8014347000458;Hrana
OCAT ACETO BALSAM.DUOMO 500 ml;3734;Il Torrione;0,5000;l;3,99;7,98;;;3,99;8014347000465;Hrana
BRIT.WILKINSON EXTR.2 BEA.5+2;3782;Wilkinson;5,0000;kom;4,59;0,92;;;4,59;4027800576159;Kozmetika
KAVA MLJEVENA GLORIA 500 g;3860;Gloria;0,5000;kg;;14,98;7,49;9,49;9,49;3858881088184;Piæa
KAVA GLORIA 250 g;3876;Gloria;0,2500;kg;5,09;20,36;;;5,09;3858881084872;Piæa
Peršin list rfs;3920;;1,0000;kg;5,99;5,99;;;5,99;3859891904297;Hrana
KUKURUZ ŠEÆ.BONDUELLE 170 g;3944;Bonduelle;0,1400;kg;1,23;8,79;;;1,23;3083680074094;Hrana
KUKURUZ ŠEÆ.BONDUELLE 530 g;3956;Bonduelle;0,3600;kg;2,79;7,75;;;2,79;3083680015424;Hrana
KUKURUZ ŠEÆ.BONDUELLE 670 g;3969;Bonduelle;0,5700;kg;3,89;6,82;;;3,89;3083681024258;Hrana
Poriluk rfs;3987;Vlastite potrebe;1,0000;kg;1,79;1,79;;;1,99;3858893251484;Hrana
Radiè rfs;3996;;1,0000;kg;2,49;2,49;;;4,99;3858885877265;Hrana
Luk žuti rfs;4015;Vlastite potrebe;1,0000;kg;0,84;0,84;;;0,84;3858885871041;Hrana
Rajèica rfs;4018;;1,0000;kg;1,99;1,99;;;2,49;3858885877289;Hrana
Paprika babura rfs;4025;;1,0000;kg;2,29;2,29;;;3,99;3858885876060;Hrana
Dinja rfs;4037;;1,0000;kg;1,99;1,99;;;3,49;3858893251545;Hrana
GRAŠAK BONDUELLE 200 g;4055;Bonduelle;0,1300;kg;1,65;12,69;;;1,65;3083680538404;Hrana
GRAŠAK BONDUELLE 400 g ;4057;Bonduelle;0,2650;kg;1,89;7,13;;;1,89;3083680047364;Hrana
GRAŠAK BONDUELLE 800 g;4063;Bonduelle;0,5300;kg;3,39;6,40;;;3,39;3083680004275;Hrana
GRAH BONDUELLE BIJELI 400 g;4106;Bonduelle;0,2400;kg;2,49;10,38;;;2,49;3083680001663;Hrana
ZUB.PASTA AQUAFRESH 75 ml;4126;Aquafresh;0,0750;L;2,35;31,33;;;2,19;5999518578048;Kozmetika
ZUB.PASTA AQUAFRESH 75 ml;4132;Aquafresh;0,0750;L;2,35;31,33;;;2,19;5054563198457;Kozmetika
GRAH BONDUELLE CRVENI 400 g;4134;Bonduelle;0,2400;kg;2,79;11,63;;;2,79;3083680009508;Hrana
ZUB.PAS.AQUAFRESH MILD 100 ml;4143;Aquafresh;0,1000;L;2,85;28,50;;;2,69;5054563197993;Kozmetika
ZUB.PAS.AQUAFRESH FRESH 100 ml;4147;Aquafresh;0,1000;L;2,85;28,50;;;2,69;5999518578062;Kozmetika
GRAH BONDUELLE MEXICANA 430 g;4170;Bonduelle;0,2000;kg;2,08;10,40;;;2,09;3083680495882;Hrana
ŽVAKE ORBIT DRAŽ.PEPERMIN.14 g;4211;Wrigley;0,0140;kg;,99;70,71;;;0,99;50173204;Hrana
ŽVAKE ORBIT DRAŽEJE WINT.14 g;4213;Wrigley;0,0140;kg;,99;70,71;;;0,99;50173976;Hrana
ŽV.ORBIT DRAŽ.SPEARMINT 14 g;4216;Wrigley;0,0140;kg;,99;70,71;;;0,99;50173822;Hrana
ŽVAKE ORBIT DRAŽEJE FRESH.14 g;4231;Wrigley;0,0140;kg;0,99;70,71;;;0,99;42069942;Hrana
ŽVAKE ORBIT SWEET MINT 14 g;4237;Wrigley;0,0140;kg;,99;70,71;;;0,99;50173808;Hrana
ÈETK.ZA ZUBE AQUAFRESH ;4245;Aquafresh;1,0000;kom;2,79;2,79;;;2,69;5054563932327;Kozmetika
ÈETK.ZA ZUBE AQUAFRESH DJ.;4267;Aquafresh;1,0000;kom;3,59;3,59;;;3,59;5054563125439;Kozmetika
ÈETK.ZA ZUBE AQF.LITTLE TEETH;4269;Aquafresh;1,0000;kom;3,59;3,59;;;3,59;5054563210487;Kozmetika
ŽVAKE AIRWAVES DRAŽEJE 14 g;4289;Wrigley;0,0140;kg;,99;70,71;;;0,99;50173167;Hrana
ŽVAKE AIRWAVES CR.RIB.DR.14 g;4291;Wrigley;0,0140;kg;,99;70,71;;;0,99;42070047;Hrana
ŽVAKE AIRWAVES BL.MINT DR.14 g;4297;Wrigley;0,0160;kg;,99;61,88;;;0,99;42101925;Hrana
TABLETE ZA ÈIŠ.PROTEZE COREGA;4314;Corega;30,0000;kom;6,19;0,21;;;6,19;5054563213013;Kozmetika
KREMA COREGA EXTR.STRONG 40 ml;4320;Corega;1,0000;kom;5,99;5,99;;;5,99;5999518572060;Kozmetika
ZUB.PASTA PARODONTAX 75 ml;4340;Parodontax;0,0750;L;;42,53;3,19;5,85;5,45;5054563949738;Kozmetika
ZUB.PASTA PARODONTAX 75 ml;4348;Parodontax;0,0750;L;;42,53;3,19;5,85;5,45;5054563058225;Kozmetika
ZUB.PASTA SENSODYNE 75 ml;4356;Sensodyne;0,0750;L;5,95;79,33;;;3,95;5054563186904;Kozmetika
CIKLA NATURETA 530 g ;4367;Natureta;0,3700;kg;2,19;5,92;;;2,29;3830003054338;Hrana
ZUB.PASTA SENSODYNE 75 ml;4379;Sensodyne;0,0750;L;5,95;79,33;;;3,95;5054563232908;Kozmetika
CEDEVITA LIMUN 200 g;4388;Cedevita;0,2000;kg;2,19;10,95;;;2,09;3850322003534;Piæa
UMAK CHIO TORTIL.SALSA 200 ml;4394;Chio;0,2000;l;3,49;17,45;;;3,49;4001242108215;Hrana
NAMAZ STDALFOUR MARELICA 284 g;4397;St Dalfour;0,2840;kg;4,59;16,16;;;4,69;3492390007290;Hrana
NAMAZ ST.DALFOUR JAGODA 284 g;4407;St Dalfour;0,2840;kg;4,59;16,16;;;4,69;3492390007443;Hrana
SRE.FROSCH PROTIV KAMENCA 1 L ;4408;Frosch;1,0000;L;2,99;2,99;;;2,99;4009175138965;Sredstva za èišæenje
NAM.ST.DALFOUR 4 VR.VOÆ.284 g ;4413;St Dalfour;0,2840;kg;4,59;16,16;;;4,69;3492390007382;Hrana
NAMA.ST.DALFOUR BRUS.BOR.284 g;4415;St Dalfour;0,2840;kg;4,59;16,16;;;4,99;3492390007320;Hrana
NAM.ST.DALFOUR CR.RIBIZL 284 g;4419;St Dalfour;0,2840;kg;4,59;16,16;;;4,69;3492390007313;Hrana
PANIR.SURIMI RAÈIÆI VICI 170 g;4428;Vici;0,1700;kg;2,29;13,47;;;2,29;4770190036214;Hrana
KREMA ERDAL CRNA U TUBI 60 ml;4432;Erdal;0,0600;L;2,35;39,17;;;2,35;4009175111531;Proizvodi za kuæanstvo
KREMA ERDAL CRNA 55 ml;4435;Erdal;0,0550;L;1,95;35,45;;;1,95;4009175111449;Proizvodi za kuæanstvo
BOMBONI RONDO C CLASSIC 28 g;4446;Rondo C;0,0280;kg;0,69;24,64;;;0,59;38502934;Hrana
KRASTAVCI DROGA 670 g;4494;Droga Kolinska;0,3500;kg;2,79;7,97;;;2,79;3830042561934;Hrana
PAPRIKA DROGA FILETI 620 g;4503;Droga Kolinska;0,3600;kg;3,19;8,86;;;3,19;3830042562337;Hrana
CIKLA DROGA 670 g;4508;Droga Kolinska;0,4000;kg;2,49;6,23;;;2,49;3830042562375;Hrana
Blitva rfs;4510;;1,0000;kg;2,49;2,49;;;2,49;3858893251552;Hrana
Celer korijen;4517;;1,0000;kg;;0,49;0,49;0,55;1,19;3858885876312;Hrana
Celer list;4518;;1,0000;kg;3,99;3,99;;;3,99;845;Hrana
Ðumbir rfs;4524;;1,0000;kg;4,49;4,49;;;4,49;3858885879207;Hrana
AROMA BANANA AROMAR 15 ml;4563;Aromar;0,0150;l;1,69;112,67;;;1,59;3859888333062;Hrana
AROMA JAGODA AROMAR 15 ml;4581;Aromar;0,0150;l;1,69;112,67;;;1,59;3859888333031;Hrana
AROMA MALINA AROMAR 15 ml;4587;;0,0150;l;1,69;112,67;;;1,59;3859888333048;Hrana
KRUH RAŽENI MJEŠANI 400 g/PAK;4588;;0,4000;kg;1,25;3,13;;;1,25;3859888640689;Hrana
AROMA NARANÈA AROMAR 15 ml;4590;;0,0150;l;1,69;112,67;;;1,59;3859888333109;Hrana
AROMA RUM AROMAR 15 ml ;4592;Aromar;0,0150;l;1,69;112,67;;;1,59;3859888333017;Hrana
AROMA VANILIJA AROMAR 15 ml;4594;Aromar;0,0150;l;1,69;112,67;;;1,59;3859888333024;Hrana
NAMAZ NATURETA  PAPRIKA 290 g;4626;Natureta;0,2900;kg;3,59;12,38;;;3,99;3830003054413;Hrana
OCAT VINSKI KISKO  0,5 L 6%;4628;Kisko;0,5000;l;1,49;2,98;;;1,49;3850164321148;Hrana
OCAT VINSKI KISKO 6% 1 L;4638;Kisko;1,0000;l;2,09;2,09;;;2,09;3850164321117;Hrana
OCAT JABUÈNI KISKO 0,5L 5%;4642;Kisko;0,5000;l;1,49;2,98;;;1,49;3850164340149;Hrana
OCAT JABUÈNI KISKO 5% 1 L;4644;Kisko;1,0000;l;2,09;2,09;;;2,09;3850164340118;Hrana
OCAT ALKOHOLNI KISKO 9% 1 L;4648;Kisko;1,0000;l;1,29;1,29;;;1,29;3850164310111;Hrana
OCAT ALKOHOLNI KISKO 9% 3 L;4651;Kisko;3,0000;l;3,59;1,20;;;3,59;3850164310180;Hrana
OCAT ALKOHOLNI KISKO 9% 5 L;4655;Kisko;5,0000;l;5,59;1,12;;;5,59;3850164310197;Hrana
OCAT ALKOHOLNI KISKO 9% 0,5 L;4657;Kisko;0,5000;l;1,05;2,10;;;1,05;3850164310142;Hrana
OCAT VINSKI KISKO 6% 1 L;4659;Kisko;1,0000;l;2,09;2,09;;;2,09;3850164331116;Hrana
ZAÈIN ORIGANO ŠAFRAM 150g;4676;Safram;0,1500;kg;2,91;19,40;;;2,91;3859888163225;Hrana
BADEM NPS NATURA 100 g;4690;Natura;0,1000;kg;2,49;24,90;;;2,49;3859890587309;Hrana
PIŠKOTE MANNER 200 g;4704;Manner;0,2000;kg;2,89;14,45;;;2,89;9000331608013;Hrana
ÈOK.CASALI BANANE 300 g;4720;Manner;0,3000;kg;5,29;17,63;;;4,59;9000332812822;Hrana
ZAÈIN ORIGANO ŠAFRAM 5g;4746;;0,0050;kg;0,49;98,00;;;0,47;3859888163140;Hrana
ZAÈ.BILJ.LOVOR LIST ŠAFRAM 50g;4750;Safram;0,0500;kg;2,49;49,80;;;2,52;3859890104162;Hrana
LOSION OLD SP.WHITEWAT.100 ml;4754;Old Spice;0,1000;L;7,79;77,90;;;7,79;5000174440256;Kozmetika
ZAÈ.BILJ.LOVOR LIST ŠAFRAM 10g;4756;;0,0100;kg;,79;79,00;;;0,79;3859888163690;Hrana
ZAÈIN MJ.FIŠ BLAGI ŠAFRAM 90g;4763;;0,0900;kg;1,32;14,67;;;1,32;3859888163126;Hrana
ZAÈIN MJ.FIŠ LJUTI ŠAFRAM 90g;4771;Safram;0,0900;kg;1,32;14,67;;;1,32;3859890104223;Hrana
VOSAK ÈUPKO MED 270 g;4794;Cupko;0,2700;kg;3,99;14,78;;;4,51;3859888495081;Kozmetika
VOSAK ÈUPKO ZA TOPLU DEP.100 g;4816;Cupko;0,1000;kg;5,19;51,90;;;4,99;3859888495005;Kozmetika
TRAKE ZA DEPILACIJU ÈUPKO 16/1;4831;Cupko;16,0000;kom;4,39;0,27;;;4,11;3859888495029;Kozmetika
TRAKE ZA DEPILA.LICA ÈUP 16/1;4835;Cupko;16,0000;kom;3,59;0,22;;;3,86;3859888495074;Kozmetika
TRAKE BEZ VOSKA ÈUPKO 20/1;4838;Cupko;20,0000;kom;2,09;0,10;;;2,18;3859888495128;Kozmetika
ÈOKOLADA BOUNTY 57 g;4859;Bounty;0,0570;kg;1,39;24,39;;;1,39;5000159557771;Hrana
ZAÈ.PAPAR CRNI ZRN.ŠAFRAM 50 g;4874;Safram;0,0500;kg;2,25;45,00;;;2,25;3859888163119;Hrana
INDIJSKI ORAH NATURA 150 g;4915;Natura;0,1500;kg;4,24;28,27;;;4,24;3859890587224;Hrana
ZAÈIN PAPAR BIJ.MLJ.ŠAFRAM 20g;4942;Safram;0,0200;kg;1,25;62,50;;;1,25;3859888163836;Hrana
ZAÈ.PAPAR CRN.MLJ.ŠAFRAM 100 g;4953;Safram;0,1000;kg;2,91;29,10;;;2,91;3859888163034;Hrana
MAK MLJEVENI NATURA 200 g;4956;Marjan Voce;0,2000;kg;2,19;10,95;;;2,12;3859890587354;Hrana
ZAÈ.PAPAR CRNI MLJ.ŠAFRAM 50 g;4958;Safram;0,0500;kg;1,89;37,80;;;1,89;3859888163089;Hrana
ZAÈIN PAPAR CRN.MLJ.ŠAFRAM 10g;4963;;0,0100;kg;0,49;49,00;;;0,59;3859888163096;Hrana
ÈOKOLADA MILKY WAY MILK 21,5 g;4967;Milky Way;0,0220;kg;0,79;35,91;;;0,79;5000159550567;Hrana
ZAÈIN PAPRIKA MLJEV.ŠAFRAM 25g;4968;;0,0250;kg;0,86;34,40;;;0,86;3859888163256;Hrana
ZAÈ.PAPRIKA LJUTA ŠAFRAM 500 g;4983;;0,5000;kg;8,39;16,78;;;7,96;3859890104124;Hrana
ZAÈ.PAPRIKA ŠAFRAM LJUTA 100g;4995;Safram;0,1000;kg;1,99;19,90;;;1,79;3859888163058;Hrana
ZAÈ.PAPRIKA SLATK.ŠAFRAM 500 g;5005;;0,5000;kg;8,39;16,78;;;7,96;3859890104117;Hrana
ZAÈ.PAPRIKA SLAT.ŠAFRAM 200 g;5006;;0,2000;kg;3,59;17,95;;;3,31;3859888163072;Hrana
ZAÈ.PAPRIKA ŠAFRAM SLATKA 100g;5009;;0,1000;kg;1,99;19,90;;;1,79;3859888163065;Hrana
ZAÈ.PAPRIKA DELIK.ŠAFRAM100 g;5011;;0,1000;kg;2,29;22,90;;;1,98;3859888163317;Hrana
NIC NACS LORENZ KIKIRIKI 125 g;5012;Lorenz;0,1250;kg;2,39;19,12;;;2,89;4017100759000;Hrana
NAPOLITANKE JADRO 200 g;5014;Jadro;0,2000;kg;1,79;8,95;;;1,79;3850102522484;Hrana
NAPOLITANKE JADRO 430 g;5015;Jadro;0,4300;kg;3,19;7,42;;;3,19;3850102522545;Hrana
NAPOLITANKE JADRO 860 g;5016;Jadro;0,8600;kg;4,99;5,80;;;4,99;3850102522514;Hrana
PALENTA INSTANT ŠAFRAM 450 g;5018;;0,4500;kg;1,19;2,64;;;1,19;3859890104001;Hrana
NAPOLIT.JADRO KOK./ÈOK.430 g ;5019;Jadro;0,4300;kg;3,19;7,42;;;3,29;3850102522552;Hrana
CROISSANT 7 DAY S MINI 60 g;5041;7 Day's;0,0600;kg;1,08;18,00;;;0,91;7622202215322;Hrana
TABL.ANITRA ZA VODOKOTLIÆ  1/1;5068;Anitra;1,0000;kom;4,09;4,09;;;2,19;8002030114452;Sredstva za èišæenje
ZAÈIN CIMET MLJEV.KOTANYI 45 g;5101;Kotanyi;0,0450;kg;2,99;66,44;;;2,49;9001414040553;Hrana
ZAÈIN BOSILJAK KOTANYI 15 g;5112;;0,0150;kg;2,19;146,00;;;1,98;9001414041819;Hrana
ZAÈ.MAJÈI.DUŠ.TIM.KOTANYI 19 g;5118;;0,0190;kg;2,19;115,26;;;1,98;9001414040515;Hrana
ZAÈIN RUŽMARIN KOTANYI 35 g;5121;;0,0350;kg;2,19;62,57;;;1,98;9001414041871;Hrana
ZAÈ.MAŽURAN USIT.KOTANYI 10 g;5126;;0,0100;kg;2,19;219,00;;;1,98;9001414040287;Hrana
ZAÈ.PERŠIN KOTANYI GAST.100 g;5148;Kotanyi;0,1000;kg;7,59;75,90;;;6,99;9001414024560;Hrana
ZAÈ.ORIGANO MRV.KOTANYI 135 g;5151;Kotanyi;0,1350;kg;8,49;62,89;;;8,49;9001414024539;Hrana
CROISSSANT 7 DAY S MIDI 60 g;5160;7 Day's;0,0600;kg;0,85;14,17;;;0,85;7622201388409;Hrana
ZAÈ.PAPAR ŠARENI KOTANYI 35 g ;5165;;0,0350;kg;4,49;128,29;;;3,99;9001414041130;Hrana
CROISSANT 7DAY S FAMILY 185 g;5177;7 Day's;0,1850;kg;2,65;14,32;;;2,65;7622202215292;Hrana
CROIS.7DAYS FAMILY MILLFU.185g;5198;7 Day's;0,1850;kg;2,65;14,32;;;2,65;7622202215735;Hrana
ZAÈIN KIM ŠAFRAM 10g;5328;;0,0100;kg;0,49;49,00;;;0,47;3859888163133;Hrana
ZAÈIN PERŠIN SUŠEN.ŠAFRAM 150g;5333;;0,1500;kg;3,49;23,27;;;3,71;3859890104063;Hrana
SUHA ŠLJIVA ŠAFRAM 200 g;5346;Safram;0,2000;kg;2,49;12,45;;;2,49;3859890104230;Hrana
ÈOK.JAJE KINDER SURPRISE 20 g;5371;Kinder;0,0200;kg;1,59;79,50;;;1,49;40084107;Hrana
ÈOKOLADNO JAJE KINDER JOY 20 g;5375;Ferrero;0,0200;kg;1,49;74,50;;;1,49;80310891;Hrana
ÈOK.KINDER FERRERO 50 g;5378;Ferrero;0,0500;kg;1,25;25,00;;;1,15;80177609;Hrana
ÈOK.KINDER FERRERO 100 g;5383;Kinder;0,1000;kg;1,89;18,90;;;1,79;80177616;Hrana
ZAÈIN CIMET U KORI ŠAFRAM 20g;5390;;0,0200;kg;0,99;49,50;;;0,99;3859890104261;Hrana
ÈOK.KINDER COUNTRY 23,5 g;5394;Ferrero;0,0235;kg;0,89;37,87;;;0,79;40084176;Hrana
ÈOK.KINDER BUENO 43 g;5396;Kinder;0,0430;kg;1,29;30,00;;;1,19;80052760;Hrana
ZAÈIN KLINÈIÆ CIJEL.ŠAFRAM 20g;5398;Safram;0,0200;kg;1,19;59,50;;;1,45;3859890104247;Hrana
ZAÈIN ÈEŠNJAK GRANU.ŠAFRAM 30g;5404;;0,0300;kg;,79;26,33;;;0,79;3859888163270;Hrana
RAFFAELLO T-15 FERRERO 150 g;5416;Ferrero;0,1500;kg;4,29;28,60;;;3,99;8000500023976;Hrana
RAFFAELLO FERRERO 40 g;5420;Ferrero;0,0400;kg;1,19;29,75;;;1,29;5413548040639;Hrana
MLIJEKO UHT 3,5% ALPSKO 1 L;5521;Ljubljanske Mlekarne;1,0000;L;1,69;1,69;;;1,69;3838800040578;Hrana
SPREJ GLADE RELAXING Z.300 ml;5549;Glade;0,3000;L;3,05;10,17;;;3,69;3858895411046;Sredstva za èišæenje
ROCHER T16 FERRERO 200 g;5563;Ferrero;0,2000;kg;5,75;28,75;;;6,49;8000500003787;Hrana
ROCHER  FERRERO DIAMANT 300 g;5568;Ferrero;0,3000;kg;12,99;43,30;;;11,59;8000500009673;Hrana
RIŽA ŠAFRAM DUGO ZRNO 950g;5574;;0,9500;kg;2,79;2,94;;;2,65;3859888163676;Hrana
ZAÈIN PERŠIN SUŠENI ŠAFRAM 7g;5581;;0,0070;kg;0,49;70,00;;;0,6;3859888163263;Hrana
ORAH MLJEVENI ŠAFRAM 200 g;5587;Safram;0,2000;kg;;10,45;2,09;3,49;3,49;3859890104216;Hrana
ŠEÆER MLJEVENI ŠAFRAM 200 g;5596;Safram;0,2000;kg;;2,65;0,53;0,89;0,89;3859888163669;Hrana
ZAÈIN CIMET MLJEVEN.ŠAFRAM 10g;5611;;0,0100;kg;0,49;49,00;;;0,52;3859888163300;Hrana
SUHO GROŽÐE ŠAFRAM 200 g;5615;;0,2000;kg;1,79;8,95;;;1,29;3859888163683;Hrana
ÈOKOLADA DUPLO FERRERO 26 g;5621;Ferrero;0,0260;kg;0,85;32,69;;;0,85;80052357;Hrana
ZAÈ.PAPAR CR.ZRN.KOTANYI 50 g;5623;;0,0500;kg;3,99;79,80;;;3,44;9001414040393;Hrana
REFIL GLADE MICROSPRAY 10 ml;5633;Glade;1,0000;kom;4,89;4,89;;;5,79;5000204651010;Sredstva za èišæenje
GEL GLADE LJUBI.I LAVAND.150 g;5638;Glade;0,1500;kg;2,29;15,27;;;2,69;5000204306910;Sredstva za èišæenje
ZAÈ.ORIGANO USIT.KOTANYI 12 g;5640;;0,0120;kg;2,19;182,50;;;1,98;9001414040348;Hrana
GEL GLADE RELAXING ZEN 150 g;5645;Glade;0,1500;kg;2,29;15,27;;;2,69;5000204306941;Sredstva za èišæenje
ZAÈIN PERŠIN KOTANYI 7 g ;5650;;0,0070;kg;2,19;312,86;;;1,98;9001414040386;Hrana
GEL GLADE ÐURÐICA 150 g;5651;Glade;0,1500;kg;2,29;15,27;;;2,69;5000204306972;Sredstva za èišæenje
PRAL.POCKET COFFEE FERR.62,5 g;5661;Ferrero;0,0625;kg;1,99;31,84;;;1,79;80135944;Hrana
ZAÈ.CHIL.KOTANYI STAKLO 50 g;5665;Kotanyi;0,0500;kg;2,39;47,80;;;2,09;9001414040102;Hrana
PRAL.POCKET COFFEE FERRE.225 g;5668;Ferrero;0,2250;kg;5,59;24,84;;;4,89;80051732;Hrana
ZAÈ.LUK GRANULE KOTANYI 40 g;5672;Kotanyi;0,0400;kg;2,39;59,75;;;2,09;9001414040577;Hrana
PRALINE MON CHERI FERR.157,5 g;5676;Ferrero;0,1580;kg;5,29;33,48;;;4,59;4008400102528;Hrana
ZAÈIN BOSILJAK MRVL.KOTANYI 9g;5678;;0,0090;kg;0,99;110,00;;;0,99;9001414018002;Hrana
ZAÈ.MEDITERANSKA MJEŠ.KOT.25 g;5682;Kotanyi;0,0250;kg;2,19;87,60;;;1,98;9001414040676;Hrana
ZAÈ.VANILIJA BURBON KOTANYI ;5688;Kotanyi;0,0030;kg;3,59;1196,67;;;5,97;9001414030004;Hrana
KAKAO U PRAHU KANDIT 100 g ;5694;Kandit;0,1000;kg;3,09;30,90;;;3,09;3858881044012;Piæa
ZAÈ.PAPAR-ÈEŠNJA.KOTANYI 70 g;5696;;0,0700;kg;3,99;57,00;;;3,44;9001414040799;Hrana
ZAÈ.PAPAR BIJ.MLJ.KOTANYI 54 g;5701;Kotanyi;0,0540;kg;3,99;73,89;;;3,44;9001414040423;Hrana
ÈOKOLADA U PRAHU KANDIT 100 g;5707;Kandit;0,1000;kg;2,89;28,90;;;2,89;3858881044043;Piæa
ZAÈ.MJEŠ.S PAPROM KOTAN.60 g;5709;;0,0600;kg;3,99;66,50;;;3,44;9001414040669;Hrana
ZAÈIN KOTANYI PEPERONCINI 15 g;5716;Kotanyi;0,0150;kg;2,49;166,00;;;2,49;9001414040058;Hrana
BOMBONI CONFETTINO DRAŽE 30 g;5717;Kandit;0,0300;kg;0,99;33,00;;;0,99;3858881042858;Hrana
ŽELE NARESCI KANDIT 100 g;5721;Kandit;0,1000;kg;0,93;9,30;;;0,93;3858881044517;Hrana
ZAÈ.SOL KOTANYI STAKLO 135 g ;5723;Kotanyi;0,1350;kg;1,39;10,30;;;1,32;9001414040522;Hrana
ZAÈIN  VLASAC  KOTANYI 6 g;5727;;0,0060;kg;2,19;365,00;;;1,98;9001414040508;Hrana
SRE.MR.MUSCLE VODOINS.GEL 1 L;5741;Mr.Muscle;1,0000;L;7,29;7,29;;;7,29;5000204275711;Sredstva za èišæenje
SRE.MR.MUSCLE ZA KUHINJ.500 ml;5749;Mr.Muscle;0,5000;L;3,79;7,58;;;3,79;5000204141672;Sredstva za èišæenje
ZAÈIN MEDENJACI KOTANYI 27 g;5770;;0,0270;kg;0,83;30,74;;;1,19;9001414015223;Hrana
ANIS CIJELI KOTANYI 41 g;5772;Kotanyi;0,0410;kg;3,29;80,24;;;2,99;9001414040010;Hrana
ZAÈIN KUHANO VINO KOTANYI 35 g;5773;Kotanyi;0,0350;kg;0,83;23,71;;;1,19;9001414017982;Hrana
ZAÈ.PAPA.KAJENSKI KOTANYI 38 g;5788;Kotanyi;0,0380;kg;2,39;62,89;;;2,09;9001414040089;Hrana
ODSTR.BIOSHOUT ZA MRLJE 500 ml;5798;Bioshout;0,5000;L;3,69;7,38;;;3,69;5000204350845;Sredstva za èišæenje
ZAÈIN MUŠK.ORAH KOTANYI 50 g;5808;;0,0500;kg;4,99;99,80;;;4,49;9001414040300;Hrana
SRE.PRONTO LEGNO PULITO 750 ml;5810;Pronto;0,7500;L;5,59;7,45;;;4,85;5000204604542;Sredstva za èišæenje
ZAÈ.CURRY KOTANYI STAKLO 50 g;5812;Kotanyi;0,0500;kg;3,29;65,80;;;2,99;9001414040119;Hrana
BOMBONI NEGRO PIONIR 100 g;5827;Pionir;0,1000;kg;1,19;11,90;;;1,39;8602300204137;Hrana
SPRA.CLASSIC PRONTO 300 ml ;5836;Pronto;0,3000;L;4,25;14,17;;;5,75;5000204670967;Sredstva za èišæenje
KEKS PIKNIK KOESTLIN 460 g;5838;Koestlin;0,4600;kg;2,69;5,85;;;2,69;3858881090262;Hrana
ZAÈIN  ÐUMBIR  KOTANYI 38 g ;5842;Kotanyi;0,0380;kg;3,29;86,58;;;2,99;9001414040201;Hrana
KEKS PETIT BEUR.KOESTLIN 460 g;5847;Koestlin;0,4600;kg;3,09;6,72;;;3,09;3858881090286;Hrana
GORUŠICA U ZRNU KOTANYI 79 g;5851;Kotanyi;0,0790;kg;3,29;41,65;;;2,99;9001414040713;Hrana
ZAÈI.KLINÈIÆ CIJELI KOTA.30 g;5864;;0,0300;kg;3,29;109,67;;;2,99;9001414040317;Hrana
KREMA ZA NAMJ.PRONTO 250 ml;5869;Pronto;0,2500;L;5,79;23,16;;;5,79;5000204158373;Sredstva za èišæenje
MEDENO SRCE VIŠNJ.PIONIR 150 g;5871;Pionir;0,1500;kg;1,99;13,27;;;1,99;8602300206780;Hrana
MEDENO SRCE VIŠNJA 350 g;5876;Pionir;0,3500;kg;4,19;11,97;;;4,19;8602300206810;Hrana
ZAÈ.KOPAR KOTANYI STAKLO 16 g;5880;;0,0160;kg;2,19;136,88;;;1,98;9001414040126;Hrana
MEDENO SRCE PIONIR 350 g;5882;Pionir;0,3500;kg;4,19;11,97;;;4,19;8602300201631;Hrana
MEDENO SRCE PIONIR 150 g;5886;Pionir;0,1500;kg;1,99;13,27;;;1,99;8602300236022;Hrana
ÈAJ SIR WINSTON EARL GREY 35 g;5899;Teekanne;0,0350;kg;2,39;68,29;;;2,39;5901086050727;Piæa
ZAÈIN KORIJANDER KOTANYI 34 g;5903;Kotanyi;0,0340;kg;2,39;70,29;;;2,09;9001414040270;Hrana
ÈAJ SIR WINSTON ZELENI 35 g;5904;Teekanne;0,0350;kg;2,39;68,29;;;2,39;5901086052226;Piæa
ZAÈIN KIM CIJELI KOTANYI 50 g;5907;Kotanyi;0,0500;kg;2,09;41,80;;;2,09;9001414040249;Hrana
ZAÈ.KURKUMA MLJE.KOTANYI 50 g;5912;Kotanyi;0,0500;kg;3,29;65,80;;;2,99;9001414040171;Hrana
ZAÈIN MJ.PIZZA KOTANYI 30 g;5923;;0,0300;kg;2,39;79,67;;;2,09;9001414040683;Hrana
SPR.RAID MUHE/KOMARCI 400 ml;5939;Raid;0,4000;L;4,59;11,48;;;4,59;5000204342468;Proizvodi za kuæanstvo
TABLETE LAMINIRANE RAID 30/1;5947;Raid;30,0000;kom;4,89;0,16;;;4,89;5000204358278;Proizvodi za kuæanstvo
TARME CEDAR RAID PR.MOLJ.2/1;5972;Raid;2,0000;kom;5,19;2,60;;;5,19;5000204304909;Proizvodi za kuæanstvo
T.RAID LAVANDA PR.MOLJACA 2/1;5975;Raid;2,0000;kom;4,69;2,35;;;5,19;5000204304930;Proizvodi za kuæanstvo
LOSION AUTAN FAMILY 100ml;5982;Autan;0,1000;L;7,99;79,90;;;7,99;8002030142318;Kozmetika
SPRAY AUTAN FAMILY 100ml;6020;Autan;0,1000;L;7,69;76,90;;;7,69;8002030142639;Kozmetika
ZAÈIN MJ.CURRY KOTANYI 27g;6023;;0,0270;kg;1,79;66,30;;;1,69;9001414015094;Hrana
ZAÈIN CHILI CON CARNE 25 g;6043;Kotanyi;0,0250;kg;1,79;71,60;;;1,69;9001414010150;Hrana
TARME MULTIPACK RAID 5+1 ;6045;Raid;5,0000;kom;;1,67;8,35;10,45;10,45;5000204304961;Proizvodi za kuæanstvo
Banana;6081;;1,0000;kg;1,44;1,44;;;1,44;3858885879986;Hrana
Limun rfs;6089;Vlastite potrebe;1,0000;kg;1,49;1,49;;;1,49;3858885878071;Hrana
Naranèa rfs;6100;Vlastite potrebe;1,0000;kg;;0,88;0,88;0,89;1,49;3858893252542;Hrana
Grejp crveni rfs;6128;;1,0000;kg;1,79;1,79;;;1,79;3858885879009;Hrana
Mandarina rfs;6137;;1,0000;kg;1,29;1,29;;;1,89;3858885877487;Hrana
Klementina rfs;6140;;1,0000;kg;1,59;1,59;;;1,79;862;Hrana
TORTILLA ÈIPS NATURAL 200 g;6148;;0,2000;kg;;8,95;1,79;2,39;2,39;5412514934842;Hrana
Kruška Abata rfs;6149;;1,0000;kg;1,99;1,99;;;2,09;3858885876589;Hrana
TORTILLA ÈIPS CHILLI 200 g;6151;;0,2000;kg;;8,95;1,79;2,39;2,39;5412514934927;Hrana
TORTILLA ÈIPS SIR 200 g;6155;;0,2000;kg;;8,95;1,79;2,39;2,39;5412514934897;Hrana
Kruška Williams rfs;6158;;1,0000;kg;1,89;1,89;;;1,39;3858893251606;Hrana
KARAMELA LJEŠNJAK PIONIR 100 g;6161;Pionir;0,1000;kg;1,69;16,90;;;1,69;8602300207305;Hrana
KAVA ESPRESSO ILLY 250 g ;6164;Illy;0,2500;kg;;32,92;8,23;10,29;10,29;8003753900438;Piæa
PIŠKOTE VERONA 400 g;6200;Verona;0,4000;kg;3,49;8,73;;;3,99;8015997000201;Hrana
Grožðe rose rfs;6222;;1,0000;kg;2,99;2,99;;;3,99;3858885878873;Hrana
ZAÈIN LOVOR LIST KOTANYI 5g;6394;;0,0050;kg;0,99;198,00;;;0,99;9001414015346;Hrana
KAŠICA HIPP PILE.POV.TJE.220 g;6421;Hipp;0,2200;kg;2,12;9,64;;;2,12;9062300103448;Hrana
KAŠICA HIPP PURETINA 220 g;6426;Hipp;0,2200;kg;2,05;9,32;;;2,05;9062300103493;Hrana
ZAÈ.BILJ.VLASAC KOTANYI 5g;6428;;0,0050;kg;0,99;198,00;;;0,99;9001414015568;Hrana
KAŠICA HIPP TELE.TJE.RAJ.220 g;6432;Hipp;0,2200;kg;2,12;9,64;;;2,12;9062300103547;Hrana
ZAÈIN ŠAFRAN KOTANYI 12 g;6433;Kotanyi;0,0120;kg;2,39;199,17;;;2,19;9001414010082;Hrana
ZAÈIN RUŽMARIN KOTANYI 24g;6437;;0,0240;kg;0,99;41,25;;;0,99;9001414018088;Hrana
ZAÈIN KOTANYI PROVANSALSKI 17g;6443;;0,0170;kg;0,99;58,24;;;0,99;9001414015865;Hrana
KAŠICA HIPP MLADO POVRÆE 190 g;6470;Hipp;0,1900;kg;1,96;10,32;;;1,96;4062300020313;Hrana
ZAÈIN PERŠIN KOTANYI 7g ;6487;;0,0070;kg;0,99;141,43;;;0,99;9001414015445;Hrana
KAŠICA HIPP MLADA MRKV.125 g;6488;Hipp;0,1250;kg;1,23;9,84;;;1,23;4062300020719;Hrana
ZAÈ.PAPAR ZEL.ZR.KOTANYI 12 g;6496;;0,0120;kg;1,72;143,33;;;1,72;9001414010075;Hrana
ZAÈ.PAPAR CRN.MLJ.KOTANYI 17 g;6505;;0,0170;kg;1,72;101,18;;;1,72;9001414015469;Hrana
KAŠICA HIPP BROKULA RIŽA 125 g;6506;Hipp;0,1250;kg;1,25;10,00;;;1,25;9062300131137;Hrana
KAŠICA HIPP MLIJ. KEKS 190 g;6509;Hipp;0,1900;kg;1,65;8,68;;;1,68;9062300133148;Hrana
KAŠICA HIPP ML.JAB.KRUŠ.190 g;6510;Hipp;0,1900;kg;1,68;8,84;;;1,68;9062300133070;Hrana
ZAÈ.PAPAR BIJELI KOTANYI 17 g;6511;Kotanyi;0,0170;kg;1,72;101,18;;;1,72;9001414015483;Hrana
ZAÈIN ORIGANO USIT.KOTANYI 8 g;6513;;0,0080;kg;0,99;123,75;;;0,99;9001414015421;Hrana
KAŠICA HIPP GRIZ ÈOKOL.190 g;6514;Hipp;0,1900;kg;1,65;8,68;;;1,68;9062300133117;Hrana
ZAÈIN MUŠKAT ORAŠ.KOTANYI 18 g;6517;;0,0180;kg;2,39;132,78;;;2,19;9001414015391;Hrana
KAŠICA HIPP BANANA RIŽA 190 g;6518;Hipp;0,1900;kg;1,68;8,84;;;1,68;9062300133025;Hrana
ZAÈIN MAŽURAN KOTANYI 6g;6523;;0,0060;kg;0,99;165,00;;;0,99;9001414015377;Hrana
KAŠICA HIPP PILET.POVRÆE 190 g;6529;Hipp;0,1900;kg;2,04;10,74;;;2,04;9062300100959;Hrana
KAŠICA HIPP TEL.RIŽA MRK.190 g;6533;Hipp;0,1900;kg;2,04;10,74;;;2,04;9062300101093;Hrana
KAŠICA HIPP TELE.POVRÆE 190 g;6535;Hipp;0,1900;kg;2,04;10,74;;;2,04;9062300132066;Hrana
ZAÈIN MAJÈINA D.KOTANYI 14g;6537;;0,0140;kg;0,99;70,71;;;0,99;9001414015599;Hrana
ZAÈ.KORICA LIMUN.KOTANYI 14 g;6540;;0,0140;kg;0,59;42,14;;;0,99;9001414016039;Hrana
ZAÈ.KLINÈIÆ MLJE.KOTANYI 20 g;6546;Kotanyi;0,0200;kg;2,19;109,50;;;1,89;9001414015414;Hrana
KAŠICA HIPP ŠLJIVA 125 g;6554;Hipp;0,1250;kg;1,15;9,20;;;1,15;9062300106739;Hrana
ZAÈ.KOPAR USITNJ.KOTANYI 11 g;6563;;0,0110;kg;0,99;90,00;;;0,99;9001414015100;Hrana
ZAÈ.KLINÈIÆ CIJELI KOTAN.18 g;6567;;0,0180;kg;2,19;121,67;;;1,89;9001414015407;Hrana
KAŠICA HIPP BANANA BRES.190 g;6573;Hipp;0,1900;kg;1,65;8,68;;;1,67;9062300134251;Hrana
ZAÈ.ÈEŠNJAK GRAN.KOTANYI 28 g;6574;;0,0280;kg;1,39;49,64;;;1,29;9001414015261;Hrana
KAŠICA HIPP KRUŠKA JAB.125 g;6575;Hipp;0,1250;kg;1,24;9,92;;;1,24;9062300138686;Hrana
ZAÈIN CIMET KORICA KOTANYI 17g;6578;;0,0170;kg;2,19;128,82;;;1,29;9001414015643;Hrana
KAŠICA HIPP BRESKVA 190 g;6579;Hipp;0,1900;kg;1,67;8,79;;;1,67;9062300000358;Hrana
KAŠICA HIPP MARELICA 190 g;6580;Hipp;0,1900;kg;1,65;8,68;;;1,65;9062300101680;Hrana
ZAÈ.CIMET MLJEVEN.KOTANYI 25 g;6581;Kotanyi;0,0250;kg;0,83;33,20;;;1,29;9001414015650;Hrana
ZAÈIN KOTANYI SALATA 16g;6586;;0,0160;kg;1,19;74,38;;;0,99;9001414016022;Hrana
ZAÈ.SAVIJAÈA OD JABUKA 26 g;6603;;0,0260;kg;0,83;31,92;;;1,19;9001414015933;Hrana
KAŠICA HIPP KRUŠKA VILJ.190 g;6617;Hipp;0,1900;kg;1,67;8,79;;;1,67;9062300131670;Hrana
SOK HIPP GROŽÐE JABUKA 200 ml;6639;Hipp;0,2000;l;1,29;6,45;;;1,29;9062300106241;Piæa
SOK HIPP JABUKA BLAGI 200 ml;6651;Hipp;0,2000;l;1,29;6,45;;;1,29;9062300102748;Piæa
KAŠICA HIPP PIL.RAJÈ.KR.220 g;6671;Hipp;0,2200;kg;2,12;9,64;;;2,12;9062300131380;Hrana
KAŠICA HIPP PUR.RIŽA MRK.220 g;6675;Hipp;0,2200;kg;2,12;9,64;;;2,12;9062300134411;Hrana
KAŠICA HIPP TEL.POV.RIŽA 220 g;6677;Hipp;0,2200;kg;2,05;9,32;;;2,05;9062300103035;Hrana
KAŠICA HIPP INT.ŽIT.JAB.190 g;6687;Hipp;0,1900;kg;1,79;9,42;;;1,79;9062300132363;Hrana
KAŠICA HIPP VOÆE ŽITAR.190 g;6692;Hipp;0,1900;kg;1,79;9,42;;;1,79;9062300137825;Hrana
KAŠICA HIPP JAB.BAN.KEKS 190 g;6700;Hipp;0,1900;kg;1,65;8,68;;;1,65;9062300132455;Hrana
AROMA LIMUN  AROMAR 15 ml;6919;;0,0150;l;1,59;106,00;;;1,59;3859888333116;Hrana
AROMA KRUŠKOVAC AROMAR 15 ml;6926;Aromar;0,0150;l;1,69;112,67;;;1,59;3859888333055;Hrana
KRPA SPUŽVASTA 3/1 TOP TEX;6943;;3,0000;kom;2,29;0,76;;;2,29;9001378421634;Proizvodi za kuæanstvo
KRPA SPUŽVASTA 5/1 TOP TEX;6949;;5,0000;kom;2,91;0,58;;;2,91;9001378421641;Proizvodi za kuæanstvo
SOJIN PROIZ.ZA KUH.ALP.0,25 L;7095;Alpro;0,2500;l;2,59;10,36;;;2,59;5411188513483;Piæa
NAPITAK ALPRO SOJA ORIGIN.1 L;7119;Alpro;1,0000;l;2,99;2,99;;;2,99;5411188543381;Piæa
NAPITAK ALPRO SOJA BŠ.1 L;7122;Alpro;1,0000;l;2,99;2,99;;;2,99;5411188543398;Piæa
RIŽA SCOTTI ORIGINARIO 1 kg;7131;Scotti;1,0000;kg;4,79;4,79;;;4,79;8001860100017;Hrana
ULJE MAS.EX.DJ.MONINI CL.0,5 L;7135;Monini;0,5000;L;7,49;14,98;;;7,49;80053828;Hrana
ULJE MAS.EXT.DJEV.MONINI 1 L;7136;Monini;1,0000;L;;7,99;7,99;12,99;13,99;80053835;Hrana
ICE GEL DELON 227 g;7196;Delon;0,2270;kg;3,09;13,61;;;3,09;3858885847084;Kozmetika
ACIDOFIL DUKAT 180 g ;7201;Dukat;0,1800;kg;0,59;3,28;;;0,59;3850354001560;Hrana
JOGURT B AKTIV 1,5% M.M.150 g;7208;Dukat;0,1500;kg;0,79;5,27;;;0,65;3850354019121;Hrana
MLIJEKO ÈOKOLADNO DUKAT 0,2 L;7252;Dukat;0,2000;L;0,99;4,95;;;0,99;3850354002239;Hrana
SPUŽVA S ABRAZIVOM 3/1;7397;;3,0000;kom;1,99;0,66;;;1,99;9001378700098;Proizvodi za kuæanstvo
SPUŽVA S ABRAZIVOM 2/1;7401;;2,0000;kom;1,32;0,66;;;1,32;9001378700104;Proizvodi za kuæanstvo
ULO.ALWAYS ULT.NORM.PLUS 20/1;7408;Always;20,0000;kom;3,49;0,17;;;3,49;4015400213932;Toaletne potrepštine
RIŽA ZLATO POLJ.S.ANDREA 500 g;7422;Zlato Polje;0,5000;kg;2,79;5,58;;;2,59;3838700540482;Hrana
RIŽA ZLATO POLJE VREÆICA 800 g;7442;Zlato Polje;0,8000;kg;2,59;3,24;;;2,59;3838700540314;Hrana
RIŽA ZLATO POLJ.DOM.JELA 1 kg ;7475;Zlato Polje;1,0000;kg;3,39;3,39;;;3,39;3838700540291;Hrana
RIŽA ZLATO POLJE S.ANDREA 1 kg;7494;Zlato Polje;1,0000;kg;4,99;4,99;;;4,99;3838700540406;Hrana
RIŽA ZLATO POLJE VACUUM 1 kg;7501;Zlato Polje;1,0000;kg;3,99;3,99;;;3,99;3838700540413;Hrana
DŽEM BONNE MAMAN BRESKVA 370 g;7530;Bonne Maman;0,3700;kg;4,99;13,49;;;6,59;3608580705185;Hrana
DŽEM BONNE MAMAN JAGODA 370 g;7537;Bonne Maman;0,3700;kg;4,99;13,49;;;7,49;3608580705130;Hrana
DŽEM BON.MAMAN MARELICA 370 g;7551;Bonne Maman;0,3700;kg;4,99;13,49;;;6,59;3608580705116;Hrana
ORAH MLJEVENI 200 g;7558;Marjan Voce;0,2000;kg;2,49;12,45;;;2,29;3859890587347;Hrana
DŽEM BON.MAMAN ŠUM.VOÆE 370 g;7559;Bonne Maman;0,3700;kg;4,99;13,49;;;8,49;3608580705123;Hrana
DŽEM BON.MAMAN BOROVNICA 370 g;7562;Bonne Maman;0,3700;kg;4,99;13,49;;;8,99;3608580705147;Hrana
DŽEM BONNE MAMAN TREŠNJA 370 g;7568;;0,3700;kg;4,99;13,49;;;7,19;3608580705215;Hrana
NAMAZ MLI.DUKATELA ORIGIN.70 g;7650;Dukat;0,0700;kg;0,95;13,57;;;0,89;3850354015055;Hrana
NAMAZ MLIJ.S POVRÆE.DUKAT 70 g;7667;Dukat;0,0700;kg;0,95;13,57;;;0,85;3850354015079;Hrana
JOGURT ÈVRSTI 3,2% DUKA.180 g ;7760;Dukat;0,1800;kg;0,44;2,44;;;0,44;3850354001133;Hrana
VRHNJE KISEL.DUKA.12%MM 200 g ;7773;Dukat;0,2000;kg;0,94;4,70;;;0,94;3850354002024;Hrana
VRHNJE KISELO DUKA.20%MM 200 g;7779;Dukat;0,2000;kg;1,29;6,45;;;1,19;3850354002055;Hrana
MASLAC DUKAT 20 g;7794;Dukat;0,0200;kg;0,49;24,50;;;0,49;3850355001521;Hrana
MASLAC DUKAT 1.KLASA 250 g ;7800;Dukat;0,2500;kg;2,99;11,96;;;2,99;3850355000999;Hrana
DESERT MOUSSE ÈOKOLADNI 100 g;7804;Dukat;0,1000;kg;1,19;11,90;;;1,29;3850354001485;Hrana
Grožðica  RFS;7878;;1,0000;kg;3,99;3,99;;;4,99;8586008519178;Hrana
Grožðica zlatna RFS;7881;;1,0000;kg;4,36;4,36;;;4,36;3859891427598;Hrana
MLIJEKO SVJ. 3,2% DUKAT 1 L ;7887;Dukat;1,0000;L;1,35;1,35;;;1,35;3850354000501;Hrana
LIP BALM ROSAL SO NATUR.4,8 g;7926;Rosal;1,0000;kom;2,49;2,49;;;2,49;3856007908552;Kozmetika
SIR SVJEŽI POSNI DUKAT 500 g ;7948;Dukat;0,5000;kg;2,49;4,98;;;2,49;3850355001026;Hrana
SOK OD CIKLE ENCIAN 0,75 L;7973;Encian;0,7500;l;3,69;4,92;;;3,32;3859889425728;Piæa
Orah jezgra RFS;7987;;1,0000;kg;5,69;5,69;;;8,99;3858889331534;Hrana
Badem nps RFS;7991;;1,0000;kg;7,49;7,49;;;11,99;3858889330254;Hrana
JOGURT TEKUÆI DUKAT 180 g ;7995;Dukat;0,1800;kg;0,44;2,44;;;0,44;3850354000921;Hrana
Marelica suha RFS;8042;Primorac;1,0000;kg;10,99;10,99;;;10,99;3858889330711;Hrana
Šljiva suha bez koštica  RFS;8063;;1,0000;kg;10,59;10,59;;;7,99;3858889330742;Hrana
PISTACIO RFS;8086;;1,0000;kg;20,49;20,49;;;20,49;3858889331404;Hrana
KOŠTICE BUÆINE RFS;8098;;1,0000;kg;8,99;8,99;;;8,99;3858889331398;Hrana
KIKIRIKI LJUSKA RFS;8107;;1,0000;kg;4,99;4,99;;;4,99;3858889331374;Hrana
Smokva suha RFS;8111;;1,0000;kg;7,99;7,99;;;7,99;3872084001764;Hrana
INDIJSKI ORAH SLANI RFS;8118;;1,0000;kg;21,99;21,99;;;21,99;3858889331411;Hrana
VRHNJE ZA KAVU DUKAT 10X10 g;8133;Dukat;0,1000;kg;1,49;14,90;;;1,39;3850354006138;Hrana
VRHNJE ZA ŠLAG DUKAT 200 g;8142;Dukat;0,2000;kg;2,09;10,45;;;2,29;3850354001317;Hrana
RIŽA DU.ZRNO GALLO BLOND 1 kg;8185;Gallo;1,0000;kg;5,09;5,09;;;5,09;8001420003666;Hrana
ZAÈ.PAPRIKA SLAT.KOTANYI 100 g;8203;;0,1000;kg;2,49;24,90;;;2,25;9001414009208;Hrana
Student mix RFS;8219;;1,0000;kg;10,99;10,99;;;10,99;3858889330926;Hrana
RIŽA GALLO ARBORIO D.ZRNO 1 kg;8221;Gallo;1,0000;kg;5,99;5,99;;;5,99;8001420002911;Hrana
RIŽA DU.ZRN.INTEGRO GALLO 1 kg;8241;Gallo;1,0000;kg;4,99;4,99;;;4,89;8001420000788;Hrana
ZAÈIN PAPAR CRNI KOTANYI 100 g;8256;;0,1000;kg;4,49;44,90;;;3,98;9001414009741;Hrana
RIŽA D.ZR.PER RISOT.GALLO 1 kg;8257;Gallo;1,0000;kg;5,29;5,29;;;5,29;8001420001716;Hrana
RIŽA GALLO ORIGINARIO 1 kg;8274;;1,0000;kg;4,99;4,99;;;4,99;8001420001594;Hrana
RAJÈICA PASIRANA MUTTI 700 g;8291;;0,7000;kg;3,59;5,13;;;3,59;80042563;Hrana
Grah šareni RFS;8313;Vlastite potrebe;1,0000;kg;1,99;1,99;;;1,99;3858889330001;Hrana
UMAK MUTTI PIZZA 400 g ;8337;Mutti;0,4000;kg;2,89;7,23;;;2,89;8005110551215;Hrana
UMAK MUTTI PIZZA AROMATI.4,1kg;8341;Mutti;4,1000;kg;20,49;5,00;;;20,49;8005110551208;Hrana
PELATI RAJÈICA MUTTI 800g;8348;Mutti;0,5200;kg;2,79;5,37;;;2,79;8005110050008;Hrana
PELATI RAJÈICA MUTTI 400 g;8350;;0,2600;kg;1,89;7,27;;;1,59;8005110060007;Hrana
RAJÈICA POLPA MUTTI 400 g ;8352;;0,4000;kg;1,89;4,73;;;1,79;80042556;Hrana
GRAŠAK PODRAVKA 280 g;8495;Podravka;0,1600;kg;1,29;8,06;;;1,29;3850104050046;Hrana
KOKOS BRAŠNO ŠAFRAM 200 g;8511;Safram;0,2000;kg;0,95;4,75;;;1,19;3859888163386;Hrana
ROGAÈ MLJEVENI ŠAFRAM 200 g;8515;;0,2000;kg;;2,95;0,59;0,99;0,99;3859888163645;Hrana
MAK MLJEVENI ŠAFRAM 200 g;8517;Safram;0,2000;kg;;7,15;1,43;2,39;2,39;3859888163157;Hrana
KONZERVANS ŠAFRAM 10 g;8523;;0,0100;kg;0,39;39,00;;;0,39;3859888163003;Hrana
VINOBRAN ŠAFRAM 10 g;8525;Safram;0,0100;kg;0,39;39,00;;;0,39;3859888163348;Hrana
LIMUNSKA KISELINA ŠAFRAM 20 g;8528;;0,0200;kg;0,49;24,50;;;0,49;3859888163102;Hrana
Sir Emmentaler Illertaler ;8577;Stanic;1,0000;kg;16,99;16,99;;;16,99;4000504432020;Hrana
MUESLI ÈOKOLADA VIOLA 1 kg;8614;Viola;1,0000;kg;7,49;7,49;;;7,49;4000446017026;Hrana
MUESLI 6 VRSTA ŽITA.VIOLA 1 kg;8623;Viola;1,0000;kg;7,49;7,49;;;7,49;4000446017101;Hrana
MUESLI 5 VRSTA VOÆA VIOLA 1 kg;8628;Viola;1,0000;kg;7,49;7,49;;;7,49;4000446017019;Hrana
ZOB.PAH.WURZENER KRUPNE 500 g;8742;Wurzener;0,5000;kg;1,99;3,98;;;1,99;4013138003740;Hrana
CORNFLAKES ENCIAN 1 kg;8743;Wurzener;1,0000;kg;5,99;5,99;;;5,99;5907731602303;Hrana
SOJA LJUSPICE 200 g ;8760;Encian;0,2000;kg;1,99;9,95;;;1,99;3859889425094;Hrana
ŠLAG SPREJ B&F 30% M.M. 250 ml;8761;Dukat;0,2500;L;3,99;15,96;;;3,49;3850354018247;Hrana
ŠEÆER SMEÐI MUSCOVADO  500 g;8777;;0,5000;kg;4,49;8,98;;;4,49;3859889425063;Hrana
ŠEÆER SMEÐI DEMERARA 500 g;8782;Encian;0,5000;kg;2,99;5,98;;;2,99;3859889425742;Hrana
V.ROSE BENKOV.RUŽIÈ.0,75 L  ;8796;;0,7500;l;7,02;9,36;;;7,02;3850112163134;Piæa
VINO PLAVAC HVAR 0,75 L;8821;;0,7500;l;7,79;10,39;;;7,79;3850112169143;Piæa
VINO IVAN DOLAC HVAR 0,75 L;8827;;0,7500;l;16,02;21,36;;;16,02;3850112164018;Piæa
ULJE MASL.DJ.EXT.ŠKOJ TREN.1 L;8831;Trenton;1,0000;L;12,99;12,99;;;13,99;3859888906556;Hrana
VINO IVAN DOLAC BARRI.0,75 L;8843;;0,7500;l;19,18;25,57;;;19,18;3850112169051;Piæa
ULJE MASL.EXT.SPEC.TREN.0,25 L;8846;Trenton;0,2500;L;4,49;17,96;;;4,49;3859888906303;Hrana
VINO BADEL PLAVAC 0,75 L;8850;;0,7500;l;6,12;8,16;;;5,59;3850112170620;Piæa
VINO BADEL PLAVAC 1 L  ;8855;;1,0000;l;5,52;5,52;;;5,52;3850112170613;Piæa
VINO BADEL PELJEŠAC 1 L;8862;;1,0000;l;5,52;5,52;;;5,52;3850112170637;Piæa
ULJE MASL.EXTRA DJEV.TRENT.1 L;8864;Trenton;1,0000;L;12,99;12,99;;;12,99;3859888906037;Hrana
VINO BADEL PELJEŠAC  0,75 L;8867;;0,7500;l;6,12;8,16;;;6,12;3850112170644;Piæa
ULJE MASL.DJEV.EXTR.TREN.0.5 L;8870;Trenton;0,5000;L;6,99;13,98;;;6,99;3859888906044;Hrana
VINO BADEL PELJEŠAC 0,187L;8874;;0,1870;l;1,99;10,64;;;1,99;3850112170651;Piæa
RIŽA SCOTTI ARBORIO 1 kg;8883;Scotti;1,0000;kg;;3,19;3,19;4,99;4,99;8001860201011;Hrana
RIŽA SCOTTI ORO PARBOILED 1 kg;8888;Scotti;1,0000;kg;3,99;3,99;;;3,98;8001860190520;Hrana
ULJE MASLINOVO TRENTON 1 L;8896;Trenton;1,0000;L;7,99;7,99;;;7,99;3859888906051;Hrana
ALUMINIJSKA FOLIJA 30m;8903;;1,0000;kom;7,99;7,99;;;7,99;5949509000072;Proizvodi za kuæanstvo
RIŽA SCOTTI BASMATI 500 g;8907;;0,5000;kg;3,99;7,98;;;4,99;8001860260315;Hrana
PAŠTETA DIM.LOSOS TRENTON 90 g;8912;Trenton;0,0900;kg;2,09;23,22;;;2,09;3859888906464;Hrana
RAKIJA STARA ŠLJIVO.B.1862 1 L;8931;Badel;1,0000;l;16,02;16,02;;;16,02;3850112121097;Piæa
OCAT BALZAMIÈNI PONTI 500 ml ;8934;Ponti;0,5000;l;4,49;8,98;;;3,99;80228486;Hrana
OCAT BALZAMIÈNI PONTI 250 ml;8939;Ponti;0,2500;l;3,49;13,96;;;3,19;80522621;Hrana
VREÆE ZA SMEÆE 60L 15/1;8942;;15,0000;kom;4,64;0,31;;;4,64;4823071655087;Proizvodi za kuæanstvo
ŠEÆER SMEÐI DEMERARA 1 kg;8953;;1,0000;kg;5,39;5,39;;;5,39;5010651001146;Hrana
RAKIJA STARA ŠLJIV.B.1862 0,5L;8955;;0,5000;L;10,05;20,10;;;9,19;3850112121110;Piæa
FILETI INÆUNA TRENTON 110 g;8957;Trenton;0,0600;kg;4,79;79,83;;;4,29;3859888906488;Hrana
ŠEÆER SMEÐI MOLASSES 500 g;8966;Billington´S;0,5000;kg;3,59;7,18;;;3,59;5010651001412;Hrana
BRAND PRIMA 1 L BADEL 1862 ;8988;;1,0000;l;11,02;11,02;;;11,02;3850112141194;Piæa
BRAND PRIMA 0,5 L BADEL 1862;8992;;0,5000;l;7,02;14,04;;;7,02;3850112141217;Piæa
BRAND PRIMA 0.1L BADEL 1862;8994;;0,1000;l;1,65;16,50;;;1,65;3850112141231;Piæa
PASTA OD MASLINA TRENTON 165 g;9000;Trenton;0,1650;kg;2,69;16,30;;;2,99;3859888906334;Hrana
LIKER LAVOV 1L BADEL ;9001;;1,0000;l;13,05;13,05;;;13,22;3850112110015;Piæa
LIKER LAVOV 0,1L BADEL 1862;9005;;0,1000;l;1,65;16,50;;;1,65;3850112110404;Piæa
FOLIJA PRIJANJAJUÆA 60m;9007;;1,0000;kom;5,49;5,49;;;5,49;5949509001314;Proizvodi za kuæanstvo
LIKER PELINK.1 L BADEL 1862 ;9013;;1,0000;l;16,02;16,02;;;16,02;3850112110039;Piæa
LIKER PELINKOVAC BADEL 0,1 L ;9020;Badel;0,1000;l;1,69;16,90;;;1,69;3850112110398;Piæa
LIKER SV.KRUŠKOV.B1862 1 L ;9034;Badel;1,0000;l;10,02;10,02;;;10,02;3850112110169;Piæa
LIKER SVAT.KRUŠKO. BADEL  0,1L;9040;Badel;0,1000;L;1,65;16,50;;;1,65;3850112110497;Piæa
NAMAZ NUTELLA LJEŠNJAK 200 g;9052;Nutella;0,2000;kg;3,49;17,45;;;3,29;80135463;Hrana
NAMAZ NUTELLA LJEŠNJAK 400 g;9054;Nutella;0,4000;kg;4,69;11,73;;;4,39;80135876;Hrana
NAMAZ NUTELLA LJEŠNJAK 750 g;9056;Nutella;0,7500;kg;7,99;10,65;;;7,39;80176800;Hrana
VODKA VIGOR CLASSIC 0,1L BADEL;9102;;0,1000;L;1,69;16,90;;;1,69;3850112142283;Piæa
BADEL RUMBA DOMAÆI 1 L;9116;;1,0000;l;11,02;11,02;;;11,02;3850112145109;Piæa
BADEL RUMBA DOMAÆI 0,5 L;9117;;0,5000;L;7,02;14,04;;;7,02;3850112145123;Piæa
BADEL RUMBA DOMAÆI 0,1 L;9119;Badel;0,1000;l;1,69;16,90;;;1,69;3850112145147;Piæa
VINO CR.POLUSLAT.VENUS 1 L ;9129;;1,0000;l;4,79;4,79;;;4,89;3859892866884;Piæa
VINO MALVAZIJA ISTARSKA 1 L;9130;;1,0000;L;7,52;7,52;;;7,52;3858881193321;Piæa
VINO VRANAC VINEA 1 L;9133;;1,0000;l;4,79;4,79;;;4,79;3859892866938;Piæa
VINO  POSTUP DONJA BAN.0,75 L ;9137;;0,7500;l;14,22;18,96;;;14,22;3859893014017;Piæa
BLACKY VODKA ŠUMSKO VOÆE 0,7 L;9152;Istravino;0,7000;l;8,19;11,70;;;8,49;4000152004570;Piæa
VINO TRAMINAC KB ILOÈKI P.0,5L;9182;;0,5000;l;20,02;40,04;;;20,02;3859889556873;Piæa
OSVJ.PIÆE YIPPY JABUKA 0,2 L ;9197;;0,2000;l;0,69;3,45;;;0,69;9008700149242;Piæa
OSVJ.PIÆE YIPPY NARANÈA 0,2 L ;9199;;0,2000;l;0,69;3,45;;;0,69;9008700149266;Piæa
NEKTAR BRAVO MULTIVITAMIN 2 L;9224;Bravo;2,0000;l;;1,12;2,23;3,19;2,99;90020841;Piæa
NEKTAR BRAVO NARANÈA 2 L ;9225;Bravo;2,0000;l;;1,40;2,79;3,99;3,69;9008700145268;Piæa
KREMA ZA TORTE DR.OET.VAN.45 g;9247;Dr. Oetker;0,0450;kg;1,59;35,33;;;1,59;5997381375702;Hrana
LOSION POS. BR.RALON 50 ml;9248;Ralon;0,0500;L;2,69;53,80;;;2,69;3856007900983;Kozmetika
LOSION POS. BR.RALON  85 ml;9250;Ralon;0,0850;L;3,69;43,41;;;3,69;3856007900976;Kozmetika
KREMA ZA TORTE DR.OETK.ÈOK.45g;9258;Dr. Oetker;0,0450;kg;1,59;35,33;;;1,59;5997381375696;Hrana
KREMFIX DR.OETKER 10g;9260;Dr. Oetker;0,0100;kg;0,49;49,00;;;0,49;5997381312288;Hrana
KONZERVANS DR.OETKER 8g;9274;Dr. Oetker;0,0080;kg;0,29;36,25;;;0,29;5997381324205;Hrana
DŽEMFIX DR.OETKER 25 g;9309;Dr. Oetker;0,0250;kg;1,39;55,60;;;1,39;5997381370875;Hrana
SPR.PITROID PROTIV KUKA.400 ml;9331;;0,4000;L;4,19;10,48;;;4,19;3856007902024;Proizvodi za kuæanstvo
FIX PIKANT DR.OET.KISELI 100 g;9334;Dr. Oetker;0,1000;kg;0,99;9,90;;;0,99;5997381327077;Hrana
PUDING ÈOKOLADA DR.OETKER 49 g;9344;Dr. Oetker;0,0490;kg;0,79;16,12;;;0,79;5997381312356;Hrana
PUDING VANILIJA DR.OETKER 38 g;9347;Dr. Oetker;0,0380;kg;0,79;20,79;;;0,79;5997381375610;Hrana
PUDING SL.VRHNJE DR.OETKER 40g;9352;Dr. Oetker;0,0400;kg;0,79;19,75;;;0,79;5997381312387;Hrana
KVASAC INSTANT DR.OETKER 7 g;9361;Dr. Oetker;0,0080;kg;0,59;73,75;;;0,59;4000521000349;Hrana
KREMA GALETTA DR.OETK.VAN.85 g;9368;Dr. Oetker;0,0850;kg;1,19;14,00;;;1,19;5997381372725;Hrana
PUDING VRHNJE DR.OETKER 120g ;9406;Dr. Oetker;0,1200;kg;2,19;18,25;;;2,19;5997381320658;Hrana
PUDING MALINA DR.OETKER 120g ;9410;Dr. Oetker;0,1200;kg;2,19;18,25;;;2,19;5997381320634;Hrana
GUSTIN DR.OETKER 200g;9412;Dr. Oetker;0,2000;kg;1,89;9,45;;;1,89;5997381343664;Hrana
HRANA ZA PSE CESAR TEL.150 g;9420;Cesar;0,1500;kg;1,79;11,93;;;1,79;4008429158766;Proizvodi za kuæanstvo
KREMFIX DR.OETKER 30g 3/1;9422;Dr. Oetker;0,0300;kg;1,29;43,00;;;1,29;5997381321228;Hrana
PRAŠ.PECIVO DR.OETK.12 g (5+1);9431;Dr. Oetker;0,0600;kg;1,10;18,33;;;1,10;5997381375511;Hrana
VANIL.ŠEÆER DR.OETKER 8 g(5+1);9437;Dr. Oetker;0,0400;kg;1,10;27,50;;;1,10;5997381375566;Hrana
KOLAÈ KREMŠNITE DR.OETKE.230 g;9447;Dr. Oetker;0,2300;kg;2,39;10,39;;;3,19;5997381329415;Hrana
VANILIN ŠEÆER DR.OETKER 8 g;9483;Dr. Oetker;0,0080;kg;0,22;27,50;;;0,22;5997381375542;Hrana
PRAŠAK ZA PECIVO DR.OETKE.12 g;9498;Dr. Oetker;0,0120;kg;0,22;18,33;;;0,22;5997381375498;Hrana
PRELJ. ZA TORTE SVIJETLI 12GX3;9499;Dr. Oetker;0,0360;kg;2,39;66,39;;;2,39;5997381370738;Hrana
PRELJEV ZA TORTE SVIJETLI 12 g;9508;Dr. Oetker;0,0120;kg;0,99;82,50;;;0,99;5997381370714;Hrana
ŽELATINA MLJEVEN.BIJELA 3X10 g;9510;Dr. Oetker;0,0300;kg;2,49;83,00;;;2,49;5997381370707;Hrana
PRELJEV ZA TORTE CRVENI 3X12g;9535;Dr. Oetker;0,0360;kg;2,39;66,39;;;2,39;5997381324151;Hrana
KOLAÈ PRINCES KRAFNE 310 g;9537;Dr. Oetker;0,3100;kg;;9,65;2,99;3,99;3,99;5997381319546;Hrana
ŽELATINA MLJEVENA BIJELA 10 g;9541;Dr. Oetker;0,0100;kg;0,99;99,00;;;0,99;5997381370387;Hrana
SMJESA ZA PALAÈINKE 215g;9542;Dr. Oetker;0,2150;kg;;8,60;1,85;2,49;2,49;5997381329439;Hrana
ŽELATINA U LISTIÆ. BIJELA 10g;9546;Dr. Oetker;0,0100;kg;1,79;179,00;;;1,79;4000521741204;Hrana
RIŽA NA MLIJ.DR.OETK.VAN.125 g;9552;Dr. Oetker;0,1250;kg;2,39;19,12;;;2,39;5997381370097;Hrana
RIŽA NA MLIJEKU KLASSIK 125g;9585;Dr. Oetker;0,1250;kg;2,39;19,12;;;2,39;5997381369787;Hrana
HRANA ZA PSE CES.PUR.GOV.150 g;9592;Cesar;0,1500;kg;1,79;11,93;;;1,79;4008429041013;Proizvodi za kuæanstvo
MUSLI VITALIS MED 375 g;9653;Vitalis;0,3750;kg;4,39;11,71;;;4,39;4000521644604;Hrana
PRELJEV ZA TORTE CRVENI 12g;9656;Dr. Oetker;0,0120;kg;0,99;82,50;;;0,99;5997381321822;Hrana
PREZERVATIV DUREX EX.SAFE 3/1;9665;Durex;3,0000;kom;2,99;1,00;;;3,49;5010232968028;Toaletne potrepštine
PREZERVATIV DUREX CLASSIC 3/1;9669;Durex;3,0000;kom;3,79;1,26;;;3,49;5038483159941;Toaletne potrepštine
PREZ.DUREX  FEEL INTIMATE 3/1;9672;Durex;3,0000;kom;4,69;1,56;;;4,29;5010232968011;Toaletne potrepštine
MUSLI VITALIS ÈOKOLADA 375 g;9681;Vitalis;0,3750;kg;4,39;11,71;;;4,39;4000521642105;Hrana
MUSLI VITALIS MED 600 g;9689;Vitalis;0,6000;kg;5,99;9,98;;;5,99;4000521661304;Hrana
OCAT ACETO BALSAMICO 250 ml;9773;Il Torrione;0,2500;l;2,99;11,96;;;3,99;8014347000076;Hrana
SIR PARMIGIANO GIGLIO 200 g;9874;;0,2000;kg;7,99;39,95;;;7,99;8011661001154;Hrana
SIR GRANA PADANO PARMA 200 g ;9885;Grana;0,2000;kg;5,49;27,45;;;5,49;8011661000737;Hrana
GEL WC NET ODST.KAMENCA 750 ml;9886;Wc Net;0,7500;l;;2,12;1,59;2,75;2,75;8004050021123;Sredstva za èišæenje
OCAT JABUÈNI BARRIQUE 500 ml;9894;Mautner Markhof;0,5000;l;4,49;8,98;;;4,69;9011900138343;Hrana
OCAT JABUÈNI 5% 1000 ml;9903;Mautner Markhof;1,0000;l;2,79;2,79;;;2,79;9011900104683;Hrana
SENF ESTRAGON MAUTNERMA.200 g;9906;Mautner Markhof;0,2000;kg;1,79;8,95;;;1,19;9011900139616;Hrana
UMAK POCOLOCO RAJÈICA 315 g;9911;Poco Loco;0,3150;kg;3,09;9,81;;;3,09;5412514999919;Hrana
UMAK POCOLOCO TORTILLA 300 g;9918;;0,3000;kg;4,09;13,63;;;4,09;5412514999940;Hrana
HREN STOLNI MAUTNERMARK.100 g;9921;Mautner Markhof;0,1000;kg;1,98;19,80;;;1,98;90119736;Hrana
SENF L ANCIENNE STAKLO 190 ml;9928;;0,1900;l;3,59;18,89;;;3,59;3563490110125;Hrana
SENF DIJON LJUTI STAK. 200 ml;9930;;0,2000;l;3,39;16,95;;;3,39;3563490010098;Hrana
KOLAÈ PRINCES KRA.PAVONE 100 g;9962;;0,1000;kg;2,59;25,90;;;2,59;8006420101008;Hrana
KOLAÈ PRINCES KRA.PAVONE 200 g;9966;;0,2000;kg;4,79;23,95;;;4,79;8006420102005;Hrana
OCAT ACETO BALSAMICO 250 ml;9973;Monari;0,2500;l;3,09;12,36;;;3,39;8003185003981;Hrana
OCAT BALSAMICO SILVER 500 ml;9976;Monari;0,5000;l;3,99;7,98;;;4,49;8003185008931;Hrana
OCAT BALSAM.STANDARD 500 ml;9978;Monari;0,5000;l;2,99;5,98;;;3,49;8003185000010;Hrana
PESTO SACLA ARRABIATA 190 g;9980;Sacla;0,1900;kg;3,29;17,32;;;3,29;8001060001930;Hrana
PESTO SACLA BOSILJAK 190 g;9998;Sacla;0,1900;kg;3,99;21,00;;;3,99;8001060001848;Hrana
TAMPONI O.B.NORMAL 16/1;10033;o.b.;16,0000;kom;4,29;0,27;;;4,09;3574660089318;Toaletne potrepštine
TAMPONI O.B.SUPER 16/1;10040;o.b.;16,0000;kom;4,35;0,27;;;4,19;3574660089332;Toaletne potrepštine
TAMP.O.B.PRO COMFO.NORMAL 16/1;10058;o.b.;16,0000;kom;4,39;0,27;;;4,19;3574660234428;Toaletne potrepštine
TAMP.O.B.PRO COMFO.SUPER 16/1;10072;o.b.;16,0000;kom;4,39;0,27;;;4,19;3574660234541;Toaletne potrepštine
ÈOK.DORINA S LEDENI.PUNJ.100 g;10087;Dorina;0,1000;kg;1,49;14,90;;;1,99;3850102117215;Hrana
ÈOK.DORINA MLIJEÈNA  80 g;10100;Dorina;0,0800;kg;1,03;12,88;;;1,03;3850102111961;Hrana
ÈOK.DORINA KUHANJE KRAŠ 200 g;10197;Dorina;0,2000;kg;;15,55;3,11;3,89;3,89;3850102113613;Hrana
ÈOK.DORINA KUHANJE KRAŠ 100 g;10205;Dorina;0,1000;kg;;16,70;1,67;2,09;2,09;3850102714735;Hrana
ÈOK.DORINA KEKS  80 g;10228;Dorina;0,0800;kg;1,89;23,63;;;1,89;3850102117970;Hrana
CORNFLAKES BRUGGEN 500 g;10304;;0,5000;kg;2,19;4,38;;;2,19;4008713713619;Hrana
ZOB.PAH.BRUGGEN SITNE 500 g;10316;Bruggen;0,5000;kg;0,99;1,98;;;0,99;4008713702804;Hrana
BOMBONI PEPERMINT KRAŠ 100 g;10331;Kraš;0,1000;kg;1,29;12,90;;;1,29;3850102210312;Hrana
BOMBONI 505 BEZ ŠEÆERA 80 g;10380;Kraš;0,0800;kg;1,49;18,63;;;1,49;3850102216383;Hrana
BOMBONI MENTOL BEZ ŠEÆ. 80 g;10381;Kraš;0,0800;kg;1,49;18,63;;;1,49;3850102212460;Hrana
TJEST.DE CECCO FUSILLI 500g;10383;De Cecco;0,5000;kg;3,39;6,78;;;3,39;8001250120342;Hrana
TJES.DE CECCO PENNE RIGATE500g;10385;De Cecco;0,5000;kg;3,39;6,78;;;3,39;8001250120410;Hrana
PRELJEV SL.GREH ÈOKOLADA 230 g;10393;Sladki Greh;0,2300;kg;4,99;21,70;;;3,79;3838900032787;Hrana
BOMBONI MENTOL ZELENI 100 g;10402;Kraš;0,1000;kg;0,89;8,90;;;0,89;3850102215614;Hrana
BOMBONIJERA BAJADERA 200 g;10406;Bajadera;0,2000;kg;5,99;29,95;;;5,99;3850102230044;Hrana
BOMBONIJERA BAJADERA 300 g;10408;Bajadera;0,3000;kg;8,59;28,63;;;8,99;3850102230051;Hrana
TJES.DE CECCO FARFALLE 500g;10413;De Cecco;0,5000;kg;3,39;6,78;;;3,39;8001250120939;Hrana
BOMBONIJERA BAJADERA 500 g;10415;Bajadera;0,5000;kg;11,99;23,98;;;12,74;3850102230068;Hrana
KEKS SPORT KRAŠ 300 g;10429;Kraš;0,3000;kg;1,79;5,97;;;1,79;3850102310111;Hrana
KEKS PETIT BEURRE 200 g;10453;Kraš;0,2000;kg;1,59;7,95;;;1,59;3850102311163;Hrana
KEKS PETIT BEURRE 480 g;10462;Kraš;0,4800;kg;2,99;6,23;;;2,99;3850102311439;Hrana
KEKS PETIT BEURRE 960 g;10464;Kraš;0,9600;kg;5,09;5,30;;;5,09;3850102311446;Hrana
KEKS SPORT KRAŠ 1000 g;10468;Kraš;1,0000;kg;4,19;4,19;;;4,19;3850102311507;Hrana
NAPOLITANKE ÈOKOLAD.KRAŠ 500 g;10498;Kraš;0,5000;kg;6,29;12,58;;;4,99;3850102320073;Hrana
NAPOLITANKE ÈOKOL.KRAŠ 250 g;10503;Kraš;0,2500;kg;3,99;15,96;;;3,99;3850102320080;Hrana
NAPOL.LJEŠNJAK DIJETNA 50 g;10535;Kraš;0,0500;kg;1,09;21,80;;;1,06;3850102323463;Hrana
LIZALICA ŽIV.CARST.LIZLI 15 g;10558;Kraš;0,0150;kg;0,69;46,00;;;0,69;38500633;Hrana
ÈOK.LINDT EXC.TAMNA 85% 100 g;10578;Lindt;0,1000;kg;;34,90;3,49;3,98;2,98;3046920028363;Hrana
HRANA ZA PSE FRISK.ACT.500 g;10588;Friskies;0,5000;kg;2,29;4,58;;;2,29;7613031395460;Proizvodi za kuæanstvo
HRANA ZA PSE FRISK.JUN.500 g;10595;Friskies;0,5000;kg;2,29;4,58;;;2,29;5997204513199;Proizvodi za kuæanstvo
ODSTR.MRLJA DR.BECKMANN 250 ml;10622;Dr. Beckmann;0,2500;L;3,45;13,80;;;3,39;4008455342313;Sredstva za èišæenje
KRUH SA SUNCOKRETOM 500 g;10628;;0,5000;kg;2,49;4,98;;;2,46;4000446001742;Hrana
ÈOK.LINDT EXC.TAM.S NAR.100 g;10637;Lindt;0,1000;kg;;34,90;3,49;3,98;2,98;3046920028370;Hrana
KRUH OD 3 VRSTE ŽITARICA 500 g;10655;Encian;0,5000;kg;2,39;4,78;;;2,39;4000446001735;Hrana
KRUH FITNESS 500 g;10657;;0,5000;kg;2,32;4,64;;;2,32;4000446001780;Hrana
HRA.ZA MAÈ.WHISK.GOV.MRK.300 g;10692;Whiskas;0,3000;kg;2,39;7,97;;;2,39;5998749144183;Proizvodi za kuæanstvo
HRANA ZA MAÈKE WHIS.JANJ.300 g;10699;Whiskas;0,3000;kg;2,39;7,97;;;2,39;5900951305719;Proizvodi za kuæanstvo
PRALINE LINDOR MILK 200 g;10701;Lindor;0,2000;kg;;32,45;6,49;8,97;6,98;7610400082549;Hrana
HRANA ZA MAÈ.WHI.PIL.POV.300 g;10709;Whiskas;0,3000;kg;2,39;7,97;;;2,39;5900951014055;Proizvodi za kuæanstvo
HRANA ZA MAÈ.WHI.JUN.PIL.300 g;10715;Whiskas;0,3000;kg;2,39;7,97;;;2,39;5900951014079;Proizvodi za kuæanstvo
GEL WC NET MOUNTAI.FRES.750 ml;10740;Wc Net;0,7500;l;;2,12;1,59;2,75;2,75;8004050036707;Sredstva za èišæenje
HRA.ZA MAÈ.GOUR.GOLD PIL.85 g;10780;Gourmet Gold;0,0850;kg;0,89;10,47;;;0,92;7613032816537;Proizvodi za kuæanstvo
HRA.ZA MAÈ.GOUR.GOLD PUR.85 g;10783;Gourmet;0,0850;kg;0,89;10,47;;;0,92;7613032814953;Proizvodi za kuæanstvo
HRA.ZA MAÈ.GOUR.GOLD TUNA 85 g;10799;Gourmet Gold;0,0850;kg;0,89;10,47;;;0,92;7613032814526;Proizvodi za kuæanstvo
HRA.ZA MAÈ.GOU.GO.PIL.JET.85 g;10801;Gourmet Gold;0,0850;kg;0,89;10,47;;;0,92;7613032814601;Proizvodi za kuæanstvo
MAÈ.HRANA GOURM.PIL.LOS.85 g;10806;Gourmet;0,0850;kg;0,89;10,47;;;0,92;7613032815318;Proizvodi za kuæanstvo
TOFFIFEE 125 g;10946;Toffifee;0,1250;kg;2,99;23,92;;;2,99;4014400400007;Hrana
BOMBONIJERA MERCI 400 g;10948;Merci;0,4000;kg;;25,48;10,19;13,59;13,59;4014400900217;Hrana
BOMBO.MERCI FINEST SELEC.250 g;10951;Merci;0,2500;kg;;23,96;5,99;7,99;7,99;4014400901191;Hrana
BOMBONIJERA MERCI HELLE 250 g;10954;Merci;0,2500;kg;;23,96;5,99;7,99;7,99;4014400901405;Hrana
BOMBONIJERA MERCI HERBE 250 g;10957;Merci;0,2500;kg;;21,56;5,39;7,19;7,99;4014400901412;Hrana
CHAMPAGNE MOET CHANDON 0,75 L;10976;Moet & Chandon;0,7500;l;;66,65;49,99;56,99;54,99;3185370729960;Piæa
CHAMPAGNE DOM PERIGNON 0,75 L;10978;Moet & Chandon;0,7500;l;290,99;387,99;;;300,02;3185370735695;Piæa
PJEN.ZLATA PENINA RADG.0,75 L;10982;;0,7500;l;16,92;22,56;;;16,92;3830000341011;Piæa
PJEN.SREBERNA PENIN.RADG0,75 L;10984;;0,7500;l;;9,99;7,49;9,82;9,82;3830000341110;Piæa
PJENUŠAC HENKELL TROC.0,75 L;10994;Henkell;0,7500;l;;11,99;8,99;10,99;10,89;4003310011625;Piæa
ÈETK.ZA ZUBE COLGATE EX. 1+1;11002;Colgate;1,0000;kom;2,29;2,29;;;2,29;8714789732244;Kozmetika
ÈETK.ZA ZUBE COL.ZIG ZAG 1 kom;11006;Colgate;1,0000;kom;2,09;2,09;;;1,99;7610196003544;Kozmetika
LIKER BAILEYS 0,7 L ;11024;Baileys;0,7000;l;;25,70;17,99;22,99;24,29;5011013100156;Piæa
ZUB.PASTA COLGATE ADVAN.75 ml;11052;Colgate;0,0750;L;2,99;39,87;;;2,79;8718951312173;Kozmetika
VODKA SMIRNOFF RED 1 L;11071;;1,0000;L;20,89;20,89;;;20,89;5410316994026;Piæa
VODKA SMIRNOFF RED 0,7 L ;11074;Smirnoff;0,7000;l;16,69;23,84;;;16,79;5410316671118;Piæa
LIKER SHERIDANS 0,7 L;11078;;0,7000;l;30,38;43,40;;;30,38;5011013500680;Piæa
GIN GORDONS DRY 0,70 L;11093;Gordon's;0,7000;l;20,49;29,27;;;18,99;5000289925440;Piæa
RUM CAPTAIN MORGAN 0,7 L;11123;;0,7000;l;17,79;25,41;;;18,99;5000299223017;Piæa
LJEPILO ZA MIŠEVE 135 g;11125;Indor;0,1350;kg;1,79;13,26;;;1,79;8005831003895;Proizvodi za kuæanstvo
NAMAZ SCHWARTAU MARELICA 340 g;11141;Schwartau;0,3400;kg;4,99;14,68;;;5,19;4011800840310;Hrana
ODST.LAKA ZA NOKTE NORM.125 ml;11151;Indor;0,1250;L;0,99;7,92;;;0,99;8008423201013;Kozmetika
ODSTR.LAKA ZA NOKTE KAL.125 ml;11157;Indor;0,1250;L;1,09;8,72;;;1,09;8008423400539;Kozmetika
WHISKEY J.W. RED LABEL 1 L;11158;Johnnie Walker;1,0000;L;24,09;24,09;;;26,19;5000267013602;Piæa
ODSTR.LAKA ZA NOK.ULJNI 125 ml;11160;Indor;0,1250;L;1,09;8,72;;;1,09;8008423201112;Kozmetika
ZAÈIN CIMET NADALINA 38 g;11183;;0,0380;kg;2,19;57,63;;;2,09;3858881585126;Hrana
NAMAZ SCHWARTAU JAGODA 340 g;11189;Schwartau;0,3400;kg;4,99;14,68;;;5,19;4011800840518;Hrana
NAMAZ SCHWARTAU VIŠNJA 340 g;11205;Schwartau;0,3400;kg;3,99;11,74;;;3,99;4011800841416;Hrana
NAMAZ SCHWARTAU NARANÈA 340 g;11213;Schwartau;0,3400;kg;3,99;11,74;;;3,99;4011800841119;Hrana
ZAÈIN MJ.VEGETA PODRAVKA 1 kg;11214;;1,0000;kg;7,69;7,69;;;7,69;3850104047046;Hrana
HENNESSY VS 0,7 L ;11220;Hennessy;0,7000;l;;49,99;34,99;42,02;42,02;3245995960015;Piæa
NAM.SCHWARTAU BOROVNICA 340 g;11222;Schwartau;0,3400;kg;5,19;15,26;;;5,19;4011800840815;Hrana
TEK.SAP.PALMOLIVE M&H 300 ml;11231;Palmolive;0,3000;L;3,09;10,30;;;2,89;8003520013026;Kozmetika
ZAÈIN MJ.VEGETA PODRAVKA 500 g;11234;;0,5000;kg;3,99;7,98;;;3,99;3850104008443;Hrana
NAMAZ SCHWARTAU ŠUM.VOÆE 340 g;11235;Schwartau;0,3400;kg;4,99;14,68;;;5,19;4011800841812;Hrana
ZAÈIN MJ.VEGETA PODRAVKA 250 g;11241;Podravka;0,2500;kg;2,19;8,76;;;2,19;3850104008597;Hrana
GRAŠAK PODRAVKA 420 g ;11247;Podravka;0,2600;kg;;4,27;1,11;1,49;1,49;3850104050862;Hrana
ZAÈIN MJ.VEGETA PODRAVKA 75 g;11248;;0,0750;kg;1,09;14,53;;;1,09;3850104008054;Hrana
GRAŠAK PODRAVKA 850 g;11249;Podravka;0,5200;kg;2,59;4,98;;;2,59;3850104050053;Hrana
ZAÈIN ÈEŠNJAK NADALINA 50 g;11255;Nadalina;0,0500;kg;3,49;69,80;;;3,49;3858881585041;Hrana
ZAÈ.MJ.DALMATI.NADALINA 18g;11262;;0,0180;kg;2,19;121,67;;;1,99;3858881586079;Hrana
MAHUNE PODRAVKA 420 g ;11263;Podravka;0,1800;kg;1,59;8,83;;;1,59;3850104050015;Hrana
KUKURUZ ŠEÆERAC PODRAVKA 340 g;11284;Podravka;0,2800;kg;;4,79;1,34;1,69;1,59;3850104063435;Hrana
ÈAJ PODRAVKA ŠIPAK 60 g;11338;Podravka;0,0600;kg;2,09;34,83;;;2,09;3850104072710;Piæa
ÈAJ PODRAVKA KAMILICA 20 g;11342;Podravka;0,0200;kg;1,59;79,50;;;1,59;3850104072727;Piæa
KRASTAVCI PODRAVKA DELIK.330 g;11347;Podravka;0,1750;kg;2,49;14,23;;;2,49;3850104093012;Hrana
KRASTAVCI PODRAVKA DELIK.670 g;11351;Podravka;0,3700;kg;2,99;8,08;;;2,99;3850104050244;Hrana
INS.KAV.CRONAT GOLD STAK.100 g;11378;Jacobs;0,1000;kg;8,89;88,90;;;7,69;8711000532874;Piæa
INS.KAV.JACOBS CRON.GOLD 200 g;11381;Jacobs;0,2000;kg;14,99;74,95;;;12,99;8711000532904;Piæa
PAPRIKA PODRAVKA PEÈENA 650 g;11383;Podravka;0,4000;kg;3,99;9,98;;;3,99;3850104209291;Hrana
ÈAJ PODRAVKA ŠUMSKO VOÆE 50 g;11394;Podravka;0,0500;kg;2,29;45,80;;;2,05;3850104425110;Piæa
VODKA SEGESTICA TROJKA 1 L;11425;;1,0000;L;10,02;10,02;;;10,02;3850112144027;Piæa
KNEDLI GRIS PODRAVKA 60 g;11479;;0,0600;kg;1,59;26,50;;;1,59;3850104048500;Hrana
SLAD.CARTE D´OR VANILIJA 1 L;11566;Carte D'or;1,0000;L;7,79;7,79;;;6,99;8722700127796;Hrana
JUHA ŠVICARSKA PODRAVKA 54 g ;11619;;0,0540;kg;1,39;25,74;;;1,49;3850104007385;Hrana
JUHA SVATOVSKA PODRAVKA 58 g ;11625;;0,0580;kg;1,39;23,97;;;1,49;3850104004964;Hrana
JUHA KOKOŠJA PODRAVKA 60 g ;11631;;0,0600;kg;1,59;26,50;;;1,59;3850104002038;Hrana
JUHA DALMATINSKA PODRAV.60 g ;11655;Podravka;0,0600;kg;0,99;16,50;;;0,99;3850104003837;Hrana
TEK.SAP.PALMOLIVE ANTIB.300 ml;11658;Palmolive;0,3000;L;3,09;10,30;;;2,89;8003520012944;Kozmetika
JUHA KOKOŠJA PODRAVKA 62 g ;11662;Podravka;0,0620;kg;0,99;15,97;;;0,99;3850104003189;Hrana
TEK.SAP.PALMOLIVE AQUAR.300 ml;11664;Palmolive;0,3000;L;3,09;10,30;;;2,89;8003520013040;Kozmetika
JUHA BEÈKA PODRAVKA 62 g ;11666;;0,0620;kg;1,39;22,42;;;1,49;3850104088162;Hrana
JUHA FRANCUSKA PODRAVKA 64 g ;11671;;0,0640;kg;1,39;21,72;;;1,39;3850104003219;Hrana
JUHA GOVEÐA PODRAVKA 65 g;11675;;0,0650;kg;0,99;15,23;;;0,99;3850104003134;Hrana
MLINAC MJ.4 PAPRA NAD. 45 g;11676;;0,0450;kg;5,99;133,11;;;5,99;3858881586062;Hrana
JUHA TIROLSKA PODRAVKA 67 g ;11678;;0,0670;kg;1,39;20,75;;;1,49;3850104006777;Hrana
MOR.SOL NADALI.BOÈICA 100 g;11682;Nadalina;0,1000;kg;1,59;15,90;;;1,59;3858881585195;Hrana
JUHA LOVAÈKA PODRAVKA 68 g ;11683;;0,0680;kg;1,39;20,44;;;1,39;3850104002700;Hrana
ZAÈ.ORAŠÈIÆ MLJEV.NADALI.35 g ;11688;Nadalina;0,0350;kg;3,99;114,00;;;3,99;3858881585140;Hrana
JUHA SLAVONSKA PODRAVKA 76 g;11689;;0,0760;kg;1,39;18,29;;;1,39;3850104007743;Hrana
JUHA MINESTRONE PODRAVKA 60 g;11691;;0,0600;kg;1,39;23,17;;;1,39;3850104244674;Hrana
ZAÈIN ORIGANO  NADALINA 15g;11699;;0,0150;kg;2,09;139,33;;;1,99;3858881585010;Hrana
ÈOKOLADA MILKA JAGODA 300 g;11981;Milka;0,3000;kg;5,99;19,97;;;5,99;7622200007769;Hrana
ÈOK.MILKA JAG.JOGURT 100 g;12014;Milka;0,1000;kg;;14,90;1,49;2,49;2,49;7622200007332;Hrana
GROŽÐICA NATURA SUHA 500 g;12027;;0,5000;kg;3,34;6,68;;;3,34;3113074601077;Hrana
POV. ZA FRANCUSKU SALATU 450 g;12072;Podravka;0,4500;kg;1,89;4,20;;;1,89;3858885110164;Hrana
INS.KAVA NESCAFE GOL BK 100 g;12148;Nescafe;0,1000;kg;8,99;89,90;;;8,19;7613036330688;Piæa
KUPKA PALM.MILK&HONEY 500 ml;12161;Palmolive;0,5000;L;4,49;8,98;;;4,49;8714789733159;Kozmetika
KUPKA PALMOLIVE SENSIT.500 ml;12168;Palmolive;0,5000;L;4,49;8,98;;;4,49;8718951259119;Kozmetika
INST.KAVA NESCAF.CLASSIC 250 g;12169;Nescafe;0,2500;kg;12,99;51,96;;;11,99;7891000254912;Piæa
GEL TUŠ.PALMOLIVE SENSI.250 ml;12183;Palmolive;0,2500;L;2,65;10,60;;;2,65;5997530171322;Kozmetika
GEL TUŠ.PALMOLIVE MILK& 250 ml;12185;Palmolive;0,2500;L;2,65;10,60;;;2,65;5996175232313;Kozmetika
GEL TUŠ.PALMOLIVE MILK&250 ml;12194;Palmolive;0,2500;L;2,65;10,60;;;2,65;5996175232290;Kozmetika
INS.K.NESCAFE CLASSIC LI.100 g;12195;Nescafe;0,1000;kg;6,49;64,90;;;5,69;7891000255049;Piæa
INSTANT KAKAO NESQUIK 400 g;12259;Nesquik;0,4000;kg;5,19;12,98;;;5,19;5998710960736;Piæa
INSTANT KAKAO NESQUIK 800 g;12264;Nesquik;0,8000;kg;8,99;11,24;;;8,99;5998710960798;Piæa
INSTANT KAKAO NESQUIK 200 g;12269;Nesquik;0,2000;kg;3,39;16,95;;;3,39;5998710960729;Piæa
ÈETKA ZA RUKE;12281;;1,0000;kom;1,85;1,85;;;1,85;4008033610513;Proizvodi za kuæanstvo
LIST.ZA PITE I SAVI.TENA 500 g;12282;Tena;0,5000;kg;1,99;3,98;;;1,89;3859892466008;Hrana
BOJA COLOR NATURALS ZA KOSU ;12287;Garnier;1,0000;kom;4,99;4,99;;;4,99;3600540335593;Kozmetika
ŽITNA KAŠICA RIŽOLINO 150 g;12296;Lino;0,1500;kg;2,59;17,27;;;2,59;3850104017230;Hrana
BOJA COLOR NATURALS ZA KOSU 3;12312;Garnier;1,0000;kom;4,99;4,99;;;4,99;3600540335609;Kozmetika
BOJA COLOR NATURALS ZA KOSU  4;12355;Garnier;1,0000;kom;4,99;4,99;;;4,99;3600540335616;Kozmetika
ŽITNA KAŠICA ÈOKOLINO 500 g;12364;Èokolino;0,5000;kg;4,99;9,98;;;3,49;3850104210259;Hrana
BOJA COLOR NATURALS ZA KOS 4,3;12365;Garnier;1,0000;kom;4,99;4,99;;;4,99;3600540335760;Kozmetika
ŽITNA KAŠICA ÈOKOLINO 1 kg;12371;Èokolino;1,0000;kg;8,99;8,99;;;8,99;3850104017537;Hrana
BOJA COLOR NATURALS ZA KOSU 5;12384;Garnier;1,0000;kom;4,99;4,99;;;4,99;3600540335623;Kozmetika
BOJA COLOR NATURALS ZA KO.6.34;12417;Garnier;1,0000;kom;4,99;4,99;;;4,99;3600540335906;Kozmetika
MAJ./KETCHUP THOMY TUBA 190 g;12429;Thomy;0,1900;kg;;10,47;1,99;2,49;2,49;7613287146694;Hrana
BOJA COLOR NATURALS ZA KOSU 7 ;12431;Garnier;1,0000;kom;4,99;4,99;;;4,99;3600540335647;Kozmetika
TARTAR THOMY TUBA 180 g;12435;Thomy;0,1800;kg;;11,06;1,99;2,49;2,49;8445291315006;Hrana
BOJA COLOR NATURALS ZA KO. 7.1;12439;Garnier;1,0000;kom;4,99;4,99;;;4,99;3600540335692;Kozmetika
BOJA COLOR NATURALS ZA KOSU 8;12462;Garnier;1,0000;kom;4,99;4,99;;;4,99;3600540335654;Kozmetika
UNI.SRED.AJAX SPR.FLOW.1 L;12474;Ajax;1,0000;L;3,69;3,69;;;3,65;8718951278424;Sredstva za èišæenje
UN.SRED.AJAX LAG.FLOWER 1 L;12482;Ajax;1,0000;L;3,69;3,69;;;3,69;8718951278486;Sredstva za èišæenje
BOJA COLOR NATURALS ZA KO. 8.1;12490;Garnier;1,0000;kom;4,99;4,99;;;4,99;3600540335708;Kozmetika
BOJA COLOR NATURALS ZA KO 9.1;12504;Garnier;1,0000;kom;4,99;4,99;;;4,99;3600540335715;Kozmetika
BOJA COLOR NATURALS ZA KOSU ;12531;Garnier;1,0000;kom;4,99;4,99;;;4,99;3600540335890;Kozmetika
ZAÈ.KLINÈIÆI CIJELI NADAL.30 g;12653;Nadalina;0,0300;kg;3,19;106,33;;;3,19;3858881583054;Hrana
DEO SPRAY AXE AFRICA 150 ml;12714;Axe;0,1500;L;4,89;32,60;;;4,55;8717644013045;Kozmetika
GEL AXE ZA TUŠ.AFRIKA M.250 ml;12719;Axe;0,2500;L;2,49;9,96;;;2,99;8710447279793;Kozmetika
MIN.VODA SARAJEV. KISELJ.1,5 L;12796;Sarajevski Kiseljak;1,5000;l;,88;0,59;;;0,88;3871059000078;Piæa
LOSION BRUT POSLJE BRIJ 100 ml;12804;Brut;0,1000;L;5,89;58,90;;;7,35;3014230021237;Kozmetika
DEO BRUT ORIGINAL 200 ml;12813;Brut;0,2000;L;4,29;21,45;;;4,11;3014230021404;Kozmetika
MINERAL.VODA JAMNICA 0,5 L GAZ;12847;Jamnica;0,5000;l;,85;1,70;;;0,85;3859888152113;Piæa
MINERAL.VODA JAMNICA 1,5 L GAZ;12852;Jamnica;1,5000;l;,99;0,66;;;0,99;3859888152045;Piæa
DEO SPRAY DOVE ORIGINAL 150 ml;12869;Dove;0,1500;L;5,20;34,67;;;5,20;8720181291715;Kozmetika
MINERAL.VODA JAMNICA 1 L P.A.;12886;Jamnica;1,0000;L;0,69;0,69;;;0,69;3859888152014;Piæa
SOK JUICY ANANAS 100% 1 L;12918;Juicy;1,0000;l;2,79;2,79;;;2,49;3858890970692;Piæa
SOK JUICY NARANÈA 100% 1 L;12923;Juicy;1,0000;l;3,49;3,49;;;2,99;3858890970425;Piæa
JUICY FRUIT CRVE.NARANÈA 0,5 L;12946;Juicy;0,5000;l;1,09;2,18;;;1,09;3858890975093;Piæa
JUICY FRUIT CRVE.NARANÈA 1,5 L;12961;Juicy;1,5000;L;1,69;1,13;;;1,62;3858890975062;Piæa
JUICY FRUIT MULTIVI.ACE  0,5 L;12979;Juicy;0,5000;l;1,09;2,18;;;1,09;3858890975031;Piæa
JUICY FRUIT MULTIVIT.ACE 1,5 L;12995;Juicy;1,5000;L;1,69;1,13;;;1,62;3858890975000;Piæa
JUICY FRUIT NAR.-NEK.ACE 1,5 L;13001;Juicy;1,5000;L;1,69;1,13;;;1,62;3858890975123;Piæa
MLIJEKO DOVE ZA TIJELO 400 ml;13003;Dove;0,4000;L;6,99;17,48;;;6,99;8711600368804;Kozmetika
REG.ELSEV.COLOR VIVE 200 ml;13005;Elseve;0,2000;L;4,49;22,45;;;4,39;3600523327676;Kozmetika
JUICY FRUIT NAR.NEKT.ACE 0,5 L;13008;Juicy;0,5000;l;1,09;2,18;;;1,09;3858890975154;Piæa
NEKTAR JUICY CRNI RIBIZ 1 L BR;13025;Juicy;1,0000;l;2,49;2,49;;;2,09;3858890970302;Piæa
DEO ROL.ON DOVE ORIGINAL 50 ml;13028;Dove;0,0500;L;5,20;104,00;;;5,20;59095859;Kozmetika
NEKTAR JUICY  JABUKA 1 L BRICK;13043;Juicy;1,0000;l;1,99;1,99;;;1,79;3858890970906;Piæa
ŠAM.ELSEVE COLOR VIVE 250 ml;13063;Elseve;0,2500;L;4,49;17,96;;;4,39;3600523327713;Kozmetika
VOÆ.NEKT.MARE.-JAB.-BRES.1 L;13080;Juicy;1,0000;l;1,99;1,99;;;1,89;3858890970159;Piæa
VOÆ.NEKT.OD VIŠ.VRSTA VOÆA 1 L;13087;Juicy;1,0000;l;1,99;1,99;;;1,89;3858890970364;Piæa
MASKA  ELSEVE COLOR VIV.200 ml;13106;Elseve;0,2000;L;6,95;34,75;;;6,95;3600523607884;Kozmetika
NEKTAR JUICY NARANÈA 1 L;13108;Juicy;1,0000;l;2,29;2,29;;;2,15;3858890970005;Piæa
LED.ÈAJ BRES.SP.ÈEP 0,5 L JANA;13134;Jana;0,5000;l;1,19;2,38;;;1,19;3858884601052;Piæa
LEDENI ÈAJ JANA BRESKVA 1,5 L ;13140;Jana;1,5000;l;;0,97;1,45;1,69;1,69;3858884601045;Piæa
STRUGAÈ ZA ÈIŠÆENJE STAKLA I;13281;;1,0000;kom;3,49;3,49;;;2,52;4008033601412;Proizvodi za kuæanstvo
DEO SPR.REXONA COBALT 150 ml;13355;Rexona;0,1500;L;3,35;22,33;;;2,99;8720181449857;Kozmetika
ZUB.PASTA SIGNAL HERBAL 75 ml;13395;Signal;0,0750;L;2,69;35,87;;;2,69;5900300056002;Kozmetika
ZUB.PASTA SIGNAL FAMILY 75 ml;13396;Signal;0,0750;L;2,69;35,87;;;2,69;5900300056101;Kozmetika
ÈETK.ZA ZUBE SIGNAL WHITENING;13414;Signal;1,0000;kom;4,29;4,29;;;4,49;8718114198903;Kozmetika
ÈETK.ZA ZUBE SIGN.MINI DJEÈJA;13415;Signal;1,0000;kom;3,19;3,19;;;3,19;8718114201641;Kozmetika
ÈAÈKALICE 150/1;13815;;150,0000;kom;0,66;0,00;;;0,66;3858884125992;Proizvodi za kuæanstvo
ÈAÈKALICE 500/1 HIGIJENSKE;13824;;500,0000;kom;2,59;0,01;;;2,59;3858884126012;Proizvodi za kuæanstvo
ÈAÈKALICE 500/1 ;13828;;500,0000;kom;1,98;0,00;;;1,98;3858884125176;Proizvodi za kuæanstvo
ÈETKA ZA WC;13893;;1,0000;kom;1,32;1,32;;;1,32;3858884122694;Proizvodi za kuæanstvo
LOPATICA ZA SMEÆE S GUMOM;13981;;1,0000;kom;1,19;1,19;;;1,19;3858884122656;Proizvodi za kuæanstvo
LOPATICA ZA SMEÆE OBIÈNA;13984;;1,0000;kom;,92;0,92;;;0,92;3858884123837;Proizvodi za kuæanstvo
SIR ZRNATI KERNIGER BAYE.200 g;14090;Kerninger;0,2000;kg;2,19;10,95;;;2,19;4002174080945;Hrana
DES.MLIJ.LIEGEOIS ZOTT 175 g;14096;Zott;0,1750;kg;,55;3,14;;;0,55;40338460;Hrana
DES.MLIJ.LIEGEO.ÈO ZOTT 175 g;14097;Zott;0,1750;kg;,55;3,14;;;0,55;40338453;Hrana
DES.MLIJ.MONTE ZOTT 4X55 g ;14098;Zott;0,2200;kg;1,99;9,05;;;1,85;40145631;Hrana
SIR ZOTTARELLA ZOTT 125 g ;14101;Zott;0,1250;kg;;9,52;1,19;1,49;1,49;4014500509518;Hrana
VRHNJE ZA KAVU ZOTT 10/1;14103;Zott;10,0000;kom;0,59;0,06;;;0,59;40145037;Hrana
MASLAC PRESIDENT 200 g;14108;President;0,2000;kg;4,29;21,45;;;4,35;3228022910023;Hrana
VODA JANA MINERALNA 0,5 L RÈ;14114;Jana;0,5000;L;,85;1,70;;;0,85;3858884600062;Piæa
VODA JANA MINERALNA 1 L KK;14145;Jana;1,0000;l;,89;0,89;;;0,89;3858884600987;Piæa
VODA JANA MINERALNA 1,5 L ;14154;Jana;1,5000;l;,95;0,63;;;0,95;3858884600055;Piæa
ÈETKA ZA PRANJE BOCA 34cm;14208;;1,0000;kom;2,69;2,69;;;2,65;4008033415804;Proizvodi za kuæanstvo
VREÆICE MIRISNE COCCOLINO 16 g;14251;Coccolino;1,0000;kom;3,59;3,59;;;3,59;8000660310282;Sredstva za èišæenje
VODA ZA PEGLANJE COCCOLINO 1 L;14285;Coccolino;1,0000;L;3,99;3,99;;;3,98;8000660310466;Sredstva za èišæenje
MUSLI PL.CORNY BIG BANANA 50 g;14288;Corny;0,0500;kg;1,19;23,80;;;1,19;4011800584511;Hrana
MUSLI PLOÈ.CORNY KIKIRIKI 50 g;14295;Corny;0,0500;kg;1,19;23,80;;;1,19;4011800599515;Hrana
MUSLI PLOÈ.CORNY BRUSNICA 50 g;14313;Corny;0,0500;kg;1,19;23,80;;;1,19;4011800587512;Hrana
Kiwi rfs;14317;;1,0000;kg;2,99;2,99;;;3,49;3858885879016;Hrana
MUSLI PLOÈ.CORNY ÈOKOLADA 50 g;14320;Corny;0,0500;kg;1,19;23,80;;;1,19;4011800586515;Hrana
MUSLI PLOÈ.CORNY LJEŠNJAK 50 g;14323;Corny;0,0500;kg;1,19;23,80;;;1,19;4011800581510;Hrana
ŠTAPIÆI KVIKI PECIVO 100 g;14365;Kviki;0,1000;kg;;8,70;0,87;1,09;1,09;3850104007293;Hrana
DOMESTOS TB ATLANTIC 750 ml;14369;Domestos;0,7500;L;2,65;3,53;;;2,15;8717163286975;Sredstva za èišæenje
UNI.SRED.DOMESTOS CITRU.750 ml;14372;Domestos;0,7500;L;2,65;3,53;;;2,15;5996037079780;Sredstva za èišæenje
ŠTAPIÆI KVIKI PECIVO 50 g;14373;Kviki;0,0500;kg;;12,60;0,63;0,79;0,79;3850104007309;Hrana
RIBICE KVIKI PECIVO 200 g;14379;Kviki;0,2000;kg;;7,15;1,43;1,79;1,79;3850104007620;Hrana
UNI.SRED.DOMESTOS PINE 750 ml;14380;Domestos;0,7500;L;2,65;3,53;;;2,15;5996037079797;Sredstva za èišæenje
IZBJELJIVAÈ DOMESTOS 750 ml;14385;Domestos;0,7500;L;2,49;3,32;;;2,15;5996358008773;Sredstva za èišæenje
RIBICE KVIKI PECIVO 50 g;14388;Kviki;0,0500;kg;;12,60;0,63;0,79;0,79;3850104007606;Hrana
ÈOK.MIKADO RIŽA ZVEÈEVO 300 g;14392;Mikado;0,3000;kg;5,49;18,30;;;4,79;3858881064201;Hrana
PERECI KVIKI PECIVO 200 g;14396;Kviki;0,2000;kg;;7,15;1,43;1,79;1,79;3850104007224;Hrana
PERECI KVIKI PECIVO 100 g;14401;Kviki;0,1000;kg;;8,70;0,87;1,09;1,09;3850104007217;Hrana
KOKOS BRAŠNO NADALINA 100 g;14430;Nadalina;0,1000;kg;1,19;11,90;;;1,09;3858881582057;Hrana
MUŠKAT.ORAŠÈIÆI NADALINA 20g;14473;Nadalina;0,0200;kg;3,49;174,50;;;3,49;3858881583085;Hrana
ÈOK.VOLIM TE VIŠ.JAG.MAL.100 g;14481;Zvecevo;0,1000;kg;;11,90;1,19;1,59;1,29;3858881065239;Hrana
VANILIJA ŠTAPIÆI NADALINA 3g;14484;Nadalina;0,0030;kg;5,99;1996,67;;;5,99;3858881583108;Hrana
ÈOK.SAMO TI LJEŠNJAK 100 g;14485;;0,1000;kg;;11,90;1,19;1,59;1,29;3858881065000;Hrana
ÈOK.SAMO TI JAGODA 100 g;14488;Zvecevo;0,1000;kg;;11,90;1,19;1,59;1,29;3858881065055;Hrana
ZAÈIN  ŠAFRAN  KUT.NADAL. 0,1g;14575;Nadalina;0,0010;kg;2,09;2090,00;;;2,09;3858881583337;Hrana
MASLINE TRENTON ZEL.BK.370 g;14591;Trenton;0,1550;kg;2,99;19,29;;;2,99;3859888906259;Hrana
ZAÈ.PAPRIKA SLAT.NADALI.100 g ;14603;Nadalina;0,1000;kg;1,49;14,90;;;1,29;3858881582019;Hrana
ROGAÈ MLJEVENI NADALINA 200 g;14612;;0,2000;kg;1,39;6,95;;;1,19;3858881582156;Hrana
MJEŠ.ZAÈ.DALMA.NADALINA 12 g;14710;;0,0120;kg;0,99;82,50;;;1,09;3858881580213;Hrana
Sir Edamac Zdenka;14742;Zdenka;1,0000;kg;12,99;12,99;;;12,99;3858888590468;Hrana
SIR SPORT ZDENKA CCA 600 g;14795;Zdenka;1,0000;kg;12,99;12,99;;;12,99;3858888590536;Hrana
KREM.NOÆNA DE REVITALIFT 50 ml;14796;LOREAL;0,0500;L;14,59;291,80;;;14,59;3600520160771;Kozmetika
KRE.DNEVNA DE REVITALIFT 50 ml;14803;LOREAL;0,0500;L;14,59;291,80;;;14,59;3600520160764;Kozmetika
MIJEŠANA SALATA PODRAVKA 660 g;14822;Podravka;0,3000;kg;2,69;8,97;;;2,69;3850104051319;Hrana
CIKLA PODRAVKA 660 g;14837;Podravka;0,3800;kg;2,49;6,55;;;2,49;3850104050718;Hrana
BOJA PALETTE DE LUXE 575;14852;Palette;1,0000;kom;5,99;5,99;;;5,99;3838824176819;Kozmetika
FEFERONI SLATKI PODRAVKA 300 g;14863;Podravka;0,1500;kg;2,79;18,60;;;2,74;3850104011658;Hrana
ŠTAPIÆI ZA RAŽNJIÆE 20cm 50/1;14927;;50,0000;kom;0,99;0,02;;;1,32;3858884126029;Proizvodi za kuæanstvo
ŠTAPIÆI ZA RAŽNJIÆE 25cm 50/1;14929;;50,0000;kom;1,19;0,02;;;1,19;3858884126180;Proizvodi za kuæanstvo
KOMPOT PODRAVKA MARELICA 820 g;14931;Podravka;0,4700;kg;3,99;8,49;;;3,99;3850104027246;Hrana
KOMPOT PODRAVKA BRESKVA 820 g;14944;Podravka;0,4700;kg;3,89;8,28;;;3,99;3850104026973;Hrana
GRAH PODRAVKA BIJELI 400 g;14959;Podravka;0,2300;kg;1,39;6,04;;;1,39;3850104020797;Hrana
GRAH PODRAVKA BIJELI 800 g;14964;Podravka;0,4600;kg;2,19;4,76;;;2,19;3850104020780;Hrana
GRAH PODRAVKA CRVENI 800 g;14969;Podravka;0,4600;kg;2,49;5,41;;;2,19;3850104020728;Hrana
GRAH PODRAVKA CRVENI 400 g;14977;Podravka;0,2300;kg;1,59;6,91;;;1,39;3850104020759;Hrana
GRAH PODRAVKA SMEÐI 400 g;14987;Podravka;0,2300;kg;1,39;6,04;;;1,39;3850104024870;Hrana
GRAH PODRAVKA SMEÐI 800 g;14999;Podravka;0,4600;kg;2,19;4,76;;;2,19;3850104025389;Hrana
BOJA  PALETTE DELUXE 679;15032;Palette;1,0000;kom;5,99;5,99;;;5,99;3838824176918;Kozmetika
BOJA PALETTE  DE LUXE 750;15036;Palette;1,0000;kom;5,99;5,99;;;5,99;3838824176932;Kozmetika
INST.KAKAO KRAŠ EXPRESS 330 g;15149;Kraš;0,3300;kg;3,99;12,09;;;3,99;3850102111152;Piæa
BOJA PALETTE  DE LUXE 800;15252;Palette;1,0000;kom;5,99;5,99;;;5,99;3838824176994;Kozmetika
BOJA PALETTE  DE LUXE 880;15259;Palette;1,0000;kom;5,99;5,99;;;5,99;3838824177052;Kozmetika
GAZIRANO PIÆE PEPSI 0,5 L;15273;Pepsi;0,5000;l;1,05;2,10;;;1,05;3830065022580;Piæa
GAZIRANO PIÆE PEPSI 0,33 L;15295;Coca-Cola;0,3300;L;,99;3,00;;;0,99;3830065022566;Piæa
GAZIRANO PIÆE PEPSI COLA 2 L ;15300;Pepsi;2,0000;l;;0,93;1,85;1,99;2,05;3830065022627;Piæa
BOJA ZA KOSU PALETTE  ICC A10;15337;Palette;1,0000;kom;4,25;4,25;;;4,25;3838824159133;Kozmetika
BOJA ZA KOSU PALETTE  ICC C1;15342;Palette;1,0000;kom;4,25;4,25;;;4,25;3838824159171;Kozmetika
BOJA ZA KOSU PALETTE  ICC C10;15345;Palette;1,0000;kom;4,25;4,25;;;4,25;3838824159218;Kozmetika
BOJA ZA KOSU PALETTE  ICC N1;15359;Palette;1,0000;kom;4,25;4,25;;;4,25;3838824159416;Kozmetika
BOJA ZA KOSU PALETTE  ICC N2;15365;Palette;1,0000;kom;4,25;4,25;;;4,25;3838824159454;Kozmetika
BOJA ZA KOSU PALETTE  ICC N3;15368;Palette;1,0000;kom;4,25;4,25;;;4,25;3838824159492;Kozmetika
BOJA ZA KOSU PALETTE  ICC N4;15369;Palette;1,0000;kom;4,25;4,25;;;4,25;3838824159539;Kozmetika
BOJA ZA KOSU PALETTE  ICC N6;15371;Palette;1,0000;kom;4,25;4,25;;;4,25;3838824159614;Kozmetika
BOJA ZA KOSU PALETTE  ICC N7;15374;Palette;1,0000;kom;4,25;4,25;;;4,25;3838824159652;Kozmetika
BOJA ZA KOSU PALETTE ICC R4;15384;Palette;1,0000;kom;4,25;4,25;;;4,25;3838824159751;Kozmetika
BOJA ZA KOSU PALETTE  ICC RF3;15386;Palette;1,0000;kom;4,25;4,25;;;4,25;3838824218601;Kozmetika
FARBA PALETTE  ICC RFE3;15396;Palette;1,0000;kom;4,25;4,25;;;3,58;3838824159850;Kozmetika
BOJA ZA KOSU PALETTE  ICC RI5;15399;Palette;1,0000;kom;4,25;4,25;;;4,25;3838824159898;Kozmetika
PIVO OŽUJSKO SVIJ.0,5 L LIM;15547;Ožujsko;0,5000;l;1,55;3,10;;;1,48;3850131400609;Piæa
ŠAMP.SCHAUMA FOR MEN 250 ml;15582;Schauma;0,2500;L;2,69;10,76;;;2,99;4012800567658;Kozmetika
ŠAMP.SCHAUMA 7 LJ&T 250 ml;15585;Schauma;0,2500;L;2,69;10,76;;;2,99;4012800167612;Kozmetika
ŠAM.SCHAUMA KIDS JAGODA 250 ml;15594;Schauma;0,2500;L;3,49;13,96;;;4,35;4015000665957;Kozmetika
DETERDŽENT OPAL 375 ml;15697;Opal;0,3750;L;2,65;7,07;;;2,52;3859890222156;Sredstva za èišæenje
MED VARŽAK BAGREM 900 g;15762;Varzak;0,9000;kg;14,99;16,66;;;15,26;3859888673038;Hrana
MED VARŽAK BAGREM 450 g;15775;Varzak;0,4500;kg;8,89;19,76;;;8,89;3859888673021;Hrana
MED VARŽAK CVJETNI 900 g;15792;Varzak;0,9000;kg;8,99;9,99;;;9,95;3859888673137;Hrana
MED VARŽAK CVJETNI 450 g;15808;Varzak;0,4500;kg;5,3;11,78;;;5,3;3859888673120;Hrana
MED VARŽAK CVJETNI 250 g;15820;Varzak;0,2500;kg;3,31;13,24;;;3,31;3859888673113;Hrana
PASTA ZA RUKE IDEAL 500 g ;15827;Ideal;0,5000;kg;2,38;4,76;;;2,55;3859888110175;Sredstva za èišæenje
SOLNA KISELINA 19% 1 L;15833;Meteor;1,0000;L;2,05;2,05;;;1,85;3859888110199;Sredstva za èišæenje
IZBJELJIVAÈ CEKINA 1 L;15839;Cekina;1,0000;L;1,69;1,69;;;1,49;3859888110168;Sredstva za èišæenje
MED VARŽAK LIPA 900 g;15881;Varzak;0,9000;kg;9,99;11,10;;;11,28;3859888673236;Hrana
MED VARŽAK LIPA 450 g;15887;Varzak;0,4500;kg;5,97;13,27;;;5,97;3859888673229;Hrana
SODA BIKARBONA 1 kg XXL;15976;;1,0000;kg;4,79;4,79;;;3,99;3858881588127;Hrana
GEL ZA TUŠ.FA SPORT M.250 ml;16076;Fa;0,2500;L;;5,40;1,35;1,99;2,75;9000100194419;Kozmetika
NAMAZ LINO LADA DUO PODR.400 g;16080;Podravka;0,4000;kg;3,29;8,23;;;3,99;3850104019784;Hrana
NAMAZ LINO LADA DUO 700+50 g ;16099;Podravka;0,7500;kg;6,59;8,79;;;6,99;3850104246616;Hrana
BR.GILL.BLUE II PLUS 5 KOM ;16134;Gillette;5,0000;kom;3,79;0,76;;;3,59;3014260283254;Kozmetika
JED.BRITVICE GILLETTE 5/1;16156;Gillette;5,0000;kom;1,59;0,32;;;2,18;3014260596989;Kozmetika
BRITVICA GILL.BLUE 2 PLUS 1/1;16179;Gillette;1,0000;kom;0,99;0,99;;;0,99;3014260265885;Kozmetika
GEL GILLETTE OSJ.KOŽA 200 ml ;16191;Gillette;0,2000;L;3,99;19,95;;;4,19;3014260223007;Kozmetika
KOBASICA EXTRA 500 g ;16247;Perutnina;0,5000;kg;1,79;3,58;;;1,79;3850220150583;Hrana
Poli maxi Perutnina;16253;Poli;1,0000;kg;11,59;11,59;;;11,59;3850220152921;Hrana
POLI MINI 220 g PERUTNINA;16258;Poli;0,2200;kg;;7,68;1,69;1,99;1,59;3838977010855;Hrana
POLI 500 g PERUTNINA;16286;Poli;0,5000;kg;4,25;8,50;;;3,99;3838977014051;Hrana
GEL ZA BRI.GILLETTE S.S.200 ml;16328;Gillette;0,2000;L;3,99;19,95;;;3,79;3014260214692;Kozmetika
DEO ROLL ON FA SPORT 50 ml;16371;Fa;0,0500;L;3,29;65,80;;;3,20;9000100219877;Kozmetika
PJENA GILLETTE SENSITI.200 ml;16487;Gillette;0,2000;L;2,09;10,45;;;1,99;3014260228682;Kozmetika
DEO SPRAY FA M.SPORT 150 ml;16580;Fa;0,1500;L;3,29;21,93;;;3,20;3838824085272;Kozmetika
Kobasica èajna;16599;Podravka;1,0000;kg;18,99;18,99;;;18,29;3856020236687;Hrana
PANCETA VP;16607;Podravka;1,0000;kg;22,99;22,99;;;22,99;3856020237295;Hrana
KAVA LAVAZZ.CREMA E GUSTO250 g;16628;Lavazza;0,2500;kg;6,99;27,96;;;6,99;8000070038769;Piæa
BRIJAÈ GILLETTE VENUS 2UP;16707;Gillette;1,0000;kom;7,49;7,49;;;7,49;3014260262693;Kozmetika
PJENASTI DES.MUNCHMALLOW 105 g;16710;Munchmallow;0,1050;kg;1,49;14,19;;;1,11;8600114000020;Hrana
KEKS JAFFA NARAN.CRVENKA 300 g;16717;Jaffa;0,3000;kg;2,59;8,63;;;2,39;8600114000211;Hrana
KEKS JAFFA NARAN.CRVENKA 150 g;16719;Jaffa;0,1500;kg;1,39;9,27;;;1,29;8600114000013;Hrana
BRIJAÈ GILLETTE MACH3 2UP;16730;Gillette;1,0000;kom;9,49;9,49;;;9,49;7702018020676;Kozmetika
PATRONE GILLETTE VENUS 4;16765;Gillette;4,0000;kom;13,19;3,30;;;13,19;3014260262709;Kozmetika
PREZERVATIV YOU&ME JAGODA 3/1;16823;Primeros;3,0000;kom;2,55;0,85;;;2,55;8594068382533;Toaletne potrepštine
Sir Bergader Edelpilz;16874;Bergader;1,0000;kg;15,99;15,99;;;15,99;3858890211870;Hrana
OBLATNE TENA 200 g;16886;Tena;0,2000;kg;1,19;5,95;;;1,19;3859892466022;Hrana
GRIZ PŠENIÈNI TENA 1 kg;16936;Tena;1,0000;kg;1,49;1,49;;;1,59;3858887101511;Hrana
ÈETK.DJ.ORAL B STAGE.3 BUZ.1/1;16973;Oral B;1,0000;kom;2,99;2,99;;;3,49;5010622010795;Toaletne potrepštine
ZUBNI KONAC ORAL B MENTA 50 m ;17000;Oral B;50,0000;m;3,19;0,06;;;3,16;5010622005029;Kozmetika
STOLNI ZA KREME ZVIJEZDA 250 g;17104;Zvijezda;0,2500;kg;1,15;4,60;;;1,09;3858882211611;Hrana
STOLNI ZVIJEZDA 500 g;17109;Zvijezda;0,5000;kg;1,99;3,98;;;1,75;3858882210553;Hrana
STOLNI ZVIJEZDA 250 g;17113;Zvijezda;0,2500;kg;1,15;4,60;;;0,99;3858882210102;Hrana
ULJE BILJNO JESTIVO ZVIJEZ.1 L;17126;Zvijezda;1,0000;L;1,79;1,79;;;1,79;3858882210065;Hrana
ULJE SUNCOKRETOVO JESTIVO 3 L;17129;Zvijezda;3,0000;L;4,99;1,66;;;5,07;3858882211345;Hrana
ULJE SUNCOKRETOVO JESTIVO 1 L;17131;Zvijezda;1,0000;L;1,69;1,69;;;1,69;3858882210010;Hrana
ULJE MASLINOVO EXTRA DJE.0,5 L;17143;Zvijezda;0,5000;L;7,99;15,98;;;7,99;3858882211574;Hrana
ULJE MASL.EXTRA DJEV.ZVIJ.1 L ;17145;Zvijezda;1,0000;L;12,99;12,99;;;14,99;3858882211550;Hrana
KOLA.PRINCES UŠTIP.DOLCE.250 g;17148;;0,2500;kg;4,19;16,76;;;3,99;3850104075841;Hrana
KOLAÈ KREMŠNITE PODRAVKA 230 g;17149;Dolcela;0,2300;kg;2,39;10,39;;;3,19;3850104075810;Hrana
KOLAÈ PARFE PODRAVKA 180 g;17151;;0,1800;kg;2,54;14,11;;;3,39;3850104075803;Hrana
KOLAÈ TIRAMISU PODRAVKA 100 g;17198;;0,1000;kg;1,71;17,10;;;2,29;3850104066405;Hrana
NAMAZ MARGO ZVIJEZDA 15 g;17242;Zvijezda;0,0150;kg;0,39;26,00;;;0,29;3858882213677;Hrana
DOD.JEL.FANT PAPR.I SARMA 60 g;17243;;0,0600;kg;1,39;23,17;;;1,39;3850104075513;Hrana
DO.JE.FANT ÆEVAPI,PLJESKA.40 g;17249;;0,0400;kg;1,39;34,75;;;1,39;3850104018237;Hrana
DOD.JE.FANT GRAH I VARIVA 60 g;17251;;0,0600;kg;1,39;23,17;;;1,39;3850104075759;Hrana
DO.JE.FANT GULAŠ I PAPRIK.65 g;17255;;0,0650;kg;1,39;21,38;;;1,39;3850104075537;Hrana
DOD.JE.FANT RIBLJU JUHU 60 g;17293;;0,0600;kg;1,39;23,17;;;1,39;3850104019173;Hrana
DO.JE.FANT KOSANI ODREZAK 90 g;17342;;0,0900;kg;1,39;15,44;;;1,39;3850104048999;Hrana
DOD.JE.FANT SLAVO.ÈOBANAC 90g;17362;;0,0900;kg;1,39;15,44;;;1,39;3850104007859;Hrana
UMAK FANT LOVAÈKI PODRAV.40 g;17379;;0,0400;kg;1,19;29,75;;;1,19;3850104036590;Hrana
UMAK FANT BOLOGNESE 40 g;17385;;0,0400;kg;1,19;29,75;;;1,19;3850104036613;Hrana
ULOŠCI CAREFREE LARGE 20/1;17388;Carefree;20,0000;kom;2,25;0,11;;;2,19;3574661486741;Toaletne potrepštine
DODATA JELIMA FANT GLJIVE 45 g;17391;;0,0450;kg;1,19;26,44;;;1,19;3850104298202;Hrana
JUHA INS.FINI MINI KOKOŠ.18 g;17460;;0,0180;kg;0,89;49,44;;;0,89;3850104048296;Hrana
JUHA INS.FINI MINI GLJIVE 20 g;17465;Podravka;0,0200;kg;0,89;44,50;;;0,89;3856020230982;Hrana
JUHA INS.FINI MINI GOVEÐA 18 g;17481;;0,0180;kg;0,89;49,44;;;0,89;3850104048333;Hrana
MAJONEZA LAGANA ZVIJEZDA 95 g;17490;Zvijezda;0,0900;kg;1,19;13,22;;;1,09;3858882210324;Hrana
BRAŠNO KUKURUZNO TENA 1 kg;17514;Tena;1,0000;kg;1,59;1,59;;;1,59;3858887101740;Hrana
KRUPICA KUKURUZNA TENA 750 g;17532;Tena;0,7500;kg;1,49;1,99;;;1,39;3858887101757;Hrana
BRAŠN.PŠ.OŠTRO T-400 TENA 1 kg;17539;Tena;1,0000;kg;0,83;0,83;;;0,83;3858887101474;Hrana
BRAŠN.PŠ.OŠTRO T-400 TENA 2 kg;17548;Tena;2,0000;kg;1,65;0,83;;;1,65;3858887101498;Hrana
BRAŠN.PŠ.OŠTRO T-400 TENA 5 kg;17553;Tena;5,0000;kg;4,10;0,82;;;4,10;3858887101535;Hrana
BRAŠ.PŠ.GLATKO T-550 TENA 1 kg;17561;Tena;1,0000;kg;,79;0,79;;;0,79;3858887101467;Hrana
BRAŠ.PŠ.GLATKO T-550 TENA 2 kg;17566;Tena;2,0000;kg;1,55;0,78;;;1,55;3858887101481;Hrana
BRAŠ.PŠ.GLATKO T-550 TENA 5 kg;17572;Tena;5,0000;kg;3,85;0,77;;;3,85;3858887101528;Hrana
BRAŠ.TAM.KRUH T-1600 TENA 1 kg;17579;Tena;1,0000;kg;1,19;1,19;;;1,32;3858887101504;Hrana
MAJONEZA OD SVJ. JAJA 165 g;17620;Zvijezda;0,1650;kg;2,49;15,09;;;2,29;3858882210263;Hrana
TUNA RIO MARE MASL.ULJE 160 g;17739;Rio Mare;0,1040;kg;3,99;38,37;;;3,99;8004030044005;Hrana
TUNA RIO MARE MASL.ULJE 4X80 g;17793;Rio Mare;0,2080;kg;7,69;36,97;;;7,69;8004030005051;Hrana
TUNA RIO MARE NATUR. 4X80 g ;17804;Rio Mare;0,2240;kg;7,69;34,33;;;7,69;8004030344570;Hrana
TUNA RIO MARE MAS.ULJE 3X80 g;17812;Rio Mare;0,1560;kg;5,89;37,76;;;5,89;8004030345775;Hrana
TUNA RIO MARE MAS.ULJE 2X160 g;17818;Rio Mare;0,2080;kg;6,99;33,61;;;6,99;8004030381681;Hrana
TUNA SALATA RIO MARE GRA.160 g;17826;Rio Mare;0,1600;kg;4,68;29,25;;;4,68;8004030023017;Hrana
TUNA SALATA RIO MARE KUK.160 g;17836;Rio Mare;0,1600;kg;4,68;29,25;;;4,68;8004030022010;Hrana
TUNA SALATA RIO MARE MEK.160 g;17841;Rio Mare;0,1600;kg;4,68;29,25;;;4,68;8004030026018;Hrana
TUNA SAL.RIO MARE GRAH 2X160 g;17845;Rio Mare;0,3200;kg;8,59;26,84;;;8,59;8004030352414;Hrana
TUNA SAL.RIO MARE KUKU.2X160 g;17847;Rio Mare;0,3200;kg;8,59;26,84;;;8,59;8004030352513;Hrana
TUNA SAL.RIO MARE MEX..2X160 g;17850;Rio Mare;0,3200;kg;8,59;26,84;;;8,59;8004030352612;Hrana
PATE RIO MARE TUNA 100 g;17858;Rio Mare;0,1000;kg;;19,90;1,99;3,59;3,69;8004030069008;Hrana
PATE RIO MARE LOSOS 100 g;17862;Rio Mare;0,1000;kg;;19,90;1,99;3,59;3,69;8004030070004;Hrana
TJES.BARILLA CAPELLINI 500 g;17916;;0,5000;kg;2,25;4,50;;;2,25;8076800195019;Hrana
TJES.BARILLA BUCATINI 500 g;17925;Barilla;0,5000;kg;2,85;5,70;;;2,85;8076800315097;Hrana
TJE.BARILLA LINGUINE BAV.500 g;17939;Barilla;0,5000;kg;2,25;4,50;;;2,25;8076800195132;Hrana
Paprika crvena rfs;17944;;1,0000;kg;3,49;3,49;;;3,49;3858885877050;Hrana
Paprika zelena rfs;17948;;1,0000;kg;2,99;2,99;;;3,49;3859889267755;Hrana
PAŠTETA PODRAVKA KOKOŠJA 50 g;17953;Podravka;0,0500;kg;0,85;17,00;;;0,80;38500480;Hrana
Patlidžan rfs;17956;;1,0000;kg;3,99;3,99;;;1,99;3858893251682;Hrana
TJES.BARILLA SPAGHETTI 500 g;17957;Barilla;0,5000;kg;1,09;2,18;;;1,09;8076800195057;Hrana
Kelj rfs;17969;Vlastite potrebe;1,0000;kg;1,29;1,29;;;1,67;3858893251699;Hrana
TJES.BARILLA SPAGHETTINI 1 kg;17978;Barilla;1,0000;kg;;1,85;1,85;3,69;3,69;8076800105032;Hrana
PAŠTETA PODRAVKA PILEÆA 50 g;17979;Podravka;0,0500;kg;0,85;17,00;;;0,80;38500503;Hrana
TJES.BARILLA SPAGHETTI 1 kg;17986;Barilla;1,0000;kg;;1,85;1,85;3,69;3,69;8076800105056;Hrana
MED PODRAV.CVJETNI VRCANI 20 g;18004;Podravka;0,0200;kg;0,39;19,50;;;0,39;38500213;Hrana
PAŠTETA PODRAVKA ÈAJNA 50 g;18015;Podravka;0,0500;kg;0,85;17,00;;;0,80;38500701;Hrana
SLADOLED SNJEGULJICA 65 ml;18021;Ledo;0,0650;L;0,99;15,23;;;0,99;3850116500171;Hrana
SLADOLED SILK MILK LEDO 65 ml;18022;Ledo;0,0650;L;1,29;19,85;;;1,29;3850116064055;Hrana
SLADOLED MACHO ÈOKOLADA 75 ml;18023;Ledo;0,0750;L;1,89;25,20;;;1,99;3850116612621;Hrana
SLADOLED MACHO VANILIJA 75 ml;18024;Ledo;0,0750;L;1,89;25,20;;;1,99;3850116641942;Hrana
ŠEÆER AGRAGOLD 1 kg;18054;Agragold;1,0000;kg;1,19;1,19;;;1,09;9007829025017;Hrana
BRAŠNO PŠ.OŠTRO T-400 POD.1 kg;18055;Podravka;1,0000;kg;0,83;0,83;;;0,83;3850104223631;Hrana
BRAŠNO PŠ.OŠTRO T-400 POD.2 kg;18056;Podravka;2,0000;kg;1,56;0,78;;;1,56;3850104223648;Hrana
BRAŠ.PŠ.GLATKO T-550 POD 1 kg;18058;Podravka;1,0000;kg;0,79;0,79;;;0,79;3850104223624;Hrana
BRAŠ.PŠ.GLATKO T-550 POD 2 kg;18059;Podravka;2,0000;kg;1,49;0,75;;;1,49;3850104223617;Hrana
SLADOLE.KORNET VANILIJA 120 ml;18062;Ledo;0,1200;L;1,79;14,92;;;1,79;3850116037820;Hrana
SLA.KORNET STRAC-ŠUMS.V.120 ml;18063;Ledo;0,1200;L;1,79;14,92;;;1,79;3850116037851;Hrana
SLADOLED KORNET ÈOKOLADA 120ml;18065;Ledo;0,1200;L;1,79;14,92;;;1,79;3850116037790;Hrana
SLAD.TWICE JAG-VAN-ÈOKOL.1,7 L;18087;Ledo;1,7000;L;4,49;2,64;;;4,49;3850116768441;Hrana
TIJESTO LISNATO LEDO 500 g;18089;Ledo;0,5000;kg;2,49;4,98;;;2,49;3850116558981;Hrana
VALJUŠCI LEDO 500 g;18096;Ledo;0,5000;kg;3,59;7,18;;;2,99;3850116535890;Hrana
ŠTRUKLI SA SIROM LEDO 600 g;18097;Ledo;0,6000;kg;5,39;8,98;;;4,39;3850116765198;Hrana
POMMES FRITES LEDO 1 kg;18104;Ledo;1,0000;kg;4,29;4,29;;;4,29;3850116677477;Hrana
RAJÈICA PODRA.KONCENTRAT 120 g;18114;Podravka;0,1200;kg;1,89;15,75;;;1,89;3850104053214;Hrana
RAJÈICA PODRA.KONCENTRAT 190 g;18116;;0,1900;kg;2,19;11,53;;;2,19;3850104053221;Hrana
ALUFOLIJA 20m MELITTA;18122;;1,0000;kom;4,99;4,99;;;5,99;8594059389701;Proizvodi za kuæanstvo
ALUFOLIJA 30m MELITTA;18125;;1,0000;kom;6,99;6,99;;;7,29;8594059389725;Proizvodi za kuæanstvo
PAPIR ZA PEÈENJE 8m MELITTA;18131;;1,0000;kom;2,69;2,69;;;2,59;8594059389527;Proizvodi za kuæanstvo
FOLIJA ZA ODRŽAVA.SVJEŽINE 30m;18134;;1,0000;kom;2,69;2,69;;;2,59;8594059380418;Proizvodi za kuæanstvo
TJES.BARILLA PIPE RIGATE 500 g;18142;;0,5000;kg;2,09;4,18;;;2,09;8076802085912;Hrana
PAPIR ZA PEÈENJE 8m TOPPITS;18154;;1,0000;kom;2,99;2,99;;;3,34;4006508162505;Proizvodi za kuæanstvo
ALUFOLIJA SUPER 10m/30cm ;18157;;1,0000;kom;4,99;4,99;;;5,49;4008871200945;Proizvodi za kuæanstvo
TJES.BARILLA FARFALLE 500 g;18161;;0,5000;kg;2,79;5,58;;;2,79;8076809580144;Hrana
TJE.BARILLA PENNE RIGATE 500 g;18166;Barilla;0,5000;kg;1,95;3,90;;;1,95;8076802085738;Hrana
TJEST.BARILLA FUSILLI 500 g;18176;Barilla;0,5000;kg;1,95;3,90;;;1,95;8076802085981;Hrana
TJES.BARILLA PENNE RIGATE 1 kg;18185;Barilla;1,0000;kg;;1,85;1,85;3,69;3,69;8076800105735;Hrana
KVASAC DI-GO SUHI PEKARSKI 7 g;18187;Podravka;0,0070;kg;0,60;85,71;;;0,75;3859889940085;Hrana
KVASAC DI-GO SUHI PEKARS.5X7 g;18192;Podravka;0,0350;kg;2,35;67,14;;;2,95;3859889940153;Hrana
TJESTEN.BARILLA FUSILLI 1 kg;18193;Barilla;1,0000;kg;;1,85;1,85;3,69;3,69;8076800105988;Hrana
VREÆE ZA SMEÆE 40L 12/1;18197;;12,0000;kom;3,99;0,33;;;4,79;4006508170043;Proizvodi za kuæanstvo
ŠLAG KREMA VANIL.PODRAVKA 45 g;18210;;0,0450;kg;;24,67;1,11;1,49;1,49;3850104216930;Hrana
VREÆE ZA SMEÆE 70L 8/1 ;18214;;8,0000;kom;2,99;0,37;;;3,29;4006508162093;Proizvodi za kuæanstvo
ŠLAG KR.VANIL.PODRAV.45 g(2+1);18216;Podravka;0,0900;kg;;24,89;2,24;2,99;2,99;3850104219337;Hrana
ŠLAG KREMA ÈOKOL.PODRAVKA 60 g;18220;Podravka;0,0600;kg;;18,50;1,11;1,49;1,49;3850104216916;Hrana
TJE.BARILLA MEZ.PENN.TRI.500 g;18223;;0,5000;kg;3,49;6,98;;;3,49;8076809501415;Hrana
TJES.BARILLA TAGLIATELLE 500 g;18232;;0,5000;kg;3,49;6,98;;;3,49;8076809523714;Hrana
ŠLAG KR.ÈOKOL.PODR.60 g (2+1);18240;Podravka;0,1200;kg;;18,67;2,24;2,99;2,99;3850104219320;Hrana
LASAGNE BARILLA S JAJIMA 500 g;18244;Barilla;0,5000;kg;4,35;8,70;;;4,35;8076800376999;Hrana
ŠLAG PJENA PODRAVKA MLIJ.36 g;18245;Podravka;0,0360;kg;0,82;22,78;;;1,10;3850104216763;Hrana
ŠLAG PJENA PODRAV.M.36 g (3+1);18251;;0,1080;kg;2,24;20,74;;;3,29;3850104218613;Hrana
TJES.BARILLA TAGL.ŠPINAT 500 g;18263;;0,5000;kg;3,49;6,98;;;3,49;8076809523721;Hrana
ŠLAG PJENA PODRAVKA VODA 42 g;18274;;0,0420;kg;1,10;26,19;;;1,10;3850104216947;Hrana
ŠLAG PJENA PODRAV.V.42 g (3+1);18279;;0,1260;kg;3,29;26,11;;;3,29;3850104218590;Hrana
ŠLAG PJENA HIT PODRAVKA 42 g;18283;;0,0420;kg;1,10;26,19;;;1,10;3850104216909;Hrana
ŠLAG PJENA HIT PODRA.42 g(3+1);18284;;0,1260;kg;3,29;26,11;;;3,29;3850104218606;Hrana
LOS.POS.SUNÈ.NIVEA SUN 200ml;18302;Nivea;0,2000;L;9,69;48,45;;;10,99;4005808479665;Kozmetika
UMAK BARILLA S BOSILJKOM 400 g;18309;Barilla;0,4000;kg;3,29;8,23;;;3,29;8076809513456;Hrana
UMAK BARILLA S MASLINAMA 400 g;18315;;0,4000;kg;3,79;9,48;;;3,79;8076809513715;Hrana
PUDING MALINA PODRAVKA 40 g;18334;;0,0400;kg;0,79;19,75;;;0,79;3850104216749;Hrana
PUDING JAGODA PODRAVKA 40 g;18338;;0,0400;kg;0,79;19,75;;;0,79;3850104216725;Hrana
UMAK BARILLA BOLOGNESE 400 g;18339;;0,4000;kg;4,59;11,48;;;4,59;8076809513678;Hrana
UMAK BARILL.BOLOGN.PRIPR.400 g;18348;;0,4000;kg;3,19;7,98;;;3,29;8076809513654;Hrana
PESTO BARILLA GENOVESE 190 g;18359;;0,1900;kg;4,59;24,16;;;4,59;8076809513746;Hrana
UMAK BARILLA NAPOLETANA 400 g;18369;;0,4000;kg;3,19;7,98;;;3,29;8076809513692;Hrana
UMAK BARILLA RAJÈICA 400 g;18379;;0,4000;kg;4,69;11,73;;;4,69;8076809521543;Hrana
PUDING JAGODA PODRAVKA 3X40 g;18382;;0,1200;kg;1,99;16,58;;;1,99;3850104219344;Hrana
TJE.BARILLA MINI PENNE R.500 g;18410;Barilla;0,5000;kg;2,65;5,30;;;2,65;8076809521581;Hrana
TJE.BARILLA MINI PIPE R. 500 g;18414;;0,5000;kg;2,45;4,90;;;2,45;8076809523523;Hrana
PRAŠAK ZA PECIVO PODRAVKA 12 g;18425;Podravka;0,0120;kg;0,20;16,67;;;0,20;3850104216770;Hrana
ŠLAGFIX PODRAVKA 8 g;18441;;0,0080;kg;0,39;48,75;;;0,39;3850104219481;Hrana
KEKS DIGESTIVE McVITIE´S 250 g;18642;Digestive;0,2500;kg;2,49;9,96;;;2,49;5000396033373;Hrana
KEKS DIGESTIVE ÈOKOLADA 200 g;18647;McVities;0,2000;kg;2,59;12,95;;;2,49;5000396037531;Hrana
ŠKROB GUSSNEL PODRAVKA 200 g;18685;Podravka;0,2000;kg;1,26;6,30;;;1,69;3850104219467;Hrana
PRELJEV ZA TORTE DOLCELA 13 g;18690;Podravka;0,0130;kg;0,99;76,15;;;0,99;3850104219474;Hrana
SODA BIKARBONA PODRAVKA 40 g;18695;;0,0400;kg;0,69;17,25;;;0,69;3850104074035;Hrana
KRUPICA PŠENIÈNA PODRAV.200 g;18713;;0,2000;kg;0,99;4,95;;;0,99;3850104075339;Hrana
DEO SPR.FA PINK PASSION 150 ml;18717;Fa;0,1500;L;3,29;21,93;;;3,20;3838824116204;Kozmetika
SENF ESTRAGON PODRAVKA 140 g;18719;;0,1400;kg;1,89;13,50;;;1,79;3850104023033;Hrana
VOSAK TAFT CREATIVE LOOK 75 ml;18742;Taft;0,0750;L;4,49;59,87;;;4,39;40152257;Kozmetika
SENF ESTRAGON PODRAVKA 200 g;18745;;0,2000;kg;2,19;10,95;;;2,19;3850104092176;Hrana
PJENA TAFT REF.SHIN.200 ml;18755;Taft;0,2000;L;4,59;22,95;;;3,89;3838824083667;Kozmetika
REBRA ŠPIC SVINJSKA DIM.VP ;18773;Pivac;1,0000;kg;6,99;6,99;;;8,63;3858890187410;Hrana
PJENA VOLUMEN TAFT 200 ml;18778;Taft;0,2000;L;4,59;22,95;;;3,89;3838824083704;Kozmetika
SENF ESTRAGON PODRAVKA 350 g;18784;;0,3500;kg;2,49;7,11;;;2,49;3850104023484;Hrana
SENF ESTRAGON PODRAVKA 700 g;18786;;0,7000;kg;3,99;5,70;;;3,99;3850104023415;Hrana
SENF ESTRAGON PODRAVKA 100g;18794;;0,1000;kg;1,59;15,90;;;1,59;3850104023019;Hrana
HREN PODRAVKA STAKLO 200 g;18805;;0,2000;kg;1,99;9,95;;;1,99;3850104209444;Hrana
LAK ZA KOSU TAFT POWER 250 ml;18807;Taft;0,2500;L;3,55;14,20;;;2,99;4015000510790;Kozmetika
HREN PODRAVKA STAKLO 345 g;18810;Podravka;0,3450;kg;2,69;7,80;;;2,69;3850104209451;Hrana
LAK ZA KOSU TAFT VOLUME.250 ml;18821;Taft;0,2500;L;3,55;14,20;;;2,99;3838824058245;Kozmetika
GEL ZA KOSU TAFT STAND 150 ml;18837;Taft;0,1500;L;2,25;15,00;;;4,39;9000101723366;Kozmetika
GEL ZA KOSU TAFT WET 150 ml;18838;Taft;0,1500;L;4,49;29,93;;;4,39;9000101723182;Kozmetika
GEL ZA KOSU TAFT POWER 150 ml;18840;Taft;0,1500;L;4,49;29,93;;;4,39;9000101723229;Kozmetika
KREMA BAD ZA UÈVRŠÈ.ZUBI 47 g;18849;Blend a dent;1,0000;kom;4,49;4,49;;;4,49;8001841900483;Kozmetika
BRAŠNO PŠ.T-850 PODRAVKA 1 kg;18851;Podravka;1,0000;kg;1,39;1,39;;;1,39;3850104063084;Hrana
BRAŠ.PŠE.T-1100 PODRAVKA 1 kg;18859;Podravka;1,0000;kg;1,29;1,29;;;1,29;3850104063183;Hrana
BRAŠNO KUKURUZN.PODRAVKA 1 kg;18864;Podravka;1,0000;kg;1,49;1,49;;;1,49;3850104052552;Hrana
SOL FINISH 1,5 kg;18865;Finish;1,5000;kg;2,75;1,83;;;2,75;8594002682736;Sredstva za èišæenje
SRED.CILLIT BANG LIME 750 ml;18907;Cillit;0,7500;L;4,99;6,65;;;4,99;5997321740690;Sredstva za èišæenje
SRED.CILLIT LIME&RUST 450 ml;18939;Cilit;0,4500;L;4,69;10,42;;;4,69;5999109510938;Sredstva za èišæenje
RAJÈICA PASIRAN.PODRAVKA 200 g;18945;Podravka;0,2000;kg;0,79;3,95;;;0,79;3850104213120;Hrana
SREDSTVO VANISH 3U1 500 ml;18950;Vanish;0,5000;l;8,39;16,78;;;8,39;8594002688615;Sredstva za èišæenje
RAJÈICA PASIRAN.PODRAVKA 500 g;18953;Podravka;0,5000;kg;1,09;2,18;;;1,09;3850104073656;Hrana
RAJÈICA PASIRAN.PODRAVKA 680 g;18956;Podravka;0,6800;kg;2,59;3,81;;;2,59;3850104242915;Hrana
RAJÈICA PELAT PODRAVKA 400 g;18960;;0,2400;kg;1,99;8,29;;;1,79;3850104073724;Hrana
RAJÈICA PELAT PODRAVKA 800 g;18962;Podravka;0,4800;kg;3,79;7,90;;;3,23;3850104073212;Hrana
MASLAC MEGGLE 10 g;18979;Meggle;0,0100;kg;0,29;29,00;;;0,29;3858886271109;Hrana
MASLAC SA ZAÈIN.BILJEM 125 g;18988;Meggle;0,1250;kg;2,99;23,92;;;3,49;40349251;Hrana
VRHNJE KISELO MEGG.12%MM 180 g;18992;Meggle;0,1800;kg;0,87;4,83;;;0,89;3870085020753;Hrana
KREMA ZA DEPILAC.VEET 100 ml;19000;Veet;0,1000;L;5,49;54,90;;;4,99;5997321773445;Kozmetika
REFILL EL.AIRWICK IVORY 19 ml;19003;Airwick;1,0000;kom;3,89;3,89;;;4,89;5999109545886;Sredstva za èišæenje
REFILL EL.AIRWICK ANTI 19 ml;19004;Airwick;1,0000;kom;4,89;4,89;;;4,89;5999109542427;Sredstva za èišæenje
REF.EL.AIRWICK PURPLE 19 ml;19005;Airwick;1,0000;kom;5,59;5,59;;;5,59;5999109545930;Sredstva za èišæenje
KREMA ZA DEPILAC.VEET 100 ml;19019;Veet;0,1000;L;4,99;49,90;;;4,49;5997321773438;Kozmetika
VAFEL LOACKER CHOCO.NOIR 118 g;19030;Loacker;0,1180;kg;2,19;18,56;;;2,19;8000380214914;Hrana
PAŠTETA GAVRILOVIÆ ÈAJNA 50 g;19035;Gavrilovic;0,0500;kg;1,09;21,80;;;1,09;3858881220096;Hrana
PAŠTETA GAVRILOVIÆ ÈAJNA 100 g;19038;Gavrilovic;0,1000;kg;1,55;15,50;;;1,52;3858881221529;Hrana
PAŠTETA GAVRILOVIÆ JETR.30 g;19040;Gavrilovic;0,0300;kg;0,89;29,67;;;0,89;3858881220126;Hrana
PAŠTETA GAVRILOVIÆ JETR.50 g;19043;Gavrilovic;0,0500;kg;1,09;21,80;;;1,09;3858881220072;Hrana
PAŠTETA GAVRILOVIÆ JETR.100 g;19046;Gavrilovic;0,1000;kg;1,55;15,50;;;1,52;3858881221543;Hrana
VAFEL LOACKER NAPOLITANE.175 g;19058;Loacker;0,1750;kg;2,19;12,51;;;2,19;8000380007219;Hrana
SREDSTVO FINISH ÈISTILO 250 ml;19059;Finish;0,2500;L;6,29;25,16;;;6,29;8594002680138;Sredstva za èišæenje
MESNI DORUÈAK GAVRILOVIÆ 150 g;19075;Gavrilovic;0,1500;kg;2,15;14,33;;;2,15;3858881220010;Hrana
SIR KREM ABC CLASSIC 100 g ;19125;Zvijezda;0,1000;kg;1,15;11,50;;;1,25;3859888858008;Hrana
NAMAZ MLIJ.VAJKREM 40%MM 150 g;19128;Belje;0,1500;kg;1,99;13,27;;;2,05;3859888858220;Hrana
RAKIJA WILLIAMS RESERV 0,7 L;19301;;0,7000;l;30,29;43,27;;;30,29;8002345007340;Piæa
WHISKEY WILLIAM GRANTS 0,70 L ;19303;;0,7000;L;15,99;22,84;;;15,59;5010327000404;Piæa
JOGURT TEK.2,8% MEGGLE 180 g ;19453;Meggle;0,1800;kg;0,44;2,44;;;0,44;3870085030028;Hrana
RIBICE BOBI KREKER 50 g;19643;Bobi;0,0500;kg;0,79;15,80;;;0,65;3858891590226;Hrana
Teleæi vrat s kosti;19657;;1,0000;kg;9,39;9,39;;;9,99;3859892958541;Hrana
Teleæa lopatica s kosti ;19658;;1,0000;kg;9,39;9,39;;;9,99;3859892958558;Hrana
Teleæa podlaktica s kosti;19660;;1,0000;kg;8,99;8,99;;;8,99;3859892958565;Hrana
MLIJEKO UHT 2,5% MEGGLE 1 L;19725;Meggle;1,0000;L;0,99;0,99;;;1,21;3870085010051;Hrana
ÈOKOLADA VRUÆA CIOBAR 25 g;19776;Dr. Oetker;0,0250;kg;0,79;31,60;;;0,79;5997381329392;Piæa
VINO ADŽIÆ GRAŠEVINA  0,75 L;19803;;0,7500;L;17,69;23,59;;;17,69;3859890469025;Piæa
VINO ADŽIÆ CRNI PINOT 0,75 L;19807;;0,7500;l;20,02;26,69;;;20,02;3859890469087;Piæa
VINO GRGIÆ PLAVAC MALI  0,75L;19814;;0,7500;l;40,59;54,12;;;40,59;3859891423019;Piæa
VINO TOMIÆ PLAVAC 0,75 L;19829;;0,7500;L;14,28;19,04;;;14,28;3859889164252;Piæa
ANANAS kom;19832;;1,0000;kom;1,99;1,99;;;2,49;4014071051171;Hrana
VINO TOMIÆ PLAV.MAL. BQ 0,75 L;19833;;0,7500;L;34,32;45,76;;;34,32;3859889164221;Piæa
VINO TOLJANIÆ ŽLAHT.0,75 L;19849;;0,7500;L;9,52;12,69;;;9,52;3859889276016;Piæa
VINO MARIJ.ARM.MALVA.0,75 L;19855;;0,7500;L;14,89;19,85;;;14,89;3859893024016;Piæa
VINO DEGRASS.CHARDON.0,75 L ;19886;;0,7500;l;20,02;26,69;;;20,02;3859891805037;Piæa
VINO DEGRAS.MALVAZIJA 0,75 L ;19887;;0,7500;l;16,52;22,03;;;16,52;3859891805013;Piæa
VINO ENJINGI GRAŠEVINA 0,75L;19891;;0,7500;l;10,79;14,39;;;9,92;3859892375010;Piæa
VINO ENJIN.GRAŠEVINA KB0,75 L;19895;;0,7500;l;14,49;19,32;;;13,92;3859892375041;Piæa
Jabuka Gala rfs;19901;S-BUDGET;1,0000;kg;1,69;1,69;;;1,39;3858885878262;Hrana
VINO KRAUTHAK.GRAŠEV.0,75L L;19961;;0,7500;l;;13,32;9,99;12,49;12,49;3859892481001;Piæa
VINO MATOŠEVIÆ ALBA 0,75 L;19966;;0,7500;l;15,49;20,65;;;15,49;3859892196011;Piæa
VINO MILIÈIÆ DINGAÈ 0,75 L;19997;;0,7500;l;20,78;27,71;;;20,78;3859888400016;Piæa
VINO ZLATAN PLAVAC 0,75 L;20000;;0,7500;l;14,22;18,96;;;14,22;3859888437029;Piæa
VINO ZLATAN OTOK 0,75 L;20005;;0,7500;l;6,12;8,16;;;6,12;3859888437012;Piæa
VINO ZLATAN ROSE 0,75 L;20007;;0,7500;l;6,99;9,32;;;6,99;3859888437036;Piæa
VINO ZL.PLAVAC BARRIQUE 0,75 L;20010;;0,7500;L;19,52;26,03;;;19,52;3859888437074;Piæa
VINO PZ VRBNIK ZL.ŽLAHT.0,75 L;20025;;0,7500;l;10,49;13,99;;;10,49;3859889467018;Piæa
PIVO LEFFE BROWN 0,33 L BOCA;20041;Leffe;0,3300;l;2,15;6,52;;;2,15;5410228166672;Piæa
PIVO LEFFE BLOND 0,33 L BOCA;20045;Leffe;0,3300;l;2,15;6,52;;;2,15;5410228166665;Piæa
PIVO HOEGAARDEN 0,33 L;20049;;0,3300;l;2,32;7,03;;;2,32;5410228141785;Piæa
TP PALOMA EXTRA MIRIS 3SL.10/1;20056;Paloma;10,0000;kom;2,49;0,25;;;2,99;3838952016315;Toaletne potrepštine
PIVO OŽUJ.SVIJ.0,5 L BOCA P.A.;20062;Ožujsko;0,5000;l;1,19;2,38;;;1,19;38501692;Piæa
PAP.RUÈNICI  PALOMA TISAK 2/1;20072;Paloma;2,0000;kom;;0,75;1,49;1,65;1,65;3838952013468;Proizvodi za kuæanstvo
PIVO TOMISLAV  0,5 L BOCA P.A.;20076;Tomislav;0,5000;l;1,09;2,18;;;1,09;38501715;Piæa
PIVO STELLA ARTOIS 0,5 LIM;20094;Stella Artois;0,5000;l;1,79;3,58;;;1,72;3850131486009;Piæa
PIVO OŽ. COOL 0,5 L BOCA P.A.;20109;Ožujsko;0,5000;l;1,25;2,50;;;1,25;38502293;Piæa
Kolaè torta èokol.1600 g;20167;;1,6000;kg;35,99;22,49;;;35,99;3859890208679;Hrana
VINO CAPE SPR.CHENIN 0,75L ;20183;;0,7500;l;4,02;5,36;;;4,02;6009712610914;Piæa
PAPAYA kom;20189;;1,0000;kom;2,99;2,99;;;2,99;7898246300175;Hrana
MANGO kom;20194;;1,0000;kom;0,88;0,88;;;1,19;3858885877531;Hrana
AVOKADO kom;20199;;1,0000;kom;1,09;1,09;;;0,99;3858885878446;Hrana
VINO CAPE SPRING PINOTAG.0,75L;20200;;0,7500;l;4,02;5,36;;;4,02;6009712610921;Piæa
VINO JP CHENET CA.SYRAH 0,75 L;20230;;0,7500;L;5,99;7,99;;;5,49;3263286301323;Piæa
VINO JP CHEN.SPAR.BRUT 0,75 L;20241;Chenet;0,7500;L;6,92;9,23;;;6,92;3500610034589;Piæa
KAŠA HAJDINSKA ÈAK.MLINO.500 g;20347;Cakovecki Mlinovi;0,5000;kg;2,39;4,78;;;2,49;3858884170718;Hrana
KAŠA JEÈMENA ÈAK.MLINOVI 500 g;20349;Cakovecki Mlinovi;0,5000;kg;1,19;2,38;;;1,19;3858884170671;Hrana
BRAŠ.PŠ.GLATKO T-550 È.M.1 kg;20363;Cakovecki Mlinovi;1,0000;kg;;0,75;0,75;0,79;0,79;3858884172569;Hrana
BRAŠ.PŠ.GLATKO T-550 È.M.5 kg;20366;Cakovecki Mlinovi;5,0000;kg;3,99;0,80;;;3,59;3858884172521;Hrana
BRAŠNO PŠ.OŠTRO T-400 È.M.1 kg;20372;Cakovecki Mlinovi;1,0000;kg;;0,79;0,79;0,83;0,83;3858884172637;Hrana
BRAŠNO È.M.T-400 ZA TORTE 5 kg;20377;Vlastite potrebe;5,0000;kg;4,15;0,83;;;4,15;3858884172538;Hrana
BRAŠNO PŠENIÈNO T-850 È.M.1 kg;20381;Cakovecki Mlinovi;1,0000;kg;0,79;0,79;;;1,25;3858884170084;Hrana
BRAŠNO GRAHAM ÈAK.MLINOVI 1 kg;20384;Cakovecki Mlinovi;1,0000;kg;1,59;1,59;;;1,59;3858884170107;Hrana
KRUP.PŠENIÈNA T-400 È.M.1 kg;20387;Cakovecki Mlinovi;1,0000;kg;1,49;1,49;;;1,49;3858884170015;Hrana
BRAŠN.PŠ.DIZ.TJ.T-400 È.M.1 kg;20390;Cakovecki Mlinovi;1,0000;kg;;1,09;1,09;1,49;1,49;3858884172583;Hrana
BRAŠNO PŠ.TAN.TJ.T-700 È.M.1kg;20393;Cakovecki Mlinovi;1,0000;kg;1,49;1,49;;;1,49;3858884172576;Hrana
VINO RIZLING TALIJANS.ÐAKO.1 L;20401;;1,0000;l;4,99;4,99;;;5,49;3859888932227;Piæa
MJEŠANI SUHI KOLAÈI 1000g;20402;;1,0000;kg;22,99;22,99;;;22,99;3859890208099;Hrana
Kol.èok.mix 6/1 720 g;20405;;0,7200;kg;7,99;11,10;;;7,99;3859890208693;Hrana
Kol.voæ.mix 6/1 720 g;20406;;0,7200;kg;7,99;11,10;;;7,99;3859890208266;Hrana
KOL.ÈUPAVAC 6/1 380 g;20416;;0,3800;kg;5,99;15,76;;;5,99;3859890208273;Hrana
ORAHNJAÈA 550 g;20419;;0,5500;kg;6,39;11,62;;;6,39;3859890208037;Hrana
Pita od višanja 800 g;20421;;0,8000;kg;5,79;7,24;;;5,79;3859890208419;Hrana
Pita od jabuka 700g;20424;;0,7000;kg;6,19;8,84;;;6,19;3859890208136;Hrana
VINO GRAŠEVINA ÐAKOVO 1 L;20446;;1,0000;L;4,99;4,99;;;5,49;3859888932234;Piæa
VINO GRAŠEVINA ÐAKOVO 0,75L;20469;;0,7500;l;3,74;4,99;;;3,74;3850133262250;Piæa
VINO CHARDONNAY ÐAKO. 0,75 L;20475;;0,7500;L;6,69;8,92;;;6,69;3859888932456;Piæa
Šunkarica Gavriloviæ;20476;Gavrilovic;1,0000;kg;10,79;10,79;;;10,79;3858890206708;Hrana
VINO GRAŠE.ÐAKO.0,75 L  VRH ;20477;;0,7500;L;6,59;8,79;;;6,59;3859888932289;Piæa
VINO DIKA FRANKOVKA 0,75 L;20489;;0,7500;l;6,32;8,43;;;6,32;3859888852037;Piæa
VINO DIKA GRAŠEVINA 0,75 L;20493;;0,7500;l;6,32;8,43;;;6,32;3859888852020;Piæa
VINO GRAŠEVINA FERAVINO 1 L;20500;;1,0000;l;5,02;5,02;;;5,02;3859888852044;Piæa
VINO FRANKOVKA FERAVINO 1L;20502;;1,0000;l;5,02;5,02;;;5,02;3859888852051;Piæa
VINO POKLON PAKET FER.2X 0,75L;20515;;1,5000;l;11,25;7,50;;;11,25;3859888852525;Piæa
Svinjski but bez kosti HR;20532;SPAR marka kvalitete;1,0000;kg;;3,99;3,99;4,59;4,49;3859892958572;Hrana
Svinjski vrat s kosti HR;20536;;1,0000;kg;5,59;5,59;;;5,99;3859892958589;Hrana
Svinjska koljenica s kosti HR;20553;;1,0000;kg;3,79;3,79;;;4,29;3859892958596;Hrana
Svinjski file HR;20557;;1,0000;kg;10,39;10,39;;;10,69;3859892958602;Hrana
RIBLJI ŠTAPIÆI PANI.LEDO 300 g;20580;Ledo;0,3000;kg;2,99;9,97;;;2,99;3850116066486;Hrana
GAMBERI LEDO 250 g ;20590;Ledo;0,2500;kg;6,49;25,96;;;5,99;3850116746050;Hrana
LOSOS FILET S KOŽOM LEDO 400 g;20595;Ledo;0,4000;kg;;18,73;7,49;9,99;9,99;3850116765716;Hrana
CEDEVITA NARANÈA 200 g;20603;Cedevita;0,2000;kg;2,19;10,95;;;2,09;3850322003527;Piæa
PLODOVI MORA  LEDO 300 g;20606;Ledo;0,3000;kg;4,89;16,30;;;4,89;3850116745985;Hrana
ŠEÆER SMEÐI DEMERARA 500 g;20613;Billington´S;0,5000;kg;2,89;5,78;;;2,89;5010651001115;Hrana
ŠEÆ.SMEÐI GOLDEN GRANULA.1 kg;20615;Billington´S;1,0000;kg;4,99;4,99;;;4,99;5010651001559;Hrana
UMAK TABASCO MC ILHENNY 60 ml ;20621;;0,0600;l;4,59;76,50;;;4,64;0011210000018;Hrana
UMAK TABASCO MC ILHENNY 60 ml ;20622;;0,0600;l;4,64;77,33;;;4,64;0011210009530;Hrana
SIRUP OD JAVORA MAPLE J.250 g;20623;;0,2500;kg;7,99;31,96;;;9,99;3088542500285;Hrana
Svinjske nogice HR;20666;;1,0000;kg;1,79;1,79;;;1,79;3858891521114;Hrana
VINO BABIÆ KV. VINOPL. 0,75 L ;20668;;0,7500;l;;9,32;6,99;8,99;8,99;3859888129122;Piæa
Svinjska jetra HR;20677;;1,0000;kg;2,89;2,89;;;2,89;3859891139767;Hrana
Svinjsko srce HR;20680;;1,0000;kg;2,99;2,99;;;2,99;3859892223212;Hrana
Svinjski jezik HR;20682;;1,0000;kg;3,98;3,98;;;3,98;3859893251221;Hrana
Svinjski rep HR;20685;;1,0000;kg;3,31;3,31;;;3,31;3858891521091;Hrana
SPUŽVA POLLY-FLEX PLUS 2/1;20694;;2,0000;kom;2,29;1,15;;;2,29;3859888122031;Proizvodi za kuæanstvo
SPUŽVA S ABRAZIVOM MAXI 5/1;20702;;5,0000;kom;1,99;0,40;;;1,99;3858882680035;Proizvodi za kuæanstvo
KRPA SPUŽVASTA POLLY-FLEX 1/1;20708;;1,0000;kom;0,99;0,99;;;0,99;3859888122130;Proizvodi za kuæanstvo
Juneæa lopatica bez kosti;20716;;1,0000;kg;13,69;13,69;;;11,99;3859893251337;Hrana
Juneæi vrat s kosti;20719;Vlastite potrebe;1,0000;kg;6,99;6,99;;;6,99;3859893251344;Hrana
Juneæa rebra;20720;;1,0000;kg;10,29;10,29;;;9,69;3859892958633;Hrana
KRPA SPUŽVASTA POLLY-FLEX 3/1;20733;;3,0000;kom;2,39;0,80;;;2,39;3859888122154;Proizvodi za kuæanstvo
Juneæa potrbušina;20737;;1,0000;kg;12,29;12,29;;;10,79;3859893251382;Hrana
Juneæa leða s kosti;20740;;1,0000;kg;12,59;12,59;;;10,29;3859892958657;Hrana
Juneæi biftek;20746;;1,0000;kg;43,99;43,99;;;41,99;3859892958664;Hrana
SPUŽVA S ABRAZIVOM BRAVO 1/1;20765;;1,0000;kom;0,89;0,89;;;0,89;3858882681667;Proizvodi za kuæanstvo
SPUŽVA S ABRAZIVOM BRAVO 2/1;20767;;2,0000;kom;1,19;0,60;;;1,19;3858882681674;Proizvodi za kuæanstvo
Juneæa koljenica s kosti;20769;;1,0000;kg;12,99;12,99;;;10,99;3859893251399;Hrana
SPUŽVA S ABRAZIVOM BRAVO 3/1;20772;;3,0000;kom;1,29;0,43;;;1,29;3858882681681;Proizvodi za kuæanstvo
RAKIJA TRAVARICA VINOPLOD 1 L ;20775;;1,0000;l;14,02;14,02;;;14,02;3859888129849;Piæa
Juneæa prsa;20776;;1,0000;kg;9,29;9,29;;;9,69;3859893251375;Hrana
KRPA SPUŽVASTA BRAVO 3/1;20777;;3,0000;kom;1,59;0,53;;;1,59;3858882681698;Proizvodi za kuæanstvo
RAKIJA KOMOVICA VINOPLOD 1L;20778;Vinoplod;1,0000;l;14,02;14,02;;;14,02;3859888129900;Piæa
KRPA VIŠENAMJENSKA BRAVO 5/1;20782;;5,0000;kom;1,29;0,26;;;1,29;3858882681889;Proizvodi za kuæanstvo
VINO KUTJEVO VRH.GRAŠEV.0,75 L;20789;;0,7500;l;;11,99;8,99;11,09;11,09;3850156001003;Piæa
VINO KUTJEVO PINOT SIVI 0,75 L;20795;;0,7500;l;;11,99;8,99;10,02;10,02;3850156001096;Piæa
Juneæa jetra;20817;;1,0000;kg;9,69;9,69;;;7,99;3859892958701;Hrana
Juneæi rep;20821;;1,0000;kg;11,99;11,99;;;11,79;3859892958718;Hrana
VINO KUTJEVO TRAMINAC VRH0,75L;20825;;0,7500;L;;11,99;8,99;10,02;10,02;3850156001041;Piæa
VINO KUTJEVO GRAŠEVINA 1 L;20842;;1,0000;l;7,15;7,15;;;7,15;3850156001218;Piæa
VINO KUTIJEVO GRAŠEVINA 0,187L;20851;;0,1870;l;2,09;11,18;;;2,09;3850156004202;Piæa
NAPOL.MANNER LJEŠNJAK 400 g;20911;Manner;0,4000;kg;4,39;10,98;;;4,09;9000331607917;Hrana
VAFEL MANNER TORTICE VR.400 g;20923;Manner;0,4000;kg;3,99;9,98;;;3,79;9000331607955;Hrana
Salama zimska;20952;Gavrilovic;1,0000;kg;21,99;21,99;;;21,99;3858881220799;Hrana
ÈOKOLADNA KRAŠ TORTICA 25 g;20957;Kraš;0,0250;kg;0,55;22,00;;;0,55;3850102320011;Hrana
VAFEL KNOPPERS  25 g;20978;Knoppers;0,0250;kg;0,52;20,80;;;0,55;40144399;Hrana
VAFEL KNOPPERS 3/1 75 g;20986;Knoppers;0,0750;kg;1,39;18,53;;;1,49;40144412;Hrana
MESNI NAREZAK 400 g GAVRILOVIÆ;20990;Gavrilovic;0,4000;kg;4,55;11,38;;;4,59;3858881224490;Hrana
ZAÈIN KOTANYI TEMELJAC 18 g;21073;;0,0180;kg;1,19;66,11;;;0,99;9001414015551;Hrana
ZAÈIN PAPAR CRNI KOTANYI 36 g;21101;;0,0360;kg;4,49;124,72;;;3,99;9001414041116;Hrana
ZA.CHILI EX.LJUTI KOTANYI 35 g;21114;;0,0350;kg;3,99;114,00;;;3,99;9001414041154;Hrana
ZAÈ.MJ.TALIJAN.KOTANYI 48 g;21119;;0,0480;kg;3,99;83,13;;;3,99;9001414041178;Hrana
ZAÈ.MJ.PROVANS.KOTANYI 33 g;21122;;0,0330;kg;3,99;120,91;;;3,99;9001414041185;Hrana
DET.PLAVI RADION 500 g;21163;Radion;0,5000;kg;1,75;3,50;;;1,86;3850105101167;Sredstva za èišæenje
Svinjski vrat bez kosti;21178;Vlastite potrebe;1,0000;kg;5,49;5,49;;;5,49;9242920800006;Hrana
KAVA FRANCK JUB.VAK.250 g;21200;Franck;0,2500;kg;5,39;21,56;;;5,39;3858881080263;Piæa
KAVA FRANCK INSTANT GOLD 100 g;21205;Franck;0,1000;kg;5,49;54,90;;;5,49;3850291055244;Piæa
GRAH KOBASICA PODRAVKA 400 g;21384;Podravka;0,4000;kg;3,49;8,73;;;3,69;3850104035739;Hrana
GRAH HAMBUR.PODRAVKA 400 g;21391;Podravka;0,4000;kg;3,69;9,23;;;3,69;3850104035746;Hrana
FILEKI PODRAVKA 400 g;21395;Podravka;0,4000;kg;3,89;9,73;;;3,89;3850104050848;Hrana
GOVEÐI GULAŠ PODRAVKA 400 g;21396;Podravka;0,4000;kg;5,69;14,23;;;4,49;3850104020087;Hrana
GOVEÐI GULAŠ PODRAVKA 300 g;21400;Podravka;0,3000;kg;4,19;13,97;;;3,69;3850104020032;Hrana
GOVEÐI GULAŠ PODRAVKA 200 g;21404;Podravka;0,2000;kg;3,79;18,95;;;3,49;3850104020018;Hrana
WHISKEY JIM B.BURBON 0,7 L;21412;Jim Beam;0,7000;l;20,02;28,60;;;20,02;0080686000389;Piæa
KRUPICA PŠ.PODRAVKA T-400 1 kg;21414;Podravka;1,0000;kg;1,79;1,79;;;2,09;3850104064029;Hrana
KRUPICA KUKURUZNA PODRAVKA1 kg;21416;Podravka;1,0000;kg;1,79;1,79;;;1,79;3850104053429;Hrana
GOVEÐI HAŠE PODRAVKA 200 g;21450;Podravka;0,2000;kg;2,39;11,95;;;2,39;3850104020353;Hrana
HAŠE PODRAVKA SVINJETINA 200 g;21453;Podravka;0,2000;kg;2,44;12,20;;;2,44;3850104057380;Hrana
MESNI RAGU PODRAVKA 200 g;21457;Podravka;0,2000;kg;2,49;12,45;;;2,49;3850104020308;Hrana
RAGU BOLOGNESE PODRAVKA 200 g;21462;Podravka;0,2000;kg;2,49;12,45;;;2,49;3850104022401;Hrana
ÈAJ FRANCK ŠIPAK 60 g;21495;Franck;0,0600;kg;2,09;34,83;;;2,09;3858881081383;Piæa
ÈAJ FRANCK BOROVNICA KUV.55 g;21505;Franck;0,0550;kg;2,29;41,64;;;2,49;3858881083851;Piæa
ÈAJ FRANCK MARELE.KUVERT.60 g;21507;Franck;0,0600;kg;2,29;38,17;;;2,29;3858881082076;Piæa
ÈAJ FRANCK JAB.-CIMET KU.60 g;21521;Franck;0,0600;kg;2,29;38,17;;;2,39;3858881082694;Piæa
LIKER UNDERBERG 3PACK 3x0.02 L;21527;Underberg;0,0600;l;4,21;70,17;;;3,79;4034100029087;Piæa
PUREÆI NAREZAK PODRAV.150 g;21534;Podravka;0,1500;kg;1,99;13,27;;;1,99;3850104031748;Hrana
WHISKEY BALLANTINES 1 L ;21535;Ballantines;1,0000;L;22,29;22,29;;;20,52;5010106111956;Piæa
PILEÆI NAREZAK PODRAVKA 150 g;21537;Podravka;0,1500;kg;1,99;13,27;;;1,99;3850104055706;Hrana
WHISKEY BALLANTINES+ÈAŠE 0,7 L;21538;Ballantines;0,7000;l;;21,41;14,99;18,79;18,02;5010106114667;Piæa
WHISKY JACK DANIELS 1 L;21555;Jack Daniels;1,0000;L;31,09;31,09;;;29,99;5099873045367;Piæa
WHISKY JACK DANIELS 0,7 L;21557;Jack Daniels;0,7000;L;24,22;34,60;;;24,22;5099873089798;Piæa
WHIS.J.DANIELS SINGLE BAR.0,7L;21559;Jack Daniels;0,7000;l;53,39;76,27;;;53,02;5099873088654;Piæa
BITTER CYNAR JAP 0,7 L;21563;Cynar;0,7000;l;15,59;22,27;;;15,59;8002240001023;Piæa
WHISKEY CANAD.SPEC.OLD  0,7 L;21567;Canadian Club;0,7000;l;12,79;18,27;;;12,52;0089540453705;Piæa
LIKER CAROLANS  1L;21595;Carolans;1,0000;l;24,62;24,62;;;24,62;5011026105216;Piæa
SENF THOMY TUBA 200 g;21600;;0,2000;kg;2,29;11,45;;;2,29;7613287084163;Hrana
SENF THOMY TUBA 100 g;21606;;0,1000;kg;1,79;17,90;;;1,79;7613287084644;Hrana
COURVOISIER VS  0,7 L;21610;Courvoisier;0,7000;l;41,29;58,99;;;40,99;3049197110076;Piæa
GIN BEEFEATER 0,7 L ;21619;Beefeater;0,7000;l;;24,27;16,99;17,99;20,02;5000329002193;Piæa
VODKA FINLANDIA 0,7 L ;21622;;0,7000;L;15,99;22,84;;;15,72;6440003100095;Piæa
LIKER SOUTHERN COMFORT  0,7 L;21633;Southern Comfort;0,7000;l;20,19;28,84;;;19,99;1210000100511;Piæa
WHISKY TULLAMORE DEW 0,7 L;21660;;0,7000;l;23,99;34,27;;;23,99;5011026108033;Piæa
ÈAJ FRANCK KAMILICA 20 g;21682;Franck;0,0200;kg;1,69;84,50;;;1,79;3858881081420;Piæa
Brusnica sušena kandirana RFS;21691;;1,0000;kg;9,99;9,99;;;9,99;3858889330674;Hrana
ÈAJ FRANCK INDIJSKI KUV.30 g;21700;Franck;0,0300;kg;2,29;76,33;;;2,29;3858881082045;Piæa
ÈAJ FRANCK ZELENI 35 g;21701;Franck;0,0350;kg;2,29;65,43;;;2,29;3858881083752;Piæa
SOL PAŠKA MORSKA SITNA 1 kg KK;21758;;1,0000;kg;0,89;0,89;;;0,79;3859888155114;Hrana
KEKSI PAN DI STELLE MUL.350 g;21780;Mulino;0,3500;kg;3,19;9,11;;;4,59;8076809574075;Hrana
SOL PAŠKA MORSK.KRUPNA 1 kg KK;21792;;1,0000;kg;0,89;0,89;;;0,85;3859888155107;Hrana
SOL PAŠKA MORSKA SITNA 250 g;21800;;0,2500;kg;1,19;4,76;;;1,19;3859888155183;Hrana
KEKS ABBRACCI MULINO 350 g;21823;Mulino;0,3500;kg;3,19;9,11;;;4,59;8076809574082;Hrana
KEKS COUR DI MELA JABUKA 300 g;21833;Mulino Bianco;0,3000;kg;2,79;9,30;;;3,99;8076809580670;Hrana
LIKER CREM PINA COLADA 0.7 L;21852;Toorank Pina Colada;0,7000;l;11,02;15,74;;;11,02;8712436102839;Piæa
GAZIRANO PIÆE PIPI 2 L;21985;Pipi;2,0000;l;2,29;1,15;;;2,22;3870183400013;Piæa
VREÆE S VEZICOM 20/1 40L ;21990;;20,0000;kom;3,49;0,17;;;2,89;3870075001069;Proizvodi za kuæanstvo
MARAMICE LOVELY 4SL 100/1 ;22046;Lovely;100,0000;kom;1,59;0,02;;;1,59;9100000067872;Toaletne potrepštine
MARAM.LOVELY 4SL.15X10;22052;Lovely;15,0000;kom;2,39;0,16;;;2,39;9100000696775;Toaletne potrepštine
JUHA KOCKA MAGGI PILEÆA 80 g;22082;Maggi;0,0800;kg;1,79;22,38;;;1,75;8585002419477;Hrana
JUHA-KOCKA MAGGI GOVEÐA 120 g;22105;Maggi;0,1200;kg;2,29;19,08;;;2,29;8585002419538;Hrana
CORNFLAKES KELLOGG´S 250 g;22229;Kelloggs;0,2500;kg;3,99;15,96;;;3,99;5053827111188;Hrana
LIKER KRUŠKOVAC MARASKA 1 L;22370;Maraska;1,0000;l;10,02;10,02;;;10,02;3850158403607;Piæa
LIKER MARASKA ORAHOVAC 1 L;22377;Maraska;1,0000;L;15,02;15,02;;;15,02;3850158406004;Piæa
SODA BIKARBONA ŠAFRAM 500 g;22380;;0,5000;kg;1,59;3,18;;;1,49;3859888163249;Hrana
LIKER PELINKOV. G.MARASKA 1 L ;22386;;1,0000;l;15,49;15,49;;;15,02;3850158406752;Piæa
LIKER PELINKOVAC MARASKA 0,1 L;22387;;0,1000;l;1,69;16,90;;;1,69;3850158406301;Piæa
LIKER CHERRY BRANDY ZAD.0,70L;22400;Maraska;0,7000;l;13,02;18,60;;;13,02;3850158401504;Piæa
LIKER PELINKOVAC GORKI 0,70 L;22403;;0,7000;l;15,49;22,13;;;15,49;3850158406615;Piæa
ROOM MARASKA 1 L;22417;Maraska;1,0000;l;10,69;10,69;;;11,02;3850158201555;Piæa
ROOM MARASKA 0,5 L;22420;Maraska;0,5000;L;6,52;13,04;;;6,52;3850158201531;Piæa
ROOM DOMAÆI MARASKA 0,1 L;22422;;0,1000;l;1,69;16,90;;;1,69;3850158201517;Piæa
RAKIJA ŠLJIVOVICA MARASKA 1 L ;22425;;1,0000;l;13,59;13,59;;;16,02;3850158301705;Piæa
LIMUNSKA KISELINA ŠAFRAM 500 g;22433;;0,5000;kg;4,29;8,58;;;3,99;3859888163362;Hrana
LIMUNSKA KISELINA ŠAFRAM 100 g;22435;Safram;0,1000;kg;0,99;9,90;;;0,99;3859888163355;Hrana
WASABI PASTE BLUE DRAGON 45 g;22436;Blue Dragon;0,0450;kg;6,39;142,00;;;6,39;5010338302887;Hrana
UMAK OYSTER&SPRING ONION 120 g;22439;Blue Dragon;0,1200;kg;2,19;18,25;;;2,19;5010338200091;Hrana
UMAK SWEET&SOUR BL.DRAGO.120 g;22441;Blue Dragon;0,1200;kg;2,19;18,25;;;2,19;5010338200039;Hrana
RIŽA ZA SUSHI BLUE DRAGO.500 g;22451;Blue Dragon;0,5000;kg;5,59;11,18;;;5,59;5010338303273;Hrana
PILEÆI RASJEK PREMIUM ;22477;Vindija;1,0000;kg;4,99;4,99;;;5,19;3850159110610;Hrana
ZAÈ.PAPRIKA TUCANA ŠAFRAM 50 g;22491;;0,0500;kg;1,19;23,80;;;1,19;3859888163287;Hrana
UM.LA FIESTA SALSA MILD 315 g;22499;;0,3150;kg;3,29;10,44;;;3,29;5412514935092;Hrana
UMAK LA FIESTA PAPRIKA 85 g;22502;Casa Fiesta;0,0850;kg;2,89;34,00;;;2,91;7311310388027;Hrana
UMAK LA FIESTA AVOKADO 315 g;22504;;0,3150;kg;4,39;13,94;;;4,39;5412514935115;Hrana
SEZAM ŠAFRAM 100 g;22505;;0,1000;kg;0,99;9,90;;;0,99;3859888163164;Hrana
UM.LA FIESTA SALSA LJUTI 315 g;22508;;0,3150;kg;3,29;10,44;;;3,29;5412514935122;Hrana
UMAK LA FIESTA RAJÈICA 230 g;22514;Casa Fiesta;0,2300;kg;2,99;13,00;;;2,99;5412514935139;Hrana
PILEÆA KRILA;22516;Cekin;1,0000;kg;6,29;6,29;;;6,29;3850159110269;Hrana
TORTILLAS LA FIESTA FLOUR 320g;22520;;0,3200;kg;2,59;8,09;;;2,59;5412514934989;Hrana
TORTILLAS LA FIESTA WRAP 245 g;22525;Casa Fiesta;0,2450;kg;2,19;8,94;;;2,19;5412514935016;Hrana
UMAK KUHNE MEKSIÈKI 250 ml;22531;Kuehne;0,2500;l;2,59;10,36;;;3,29;40804934;Hrana
RIŽA PARBOILED ŠAFRAM 950 g;22550;;0,9500;kg;2,99;3,15;;;2,91;3859890104131;Hrana
PIVO ZLATOROG SVIJ.0,5 L P.A.;22593;Lasko;0,5000;l;1,19;2,38;;;1,19;3830001711011;Piæa
Limeta rfs;22620;;1,0000;kg;;1,49;1,49;2,99;2,49;3858885879252;Hrana
Cikla rfs;22670;;1,0000;kg;0,79;0,79;;;0,89;3858893251736;Hrana
Èešnjak rfs;22671;;1,0000;kg;4,99;4,99;;;4,99;861;Hrana
Komoraè rfs;22673;;1,0000;kg;3,99;3,99;;;4,99;3858893251743;Hrana
PIVO LAŠKO ZLATOR.0,5L LIM ;22768;Lasko;0,5000;l;1,49;2,98;;;1,49;3830001710991;Piæa
BRIT.BEAUTY KISS JEDNOKR.Ž.5/1;22775;Beauty Kiss;5,0000;kom;1,05;0,21;;;1,05;9100000864440;Kozmetika
BRIT.BEAUTY KISS JEDNOKR.M.5/1;22778;Beauty Kiss;5,0000;kom;1,05;0,21;;;1,05;9100000191652;Kozmetika
Luk ljubièasti rfs;22803;;1,0000;kg;1,29;1,29;;;1,49;3858885875643;Hrana
LIKER AMARO 18 1 L ;22823;Amaro;1,0000;l;15,59;15,59;;;15,02;8001110017058;Piæa
SENF JUTRO 250 ml KRIGLA;22840;;0,2500;l;2,69;10,76;;;2,65;4025891004254;Hrana
MARAM.ZEWA SOFTIS NEUTRAL 10/1;22882;Zewa;10,0000;kom;2,35;0,24;;;2,35;7322541110776;Toaletne potrepštine
MARAM.ZEWA SOFTIS MENTOL 10/1;22883;Zewa;10,0000;kom;2,35;0,24;;;2,35;4006670380943;Toaletne potrepštine
MARAMICE ZEWA DELUX 10/1;22885;Zewa;10,0000;kom;1,95;0,20;;;1,95;9011111516145;Toaletne potrepštine
KETCHUP ZVIJEZDA BLAGI 1 kg;22905;Zvijezda;1,0000;kg;2,99;2,99;;;2,79;3858882210881;Hrana
KETCHUP ZVIJEZDA LJUTI 500 g;22909;;0,5000;kg;2,19;4,38;;;2,19;3858882210898;Hrana
KETCHUP ZVIJEZDA BLAGI 500 g;22910;;0,5000;kg;2,19;4,38;;;1,99;3858882210874;Hrana
HRANA ZA PSE PED.JUN.PIL.100 g;22918;Pedigree;0,1000;kg;,89;8,90;;;0,89;5900951017247;Proizvodi za kuæanstvo
Pomelo rfs;22920;;1,0000;kg;;0,99;0,99;1,19;1,59;258;Hrana
Tikvice rfs;22945;;1,0000;kg;2,39;2,39;;;1,39;3858893251774;Hrana
OCAT VINSKI ZVIJEZDA 1 L;22946;;1,0000;l;1,99;1,99;;;1,95;3858882211154;Hrana
ULOŠ.LIBRESSE CLIP SUPER 9/1;22950;Libresse;9,0000;kom;1,79;0,20;;;1,79;7322540591927;Toaletne potrepštine
OCAT ALKOHOLNI ZVIJEZDA 3 L;22951;Zvijezda;3,0000;L;3,29;1,10;;;3,29;3858882211727;Hrana
ULOŠCI LIBRESSE CLIP 10/1;22952;Libresse;10,0000;kom;1,65;0,17;;;1,65;7322541192543;Toaletne potrepštine
OCAT ALKOHOLNI ZVIJEZDA 1 L;22953;;1,0000;l;1,29;1,29;;;1,19;3858882210928;Hrana
OCAT JABUÈNI PRIRO.ZVIJEZ.1 L ;22954;;1,0000;l;2,19;2,19;;;2,19;3858882210911;Hrana
UMAK ZVIJEZDA PIZZA 490 g;22955;;0,4900;kg;2,29;4,67;;;2,29;3858882212502;Hrana
ULOŠCI LIBRESSE CLIP NORM.10/1;22960;Libresse;10,0000;kom;1,79;0,18;;;1,79;7322541195018;Toaletne potrepštine
ULOŠ.LIBRESSE COMPLETE 24/1;22964;Libresse;24,0000;kom;1,56;0,07;;;1,49;7322540062656;Toaletne potrepštine
MLIJ.SVJ. Z BREGOV 3,2%MM 1 L;22969;Vindija;1,0000;L;;1,19;1,19;1,39;1,39;3850108011517;Hrana
MLIJEKO UHT 2,8% Z BREGOV 1L;22973;Vindija;1,0000;L;0,98;0,98;;;0,98;3850108020007;Hrana
MLIJEKO UHT 2,8% Z BREGOV1 L;22975;Vindija;1,0000;L;;0,94;0,94;1,02;1,02;3850108020502;Hrana
MLIJEKO UHT 2,8% Z BREGO.0,5 L;22977;Vindija;0,5000;L;1,05;2,10;;;1,05;3850108020557;Hrana
MLIJEKO UHT 2,8% Z BREGO.0,2 L;22979;;0,2000;L;0,59;2,95;;;0,59;3850108020052;Hrana
MLIJEKO UHT 0,9% Z BREG.1 L TE;22982;Vindija;1,0000;L;1,49;1,49;;;1,49;3850108021592;Hrana
MLIJEKO KOZJE ´Z BREGOV 0,2 L;22992;Vindija;0,2000;L;0,99;4,95;;;0,99;3850108026009;Hrana
MLIJEKO ÈOKOLADNO Z BREGOV 1 L;22993;Vindija;1,0000;L;2,29;2,29;;;1,99;3850108023305;Hrana
MLIJEKO ÈOKOL. TE Z BREG.0,5 L;22995;Vindija;0,5000;L;1,59;3,18;;;1,65;3850108023350;Hrana
NAPITAK MLIJ.LED.KA.Z BREG.1 L;22997;Vindija;1,0000;L;2,69;2,69;;;2,79;3850108021820;Piæa
NAPIT. MLIJ. Z BREG.KAVA 0,2 L;22998;Vindija;0,2000;L;1,19;5,95;;;1,19;3850108021059;Piæa
VRHNJE ŠLAG Z BREG.36%MM 0,5 L;23005;Vindija;0,5000;L;4,29;8,58;;;3,99;3850108033663;Hrana
VRHNJE ZA KUHA.Z BREGOV 0,5 L;23009;Vindija;0,5000;L;3,49;6,98;;;3,29;3850108033571;Hrana
VRHNJE ZA KUH. Z BREGOV 0,2 L;23010;Vindija;0,2000;L;1,49;7,45;;;1,39;3850108033892;Hrana
JOGURT 2,8% Z BREGOV 180 g;23012;Vindija;0,1800;kg;0,44;2,44;;;0,44;3850108030136;Hrana
JOGURT LIGHT Z BREGOV 200 g;23017;Vindija;0,2000;kg;0,49;2,45;;;0,49;3850108030303;Hrana
MLIJEKO KISELO Z BREGOV 200 g;23023;Vindija;0,2000;kg;0,75;3,75;;;0,75;3850108031645;Hrana
MLIJEKO ACIDOF. Z BREGOV 200 g;23025;Vindija;0,2000;kg;0,75;3,75;;;0,75;3850108032253;Hrana
KEFIR Z BREGOV 3,5% M.M.200 g ;23027;Vindija;0,2000;kg;0,75;3,75;;;0,75;3850108030525;Hrana
ÈIPS ÈIPI ÈIPS SLANI 200 g;23049;Chio;0,2000;kg;2,49;12,45;;;2,99;3856021300547;Hrana
PAŠTETA GAVRILOVIÆ ÈAJNA 30 g;23083;Gavrilovic;0,0300;kg;0,89;29,67;;;0,89;3858881220102;Hrana
TJ.KL.MARIÆ LAZANJE 500 g;23084;Klara M;0,5000;kg;4,99;9,98;;;4,99;3859888499249;Hrana
TJ.KL.MARIÆ LAZANJE ŠIRO.500 g;23087;Klara M;0,5000;kg;4,99;9,98;;;4,99;3859888499027;Hrana
TJ.KL.MARIÆ LAZANJ.ZELEN.500 g;23093;Klara M;0,5000;kg;4,99;9,98;;;4,99;3859888499119;Hrana
TJ.KL.MAR.ŠURLE ŠPAROGE 500 g ;23119;Klara M;0,5000;kg;4,49;8,98;;;4,49;3859888499263;Hrana
FLIPS TIP TOP CUBICS 50 g;23120;Tip Top;0,0500;kg;0,89;17,80;;;1,09;3856021303685;Hrana
FLIPS TIP TOP PIZZA 45 g;23126;Tip Top;0,0450;kg;0,89;19,78;;;1,09;3856021303746;Hrana
TJ.KL.MARIÆ ŠURLE 500 g;23130;Klara M;0,5000;kg;3,59;7,18;;;3,59;3859888499164;Hrana
TJ.KL.MARIÆ FUŽI ISTARS.500 g;23137;Klara M;0,5000;kg;4,69;9,38;;;4,69;3859888499874;Hrana
TJ.KL.MARIÆ PASUTICE IST.500 g;23140;Klara M;0,5000;kg;4,49;8,98;;;4,49;3859888499812;Hrana
KIKIRIKI FRANCK  NUTLINE 250 g;23147;Nutline;0,2500;kg;2,39;9,56;;;2,15;3856021302190;Hrana
KIKIRIKI FRANCK  NUTLINE 500 g;23150;Nutline;0,5000;kg;4,19;8,38;;;3,79;3856021302237;Hrana
ZAÈIN CURRY KOTANYI 45 g;23201;;0,0450;kg;3,99;88,67;;;3,99;9001414041161;Hrana
VRHN.KISELO Z´BREG.12%MM 200 g;23207;Meggle;0,2000;kg;0,94;4,70;;;0,94;3850108033007;Hrana
VRH.KISELO Z BREG.20%MM 200 g;23209;Vindija;0,2000;kg;1,29;6,45;;;1,19;3850108033106;Hrana
MILERAM Z´BREGOV 22% M.M.400 g;23212;Vindija;0,4000;kg;2,49;6,23;;;2,39;3850108036442;Hrana
PUDING VANILIJA Z BREGOV 125 g;23259;Vindija;0,1250;kg;0,65;5,20;;;0,65;38500022;Hrana
PUDING ÈOKOLADA Z BREGOV 125 g;23261;Vindija;0,1250;kg;0,65;5,20;;;0,65;38500039;Hrana
FLIPS BOBI PIKANT 70 g;23263;Bobi;0,0700;kg;1,19;17,00;;;0,95;3858891590080;Hrana
VINO T GA ZA JUG TIK.0,75 L;23286;Tikves;0,7500;L;5,29;7,05;;;5,29;5310008007129;Piæa
VINO TIKVEŠ CHARDONNAY 0,75 L;23304;Tikves;0,7500;L;5,29;7,05;;;5,29;5310008007259;Piæa
TEQUILA SIERRA SILVER  0,7L;23328;Sierra;0,7000;l;17,99;25,70;;;19,99;4062400181204;Piæa
STOCK 84 1 L ;23335;Stock;1,0000;l;17,99;17,99;;;13,99;8000440396383;Piæa
SIR SVJ.POLUMASNI VIND.500 g;23340;Vindija;0,5000;kg;2,49;4,98;;;2,49;3850108058352;Hrana
SIR SVJEŽI POSNI Z BREG.500 g;23351;Vindija;0,5000;kg;2,89;5,78;;;2,89;3850108058321;Hrana
SIR MASCARPONE VINDIJA 500 g;23355;Vindija;0,5000;kg;6,69;13,38;;;6,29;3850108058369;Hrana
VERMOUTH MARTINI BIANCO 1 L ;23362;Martini;1,0000;l;17,49;17,49;;;16,02;7630040408820;Piæa
Sir Grabancijaš;23386;Vindija;1,0000;kg;13,99;13,99;;;13,99;3850108054002;Hrana
PREHRAMB.BOJILA AROMAR 4X10 ml;23397;;0,0400;l;2,99;74,75;;;3,19;3859888333215;Hrana
SOK HAPPY DAY JABUKA 0,2 L;23402;Happy Day;0,2000;l;0,79;3,95;;;0,79;9008700112505;Piæa
SOK HAPPY DAY NARANÈ.100%0,2 L;23404;Happy Day;0,2000;l;0,79;3,95;;;0,79;9008700112482;Piæa
SOK HAPPY DAY RAJÈICA 100% 1 L;23408;Happy Day;1,0000;l;2,29;2,29;;;2,29;90087547;Piæa
SOK HAPPY DAY NARANÈA 100% 1 L;23410;Happy Day;1,0000;l;3,49;3,49;;;3,49;90087066;Piæa
NEKTAR HAPPY DAY CRNI RIBIZ1 L;23419;Happy Day;1,0000;l;2,29;2,29;;;2,39;9008700181860;Piæa
SOK HAPPY DAY JABUKA 100% 1 L;23426;Happy Day;1,0000;l;2,29;2,29;;;2,29;90087011;Piæa
ULJE ZA KOSU ÈIÈKOVO 50 ml;23442;Afrodita;0,0500;L;5,19;103,80;;;5,19;3830001295061;Kozmetika
ULJE ZA KOSU ORAHOVO 50 ml;23443;Afrodita;0,0500;L;5,19;103,80;;;5,19;3830001290424;Kozmetika
KREMA ZA KOSU TI X TI 75 ml;23444;Afrodita;0,0750;L;4,49;59,87;;;4,49;3830001290394;Kozmetika
KREMA ZA DEPILAC.CHAMOM.100 ml;23448;Afrodita;0,1000;L;5,79;57,90;;;6,49;3830001296969;Kozmetika
BRILJANT.LIGHT WET LOOK 125 ml;23449;Afrodita;0,1250;L;4,49;35,92;;;4,49;3830001294309;Kozmetika
ODSTRANJ.ZA NOKTE ULJNI 125 ml;23460;Afrodita;0,1250;L;3,69;29,52;;;3,99;3830001296716;Kozmetika
KREMA BADEM HRANJIVA 50 ml;23485;Afrodita;0,0500;L;9,99;199,80;;;9,99;3831070659938;Kozmetika
KREMA BADEM HIDRATANTNA 50 ml;23487;Afrodita;0,0500;L;9,99;199,80;;;9,99;3831070659921;Kozmetika
ULJNI PEROXID 11,8% 125 ml;23488;Afrodita;0,1250;L;2,99;23,92;;;2,99;3830001296136;Kozmetika
ULJNI PEROXID  6% 125 ml;23515;Afrodita;0,1250;L;2,99;23,92;;;2,99;3830001296112;Kozmetika
PALENTA INSTANT FRANCK 450 g;23557;Franck;0,4500;kg;1,39;3,09;;;1,39;3858881080744;Hrana
BOMBONI RICOLA ORIGINAL 40 g;23570;Ricola;0,0400;kg;1,59;39,75;;;1,59;7610700923061;Hrana
BOMBONI RICOLA LIMUN-MINT 40 g;23572;Ricola;0,0400;kg;1,59;39,75;;;1,59;7610700923092;Hrana
BOM. RICOLA ALPIN FRESH 40 g;23575;Ricola;0,0400;kg;1,59;39,75;;;1,59;7610700622438;Hrana
CAPPUCCINO ÈOK.ANAMARIA 200 g;23576;Anamarija;0,2000;kg;2,49;12,45;;;2,59;3858881770676;Piæa
CAPP.VANILIJA ANAMARIA 200 g;23579;Anamarija;0,2000;kg;2,49;12,45;;;2,59;3858881770669;Piæa
BOMB.MENTOS VOÆNI 38 g;23583;Mentos;0,0380;kg;0,89;23,42;;;0,89;87108026;Hrana
BOMB.MENTOS GROŽÐE 38 g;23585;Mentos;0,0380;kg;0,89;23,42;;;0,89;5908227100686;Hrana
ZAÈIN PAPAR MLJEV. FRANCK 10g;23589;Franck;0,0100;kg;0,79;79,00;;;0,79;3858881083097;Hrana
ZAÈIN PAPAR MLJEVE.FRANCK 50 g;23591;Franck;0,0500;kg;1,89;37,80;;;1,89;3858881083103;Hrana
INST.3 U 1 ANAMARIJA 180g ;23592;Anamarija;0,1800;kg;2,39;13,28;;;2,39;3858881770881;Piæa
ÈAJ AGRISTAR SLJEZ BIJE.100 g ;23607;Agristar;0,1000;kg;6,69;66,90;;;6,69;3858886500278;Piæa
BOM.FISHERMAN FRIEND MINT 25 g;23614;Fisherman's;0,0250;kg;1,49;59,60;;;1,79;50997862;Hrana
BOMBONI PEZ FIGURICE 17 g;23625;Pez;0,0170;kg;2,49;146,47;;;2,49;5997255700104;Hrana
BOMBONI PEZ FRUIT 8,5 g;23627;Pez;0,0090;kg;0,29;32,22;;;0,29;90444470;Hrana
ÈAJ AGRISTAR KAMILICA 20 g;23635;Agristar;0,0200;kg;1,75;87,50;;;1,75;3858886500032;Piæa
BOMBONI PEZ FRUIT 6-PACK 51 g;23636;Pez;0,0510;kg;1,19;23,33;;;1,19;5997255708322;Hrana
ÈAJ AGRISTAR ŠIPAK 60 g;23637;Agristar;0,0600;kg;1,79;29,83;;;1,79;3858886500049;Piæa
ÈAJ AGRISTAR MENTA 30 g;23643;Agristar;0,0300;kg;1,95;65,00;;;1,95;3858886500056;Piæa
ÈAJ AGRISTAR KOPRIVA FILT.30 g;23648;Agristar;0,0300;kg;1,79;59,67;;;1,79;3858886500124;Piæa
ÈAJ AGRISTAR NARODNI 40 g;23652;Agristar;0,0400;kg;2,25;56,25;;;2,25;3858886502180;Piæa
ÈAJ AGRISTAR KADULJA 30 g;23665;Agristar;0,0300;kg;2,29;76,33;;;2,29;3858886500117;Piæa
LIZA.CHUPA CHUPS MELODY 15 g;23674;Chupa Chups;0,0150;kg;0,69;46,00;;;0,69;84196842;Hrana
LIZA.CHUPA CHUPS SURPRISE 12 g;23680;Chupa Chups;0,0120;kg;1,99;165,83;;;1,99;84194107;Hrana
ŽIT.ZA DORUÈ.ÈOKOLEŠNIK 200 g;23690;Podravka;0,2000;kg;2,59;12,95;;;2,59;3850104245053;Hrana
BOM.HARIBO GUMENI COLA 100 g;23693;Haribo;0,1000;kg;1,59;15,90;;;1,59;9002975323369;Hrana
BOM.GUM.HARIBO BRESKVA 100 g;23702;Haribo;0,1000;kg;1,59;15,90;;;1,59;9002975380522;Hrana
BOM.GUM.HARIBO MEDO 100 g;23704;Haribo;0,1000;kg;1,59;15,90;;;1,59;9002975401111;Hrana
BOM.GUM. HARIBO MEDO ZL.100 g;23706;Haribo;0,1000;kg;1,59;15,90;;;1,59;9002975301558;Hrana
Svinjska leðna slanina ;23718;Vlastite potrebe;1,0000;kg;3,29;3,29;;;3,49;3858881614567;Hrana
SODA BIKARBONA FRANCK 40g;23724;Franck;0,0400;kg;0,99;24,75;;;0,99;3858881081048;Hrana
BOM.GUM.HARI. HAPPY COLA 200 g;23745;Haribo;0,2000;kg;2,45;12,25;;;2,49;9002975315104;Hrana
BOM.GUM.HARIBO ZLAT.MEDO 200 g;23753;Haribo;0,2000;kg;2,45;12,25;;;2,49;9002975301268;Hrana
BOM.GUM.HARIBO MEKA.MEDO 200 g;23755;Haribo;0,2000;kg;2,49;12,45;;;2,49;9002975401210;Hrana
BOM.GUM.HARIBO ROLE VOÆNE 25 g;23767;Haribo;0,0250;kg;0,59;23,60;;;0,59;4001686372234;Hrana
BOM.GUM.HARIBO ROLE COLA 25 g;23769;Haribo;0,0250;kg;0,59;23,60;;;0,59;4001686383025;Hrana
VINO POSTUP MADIRAZ.0.75 L  ;23875;;0,7500;l;16,19;21,59;;;16,69;3859889833028;Piæa
VINO DINGAÈ MADIRAZZ.0.75 L  ;23878;;0,7500;l;21,09;28,12;;;21,09;3859889833011;Piæa
VINO POŠIP BIJELO ÈARA 0.75 L;23881;;0,7500;l;19,49;25,99;;;15,92;3859889311014;Piæa
TJEST.RAGUSA USK REZANCI 400 g;23882;;0,4000;kg;1,79;4,48;;;1,72;3859889154222;Hrana
TJEST.RAGUSA ŠPAGETE 400 g;23883;Paradiso;0,4000;kg;1,59;3,98;;;1,59;3859889154017;Hrana
TJEST.RAGUSA PUŽIÆI 63 400 g;23890;Paradiso;0,4000;kg;1,59;3,98;;;1,59;3859889154048;Hrana
TJEST.RAGUSA PUŽIÆI 66 400 g;23891;;0,4000;kg;1,59;3,98;;;1,59;3859889154161;Hrana
VINO DINGAÈ SKARAMUÈA  0,75 L;23894;;0,7500;l;14,79;19,72;;;14,79;3859888214019;Piæa
VINO PLAVAC SKARAMUÈA  0,75 L;23896;;0,7500;l;5,59;7,45;;;5,59;3859888214026;Piæa
VINO ROSO PL.BARRIQUE 0,75 L;23897;;0,7500;l;6,49;8,65;;;6,69;3859888568099;Piæa
TJEST.RAGUSA SLOVA I BRO.400 g;23898;;0,4000;kg;1,79;4,48;;;1,72;3859889154581;Hrana
VINO PLAVAC  MILIÈIÆ  0,75 L;23900;;0,7500;l;3,99;5,32;;;6,02;3859888400269;Piæa
TJEST.RAGUSA ŠKOLJKE 400 g;23904;;0,4000;kg;1,59;3,98;;;1,59;3859889154109;Hrana
VINO BABIÆ PILIŽ.ŠIB.0,75 L;23907;;0,7500;l;9,99;13,32;;;9,02;3859892261016;Piæa
TJEST.RAGUSA ZVJEZDICE 400 g;23912;;0,4000;kg;1,79;4,48;;;1,72;3859889154284;Hrana
TJEST.RAGUSA VIJ.MOZAIK 400 g ;23920;;0,4000;kg;1,99;4,98;;;2,12;3859889154758;Hrana
LAZANJE RAGUSA DOMAÆE 400 g;23923;;0,4000;kg;2,49;6,23;;;2,65;3859889154727;Hrana
VINO KRAU.PINOT SIVI 0,75 L;23934;;0,7500;l;;13,32;9,99;12,99;12,99;3859889217378;Piæa
VINO ADŽIÆ RAJN.RIZLING 0,75 L;23936;;0,7500;L;16,99;22,65;;;16,99;3859890469063;Piæa
Sir Grana Padano ;23972;Grana;1,0000;kg;26,99;26,99;;;26,99;8011661149986;Hrana
SIR SVJEŽI U VREÆ.MILS 500 g;23984;Mils;0,5000;kg;2,89;5,78;;;2,89;3859893220005;Hrana
NAMAZ MLIJEÈNI MILS 70 g;23989;Mils;0,0700;kg;0,69;9,86;;;0,65;3859893220036;Hrana
SIR SVJEŽI U ÈAŠICI MILS 250 g;23991;Mils;0,2500;kg;1,69;6,76;;;1,69;3859893220012;Hrana
Srdela HR;24003;;1,0000;kg;2,99;2,99;;;2,99;;Hrana
SIR CAPRILO 100 g;24011;Vindija;0,1000;kg;3,39;33,90;;;3,39;3850108052008;Hrana
Lokarda HR;24014;;1,0000;kg;3,29;3,29;;;3,29;93856024300882;Hrana
Sir Bovi Blue cca. 4,8 kg;24024;Vindija;1,0000;kg;19,99;19,99;;;19,99;3850108052817;Hrana
Sir Bovidur ;24031;Vindija;1,0000;kg;;16,99;16,99;19,99;18,99;3850108052510;Hrana
Sir Caprodur ;24036;Vindija;1,0000;kg;;28,99;28,99;33,99;29,99;3850108052213;Hrana
Orada 200-300 g;24041;;1,0000;kg;9,29;9,29;;;9,29;3859891926602;Hrana
Sir Ovidur ;24042;Vindija;1,0000;kg;;28,99;28,99;33,99;29,99;3850108053722;Hrana
Orada L 300-400 g;24043;;1,0000;kg;10,69;10,69;;;10,69;3859891926633;Hrana
Orada LL 400-600 g;24045;;1,0000;kg;11,19;11,19;;;11,19;3859891926671;Hrana
Brancin 200-300 g;24046;;1,0000;kg;9,39;9,39;;;8,59;3859891926480;Hrana
Brancin L 300-400 g;24047;;1,0000;kg;10,79;10,79;;;7,99;3859891926510;Hrana
Brancin LL 400-600 g;24048;;1,0000;kg;11,59;11,59;;;10,39;3859891926558;Hrana
Sir Varaždinec;24049;Vindija;1,0000;kg;;9,99;9,99;12,49;12,49;3850108055207;Hrana
Osliæ I HR;24050;;1,0000;kg;11,49;11,49;;;11,49;93856024302053;Hrana
Osliæ II HR ;24051;;1,0000;kg;10,49;10,49;;;9,99;93856024302060;Hrana
Osliæ III HR;24053;;1,0000;kg;9,49;9,49;;;8,99;3856024302074;Hrana
Sir Tilzit Vindija;24057;Vindija;1,0000;kg;;9,99;9,99;12,49;12,49;3850108053906;Hrana
Grdobina ;24066;;1,0000;kg;18,99;18,99;;;14,99;;Hrana
Škampi  6-9 kom/kg;24073;;1,0000;kg;49,99;49,99;;;49,99;93856024301414;Hrana
Škamp 21-30 kom/kg;24077;;1,0000;kg;16,99;16,99;;;16,99;93856024301452;Hrana
Kozice repovi 30-35 kom/kg;24080;;1,0000;kg;15,99;15,99;;;17,99;93856024300783;Hrana
NAM.SIRNI CLASSIC Z BREG.200 g;24093;Vindija;0,2000;kg;1,89;9,45;;;1,89;3850108059076;Hrana
NAM.SIRNI Z BREGOV MIX  200 g;24095;Vindija;0,2000;kg;1,89;9,45;;;1,89;3850108059069;Hrana
Arbun ;24099;;1,0000;kg;29,99;29,99;;;28,99;93856024300011;Hrana
NAMAZ MLIJ. CLASSIC Z BRE.70 g;24101;Z Bregov;0,0700;kg;0,79;11,29;;;0,79;3850108059113;Hrana
Pagar japanski 600-800 g;24105;;1,0000;kg;14,99;14,99;;;16,99;93856024302374;Hrana
Rep grdobine ;24110;;1,0000;kg;38,99;38,99;;;25,99;93856024301247;Hrana
Losos atlantski 4-5 kg;24115;;1,0000;kg;13,99;13,99;;;11,89;93856024301810;Hrana
File atlantskog lososa;24118;;1,0000;kg;19,99;19,99;;;17,99;3856024301848;Hrana
Sipa;24122;;1,0000;kg;9,99;9,99;;;12,99;3856024301329;Hrana
Cipal balavac ;24125;;1,0000;kg;4,99;4,99;;;3,19;;Hrana
Kozice pacifièke 80-120 kom/kg;24142;;1,0000;kg;10,99;10,99;;;11,99;93856024300769;Hrana
Kamenice;24149;;1,0000;kg;8,99;8,99;;;8,99;;Hrana
VODA NEGAZIRANA CETINA 0,5 L;24154;Cetina;0,5000;l;,65;1,30;;;0,68;3859890129042;Piæa
VINO SIVI PINOT ORMOŽ 0,75 L ;24159;;0,7500;l;7,69;10,25;;;8,09;3830078701649;Piæa
VINO LAŠKI RIZLING KVAL.1 L;24163;;1,0000;l;5,99;5,99;;;5,99;3830001600025;Piæa
POSL.ZA PSE PEDIG.BISCR.200 g;24170;Pedigree;0,2000;kg;1,79;8,95;;;1,79;9003579302545;Proizvodi za kuæanstvo
LIKER JAEG.KUTIJA+2 ÈAŠE 0,7 L;24190;;0,7000;L;;21,41;14,99;17,99;17,99;3859890211136;Piæa
SALAMA ZIMSKA PICK 400 g;24192;Pick;0,4000;kg;8,09;20,23;;;8,09;5998003186690;Hrana
GAZ.PIÆE ORANGINA 0,5 L;24199;Orangina;0,5000;L;1,65;3,30;;;1,62;3877000209170;Piæa
WHISKY CHIVAS REGAL 0,7 L;24215;;0,7000;L;27,99;39,99;;;32,02;0080432402931;Piæa
MARTELL VS 0,7 L;24217;;0,7000;l;36,99;52,84;;;35,62;3219820000078;Piæa
COGNAC MARTELL + 2 ÈAŠE  0,7L;24219;Martell;0,7000;l;;47,13;32,99;34,99;35,02;3219820003581;Piæa
MARTELL  VSOP  0,7 L;24221;;0,7000;l;61,99;88,56;;;59,82;3219820005899;Piæa
WHISKEY FOUR ROSES 1 L;24227;;1,0000;l;30,79;30,79;;;29,72;5000299101209;Piæa
WHISKEY JAMESON 0,7 L;24229;Jameson;0,7000;l;20,99;29,99;;;23,02;5011007003005;Piæa
CHAMPAGNE CLICQUOT BRUT 0,75 L;24231;;0,7500;l;68,02;90,69;;;68,02;3049614222245;Piæa
MAÈJA HR.HOBBY CAT RIBA 100 g;24242;Hobby;0,1000;kg;0,86;8,60;;;0,86;3838964017263;Proizvodi za kuæanstvo
Ananas kolut;24276;SPAR enjoy;1,0000;kg;9,49;9,49;;;7,99;;Hrana
Ananas kocke;24292;SPAR enjoy;1,0000;kg;9,49;9,49;;;7,21;;Hrana
Sir Trapist Paška sirana;24321;;1,0000;kg;22,99;22,99;;;19,99;3859889426046;Hrana
Sir Primorac ;24322;;1,0000;kg;23,49;23,49;;;19,90;3859889426039;Hrana
Sir Dalmatinac;24323;;1,0000;kg;;19,99;19,99;27,99;24,99;3859889426022;Hrana
POVRÆE BONDUELLE MIX 400 g;24333;Bonduelle;0,4000;kg;1,89;4,73;;;1,89;3083680566377;Hrana
SKUŠA AQ FILETI BILJ.ULJ.105 g;24425;Adriatic Queen;0,0735;kg;2,69;36,60;;;2,69;3850160110067;Hrana
OSLIÆ AQ A LA BAKALAR 105 g;24433;Adriatic Queen;0,0735;kg;2,34;31,84;;;2,34;3850160109061;Hrana
TUNA AQ FILETI BILJ.ULJE 105 g;24471;Adriatic Queen;0,0735;kg;4,59;62,45;;;3,79;3850160108064;Hrana
TUNJ AQ FILETI MASL.ULJE 105 g;24473;Adriatic Queen;0,0735;kg;4,69;63,81;;;4,09;3850160108538;Hrana
SARDINA AQ POVRÆE 105 g;24490;Adriatic Queen;0,0756;kg;1,99;26,32;;;1,99;3850160105162;Hrana
SARDINA AQ BILJNO ULJE 105 g;24509;Adriatic Queen;0,0735;kg;1,89;25,71;;;1,79;3850160102161;Hrana
PRIP.ZA ŠLAG BILJ.HALTA 200 ml;24544;Halta;0,2000;L;1,09;5,45;;;1,12;8004172000297;Hrana
PRIP.ZA ŠLAG BILJ.HALTA 500 ml;24547;Halta;0,5000;L;2,09;4,18;;;1,89;8004172000303;Hrana
PRIPR.ZA ŠLAG HALTA BILJNI 1 L;24549;Halta;1,0000;L;3,89;3,89;;;3,71;8004172000310;Hrana
PUREÆI BATAK ;24580;Vindon;1,0000;kg;5,69;5,69;;;5,69;3850339404003;Hrana
PUREÆA KRILA MINI PACK;24584;Vindon;1,0000;kg;2,99;2,99;;;3,58;3850339405024;Hrana
PUREÆI VRAT ;24592;Vindon;1,0000;kg;2,99;2,99;;;2,99;3850339405505;Hrana
PUREÆA JETRA ;24594;Vindon;1,0000;kg;4,49;4,49;;;4,49;3850339406007;Hrana
DVOPEK M.BIA.FETTE DORATE 315g;24595;;0,3150;kg;2,49;7,90;;;2,49;8076809512060;Hrana
DVOPEK M.BIANCO INTEGR. 315 g;24605;;0,3150;kg;2,89;9,17;;;2,72;8076809512077;Hrana
PILEÆI BATAK SA ZABATKOM OP;24648;;1,0000;kg;5,49;5,49;;;5,49;3850159110559;Hrana
PILEÆI ZABATAK OP;24654;Cekin;1,0000;kg;5,29;5,29;;;5,29;3850159110573;Hrana
PILEÆI FILE OP;24656;Cekin;1,0000;kg;12,65;12,65;;;12,65;3850159110580;Hrana
PILEÆI BATAK OP;24658;Cekin;1,0000;kg;;3,99;3,99;4,79;5,57;3850159110597;Hrana
PILEÆI KRILKO ;24667;Cekin;1,0000;kg;8,39;8,39;;;7,96;3850159110702;Hrana
HRENOVKA PILEÆA VINDIJA 100 g;24689;Cekin;0,1000;kg;0,85;8,50;;;0,85;3850159120015;Hrana
HRENOVKA PILEÆA  VINDIJA 300 g;24691;Cekin;0,3000;kg;1,99;6,63;;;1,99;3850159120022;Hrana
NAREZAK SENDVIÈ SA SIROM 500 g;24698;Cekin;0,5000;kg;;4,98;2,49;2,89;2,59;3850159125072;Hrana
POSEBNA KOBASICA 500 g;24727;Cekin;0,5000;kg;1,99;3,98;;;1,99;3850159125027;Hrana
POLIKO PREMIUM VINDIJA 500 g;24732;Cekin;0,5000;kg;2,79;5,58;;;2,89;3850159125010;Hrana
HRENOVKA PILEÆA SA SIROM 100 g;24766;Cekin;0,1000;kg;0,85;8,50;;;0,85;3850159120800;Hrana
DELKO SA PAPRIKOM VIN.500 g;24789;Cekin;0,5000;kg;2,65;5,30;;;2,65;3850159125041;Hrana
NAREZAK DIMCEK CEKIN 250 g;24798;Cekin;0,2500;kg;3,49;13,96;;;3,49;3850159122033;Hrana
PIL.PRSA U OVITKU VIN. 500 g;24807;Cekin;0,5000;kg;4,95;9,90;;;4,95;3850159125034;Hrana
JAPANSKI OCAT BLUE DRAG.150 ml;24898;Blue Dragon;0,1500;l;2,49;16,60;;;2,59;5010338101749;Hrana
LEDENI ÈAJ STUDENA BRESK.0,5 L;24932;;0,5000;l;1,05;2,10;;;1,05;3856022302045;Piæa
LEDENI ÈAJ STUDENA BRUSN.0,5 L;24936;;0,5000;l;1,05;2,10;;;1,05;3856022302106;Piæa
LEDENI ÈAJ STUDE.BRES.1,5 L ;24937;;1,5000;l;1,65;1,10;;;1,65;3856022302014;Piæa
LEDENI ÈAJ STUD.BRUSN.1,5 L ;24938;;1,5000;l;1,65;1,10;;;1,65;3856022302076;Piæa
LED.ÈAJ STUDENA LIMUN 1,5 L ;24939;;1,5000;l;1,65;1,10;;;1,65;3856022302137;Piæa
VODA STUDENA IZVORSKA 0,5 L ;24940;;0,5000;l;,77;1,54;;;0,77;3856022300188;Piæa
VODA STUDENA IZVORSKA 1,5 L;24941;;1,5000;l;,89;0,59;;;0,89;3856022300157;Piæa
VODA STUDENAC MINERAL.0,5 L ;24949;;0,5000;l;,76;1,52;;;0,76;3856022300911;Piæa
VODA STUDENAC MINERAL.1,5 L ;24950;;1,5000;l;,89;0,59;;;0,89;3856022300836;Piæa
DESERT KINDER MAXI KING 35 g;24954;Kinder;0,0350;kg;0,85;24,29;;;0,79;4008400553023;Hrana
DES.KINDER MILCHSCHNITTE 28 g;24955;Ferrero;0,0280;kg;;24,64;0,69;0,75;0,75;40084794;Hrana
VRHNJE ZA KUH.DUKAT 200 g;24959;;0,2000;kg;1,49;7,45;;;1,49;3850354001232;Hrana
DES. MLIJEÈNI KIND.PINGUI 30 g;24960;Ferrero;0,0300;kg;0,79;26,33;;;0,75;4008400290126;Hrana
Šunka u ovitku;24988;Danica;1,0000;kg;7,99;7,99;;;9,99;3850104038518;Hrana
VINO WOODBRID.ZINFANDEL 0,75 L;24999;;0,7500;l;13,59;18,12;;;13,59;5010186016424;Piæa
VINO CAL.CAB.SAUV.RESER.0,75 L;25015;;0,7500;l;10,39;13,85;;;9,82;7809636300750;Piæa
VINO AMANO PRIMITIVO  0,75L;25018;;0,7500;l;11,19;14,92;;;9,85;8026705101103;Piæa
VINO ANT.SANTA CRISTINA 0,75 L;25027;;0,7500;l;11,29;15,05;;;9,58;8001935361404;Piæa
PJEN.CORD.NEGRO BRUT 0,75 L ;25035;;0,7500;l;;13,32;9,99;11,99;11,99;8410036009090;Piæa
PJENUŠAC CARTA NEV.0,75 L ;25037;;0,7500;l;;10,65;7,99;9,99;9,99;8410036002015;Piæa
VINO LUKAÈEVIÆ GRAŠEVINA 0,75L;25050;;0,7500;l;6,49;8,65;;;6,49;3859892543273;Piæa
Šampinjoni rfs;25102;;1,0000;kg;2,99;2,99;;;3,08;3859889614252;Hrana
KREMA NIVEA OSJ.KOŽA 75 ml;25300;Nivea;0,0750;L;;73,20;5,49;7,00;10,99;9005800379760;Kozmetika
VINO OSBOR.TAWNY PORT .0,75 L ;25306;;0,7500;l;;13,99;10,49;14,39;13,3;8410337173032;Piæa
SOK FRUTEK SOK&ÈAJ 125 ml;25312;Fructal;0,1250;l;,99;7,92;;;0,99;3838945502696;Piæa
SOK FRUTEK BAN.JABUKA 125 ml;25314;Fructal;0,1250;l;,99;7,92;;;0,99;3838945502726;Piæa
SOK FRUTEK JABUKA 125 ml;25315;Fructal;0,1250;l;,99;7,92;;;0,99;3838945502733;Piæa
SOK FRUTEK BRES.KRUŠ.125 ml;25316;Fructal;0,1250;l;,99;7,92;;;0,99;3838945502740;Piæa
ENE.PIÆE SU.FR.RED BULL 0,25 L;25317;Red Bull;0,2500;l;1,69;6,76;;;1,69;90162800;Piæa
ENERGET.PIÆE RED BULL 4x0,25 L;25318;Red Bull;1,0000;l;;4,59;4,59;6,35;6,35;9002490100490;Piæa
ENERGETSK.PIÆE RED BULL 0,25 L;25319;Red Bull;0,2500;l;1,69;6,76;;;1,69;9002490100070;Piæa
SOK FRUTEK MRKVA JABUKA 125 ml;25326;Fructal;0,1250;l;,99;7,92;;;0,99;3838945502757;Piæa
KAŠICA FRUTEK BRES.RIŽA 120 g;25334;Fructal;0,1200;kg;1,26;10,50;;;1,26;3838945502955;Hrana
KAŠICA FRUTEK MAREL.KRUŠ.120 g;25335;Fructal;0,1200;kg;1,26;10,50;;;1,26;3838945502979;Hrana
KAŠICA FRUTEK KRUŠKA 120 g;25341;Fructal;0,1200;kg;1,26;10,50;;;1,26;3838945504171;Hrana
KAŠICA FRUTEK BANANA 120 g;25342;Fructal;0,1200;kg;1,26;10,50;;;1,26;3838945504188;Hrana
KAŠICA FRUTEK ŽITAR.JAB.120 g;25349;Fructal;0,1200;kg;1,26;10,50;;;1,26;3838945504294;Hrana
KAŠICA FRUTEK MAREL.KRUŠ.190 g;25357;Fructal;0,1900;kg;1,75;9,21;;;1,75;3838945503136;Hrana
KAŠICA FRUTEK VOÆE ŽITAR.190 g;25361;Fructal;0,1900;kg;1,75;9,21;;;1,75;3838945503143;Hrana
KAŠICA FRUTEK BRE.GR.RIŽ.190 g;25371;Fructal;0,1900;kg;1,75;9,21;;;1,75;3838945503174;Hrana
NEKTAR SPAR MULTIVIVTAMIN 1 L;25387;SPAR;1,0000;l;1,29;1,29;;;1,29;9100000800110;Piæa
NEKTAR SPAR  NARANÈA 50% 1 L;25390;SPAR;1,0000;l;1,99;1,99;;;1,99;9100000800073;Piæa
SOK SPAR 100% NARANÈA 1 L;25393;SPAR;1,0000;l;;2,71;2,71;3,39;2,79;9100000545431;Piæa
SOK SPAR 100% JABUKA 1 L;25394;SPAR;1,0000;l;;1,40;1,40;1,75;1,75;9100000838021;Piæa
MUSLI PL.FRUTABELA ŠUMSKO 30 g;25446;Frutabela;0,0300;kg;0,89;29,67;;;0,79;3838945501095;Hrana
MUSLI PL.FRUTABELA JAGODA 30 g;25449;Frutabela;0,0300;kg;0,89;29,67;;;0,79;3838945501101;Hrana
MUSLI PL.FRUTABELA MARELI.30 g;25452;Frutabela;0,0300;kg;0,89;29,67;;;0,79;3838945501118;Hrana
NAMAZ NUTELLA ÈOKOLADNI 1kg;25477;Nutella;1,0000;kg;9,99;9,99;;;9,59;8000500082379;Hrana
INSTA.KUKUR.PALENTA SPAR 500 g;25478;SPAR;0,5000;kg;0,95;1,90;;;0,95;3831115309699;Hrana
MESNI NAREZAK PODRAVKA 150 g;25479;Podravka;0,1500;kg;1,99;13,27;;;1,99;3859890848196;Hrana
PAŠTETA PODRAVKA KOKOŠJA 135 g;25480;Podravka;0,1350;kg;1,62;12,00;;;1,62;3850104020452;Hrana
ÈOKOLADA TOBLERONE 35 g;25488;Toblerone;0,0350;kg;1,19;34,00;;;1,29;76145759;Hrana
ÈOK.TOBLERONE 100 g;25490;Toblerone;0,1000;kg;;22,90;2,29;2,99;2,99;7614500010013;Hrana
PECIVO KVIKI GRIC SLANI 50 g;25496;Kviki;0,0500;kg;;14,20;0,71;0,89;0,89;3850104007781;Hrana
PLOÈICE ŽITNE NESQUIK 25 g;25508;Nesquik;0,0250;kg;0,99;39,60;;;0,89;8593893007437;Hrana
BOMBONI NESTLE SMARTIES 38 g;25509;Nestle;0,0380;kg;1,39;36,58;;;1,39;7613034462961;Hrana
ÈOK. KIT KAT CHUNKY  40 g;25512;Kitekat;0,0400;kg;1,39;34,75;;;1,39;3800020415627;Hrana
JUHA PODRAVKA GOVEÐA 60 g ;25541;;0,0600;kg;1,59;26,50;;;1,59;3850104002410;Hrana
FEFERONI PODRAVKA LJUTI 630 g;25551;Podravka;0,3000;kg;3,29;10,97;;;3,34;3850104011689;Hrana
FEFERONI PODRAVKA BLAGI 600 g;25556;Podravka;0,2700;kg;3,34;12,37;;;3,34;3850104011641;Hrana
AJVAR PODRAVKA BLAGI 195 g;25572;Podravka;0,1950;kg;1,84;9,44;;;1,84;3850104022517;Hrana
AJVAR PODRAVKA BLAGI 350 g;25575;Podravka;0,3500;kg;;5,40;1,89;2,49;2,49;3850104051029;Hrana
AJVAR PODRAVKA BLAGI 690 g;25578;Podravka;0,6900;kg;3,69;5,35;;;3,69;3850104051012;Hrana
AJVAR PODRAVKA LJUTI 350 g;25580;Podravka;0,3500;kg;;5,40;1,89;2,49;2,49;3850104050565;Hrana
AJVAR PODRAVKA LJUTI 690 g;25582;Podravka;0,6900;kg;3,79;5,49;;;3,79;3850104050572;Hrana
PIVO PAN BOCA P.A.  0,5 L;25629;Pan;0,5000;l;1,19;2,38;;;1,19;3859888291416;Piæa
PIVO PAN LIMENKA  0,5 L;25631;Pan;0,5000;l;;1,98;,99;1,19;1,48;3859888291461;Piæa
KUKURUZ SPAR 340 g;25646;SPAR;0,2850;kg;1,39;4,88;;;1,39;9100000007298;Hrana
GRAH SPAR BIJELI 400 g;25661;SPAR;0,2400;kg;0,99;4,13;;;0,99;9100000076553;Hrana
BOMB.GUM.SPAR MEDVJEDIÆI 200 g;25669;SPAR;0,2000;kg;1,19;5,95;;;1,19;9100000985138;Hrana
BOMB.GUM.SPAR KIS.ŠTAPI. 200 g;25670;SPAR;0,2000;kg;1,19;5,95;;;1,19;9100000693231;Hrana
PECIVO MIJEŠ. SLANO SPAR 250 g;25692;SPAR;0,2500;kg;1,89;7,56;;;1,89;9100000081304;Hrana
ŠTAPIÆI SLANI SPAR 250 g;25693;SPAR;0,2500;kg;0,95;3,80;;;0,95;9100000081250;Hrana
RAJÈ.MUTTI KONCEN.DVOSTR.200 g;25795;Mutti;0,2000;kg;2,99;14,95;;;2,79;8005110120015;Hrana
RAJÈICA SJEC.SIT.MUTTI 3X400 g;25796;;1,2000;kg;5,39;4,49;;;5,39;8005110170300;Hrana
PIVO KARLOVAÈ. CRNO P.A. 0,5 L;25918;Karlovacko;0,5000;l;1,19;2,38;;;1,19;3850103001520;Piæa
KOKOS kom;25931;;1,0000;kom;0,99;0,99;;;1,59;870;Hrana
PIVO KARLOVAÈKO LIM. 0,5 L ;25954;Karlovacko;0,5000;l;1,55;3,10;;;1,48;3850103002312;Piæa
PIVO KARLOVAÈKO LIM. 0,33 L;25955;Karlovacko;0,3300;l;1,15;3,48;;;1,05;3850103902582;Piæa
ÈOK.DORINA KUHANJE KRAŠ 300 g;25968;Dorina;0,3000;kg;;14,90;4,47;5,59;5,59;3850102120697;Hrana
ÈOK.DORINA PUNCH 100 g;25971;Dorina;0,1000;kg;1,49;14,90;;;1,99;3850102110711;Hrana
KAKAO PRAH KRAŠ 100 g;25973;Kraš;0,1000;kg;2,29;22,90;;;2,49;3850102110292;Piæa
UL.CAREFREE COTTON ALOE 20/1;26103;Carefree;20,0000;kom;2,05;0,10;;;1,99;3574660224849;Toaletne potrepštine
POSL.ZA PSE FRISK.T BONZ 150 g;26133;Friskies;0,1500;kg;1,99;13,27;;;1,99;4000487223332;Proizvodi za kuæanstvo
NJOKI KRUMPIR MAREX-GEL 500 g;26189;Marex;0,5000;kg;2,69;5,38;;;2,69;3859888280120;Hrana
OCAT ALKOHOLNI PREHRANA 9% 1 L;26272;;1,0000;l;1,19;1,19;;;1,19;3859891093007;Hrana
OCAT ALKOHOLNI PREHRANA 9% 3 L;26273;Prehrana;3,0000;l;3,19;1,06;;;3,18;3859891093014;Hrana
OCAT JABUÈNI PREHRANA 1 L;26274;;1,0000;l;1,19;1,19;;;1,19;3859891093106;Hrana
NJOKI KRUMPIR MAREX-GEL 1 kg;26450;Marex;1,0000;kg;4,99;4,99;;;4,99;3859888280106;Hrana
VODA DONAT PVC 1 L ;26662;Donat;1,0000;l;2,19;2,19;;;2,19;3838600024945;Piæa
VODA DONAT PVC 0,5 L;26663;Donat;0,5000;l;1,39;2,78;;;1,39;3838600253345;Piæa
PIVO GUINNES LIMENKA 0,44 L ;26678;Guinness;0,4400;l;2,69;6,11;;;2,62;5000213101872;Piæa
PIVO ERDING.W.TAMNO B.0,5 L ;26682;Erdinger;0,5000;l;1,85;3,70;;;2,18;4002103248422;Piæa
PIVO ERDINGER WEI.LIM.0,5 L;26683;Erdinger;0,5000;l;1,76;3,52;;;2,08;4002103003014;Piæa
Šunka kuh.u vl.soku;26693;Pik;1,0000;kg;14,99;14,99;;;13,99;3850139350043;Hrana
ZUB.PASTA SIGNAL WHITEN.75 ml;26743;Signal;0,0750;L;3,39;45,20;;;3,59;5900300804511;Kozmetika
ÈOK.MILKA MILKINIS 87,5 g;26744;Milka;0,0875;kg;;17,03;1,49;2,49;2,49;7622300108137;Hrana
INS.KAVA JACOBS MONARCH 100 g;26747;Jacobs;0,1000;kg;8,89;88,90;;;7,69;8711000532843;Piæa
ULOŠ.LIBRESSE MAXI NORMAL 10/1;26767;Libresse;10,0000;kom;1,79;0,18;;;1,79;7310790088137;Toaletne potrepštine
ULOŠCI LIBRESSE CLIP 20/1;26769;Libresse;20,0000;kom;1,99;0,10;;;1,99;7322541194998;Toaletne potrepštine
ULOŠCI LIBRESSE CLIP 16/1;26770;Libresse;16,0000;kom;1,99;0,12;;;1,99;7322541195056;Toaletne potrepštine
VINO PP ORAHOV.SIL.ZELEN.0,75L;26823;;0,7500;l;;10,65;7,99;9,39;8,48;3859888114050;Piæa
MASLAC Z BREGOV 250 g;26827;Vindija;0,2500;kg;2,99;11,96;;;2,99;3850108060102;Hrana
NEKTAR  FRUCTAL JAGODA 1 L;26849;Fructal;1,0000;L;2,59;2,59;;;2,59;3838945509022;Piæa
NEKTAR BRESKVA  FRUCTAL 1 L;26850;Fructal;1,0000;L;2,39;2,39;;;2,39;3838945508988;Piæa
LIKER MATISS ÈOKOLADA 0,7 L;26853;;0,7000;L;12,02;17,17;;;12,02;3838945670326;Piæa
RAKIJA PRIOR VILJAM. 0,7 L ;26855;;0,7000;L;27,99;39,99;;;31,32;3838945669580;Piæa
SOK JABUKA MUTNI FRUCT.100% 1L;26857;Fructal;1,0000;L;2,39;2,39;;;2,39;3838945509060;Piæa
Breskva rfs;26871;;1,0000;kg;5,99;5,99;;;6,99;3858893251842;Hrana
Jabuka Gloster 80/90;26874;;1,0000;kg;1,19;1,19;;;1,19;;Hrana
Jabuka crveni delišes rfs;26876;;1,0000;kg;1,79;1,79;;;1,69;3858893251897;Hrana
Nektarina rfs;26878;;1,0000;kg;5,99;5,99;;;5,99;3858893251910;Hrana
Trešnja rfs;26879;;1,0000;kg;17,99;17,99;;;17,99;881;Hrana
Paprika žuta rfs;26880;;1,0000;kg;2,99;2,99;;;3,99;503;Hrana
Kupus kineski rfs;26894;;1,0000;kg;1,99;1,99;;;2,49;3858893251927;Hrana
Luk srebrenac;26895;;1,0000;kg;1,99;1,99;;;1,99;3858885876800;Hrana
BOMBONI ŠŠŠUM JABUKA 100 g;26915;Sumi;0,1000;kg;1,19;11,90;;;1,29;3838700040432;Hrana
ÈOK.MANNER ZA KUHANJE 250 g;26964;Manner;0,2500;kg;2,99;11,96;;;4,39;9000331602509;Hrana
KRUŠNE MRVICE KLARA 500 g  ;26987;Klara;0,5000;kg;1,89;3,78;;;1,89;3858881322011;Hrana
MLINCI KLARA S JAJ.250 g  ;26990;Klara;0,2500;kg;1,89;7,56;;;1,69;3858881323025;Hrana
CAO-CAO KLARA 45 g;26992;Klara;0,0450;kg;0,85;18,89;;;0,85;3858881324022;Hrana
TOAST KLARA 500 g;27012;Klara;0,5000;kg;2,15;4,30;;;2,15;3858881320017;Hrana
SOJA PUDING ALPRO ÈOK.4X125 g;27050;Alpro;0,5000;kg;3,69;7,38;;;3,69;54051157;Piæa
PIVO KARLOVAÈ. BOCA P.A. 0,5 L;27093;Karlovacko;0,5000;l;1,19;2,38;;;1,19;3850103000820;Piæa
SLANINA MES.PEÈENA 1/4 VAC;27135;Gavrilovic;1,0000;kg;;14,49;14,49;15,99;15,49;3858892728383;Hrana
Šunka petrinjska bez kože;27138;Gavrilovic;1,0000;kg;;16,99;16,99;26,79;26,79;3858892720462;Hrana
Šunka u ovitku;27140;Gavrilovic;1,0000;kg;13,59;13,59;;;13,59;3858890206685;Hrana
MINERALNA VODA RADENSKA 0,5 L;27309;Radenska;0,5000;l;,83;1,66;;;0,83;3830000620871;Piæa
VODA RADENSKA CLASS.PET 1.5 L;27310;Radenska;1,5000;l;,99;0,66;;;0,99;3830000620864;Piæa
VODA RADENSKA CLASSIC P.A. 1 L;27312;Radenska;1,0000;l;0,85;0,85;;;0,69;3830000620970;Piæa
Brancin LLL 600-800 g;27336;;1,0000;kg;10,69;10,69;;;10,99;3859891926565;Hrana
Brancin XL 800-1000 g;27337;;1,0000;kg;18,69;18,69;;;16,99;3858893580126;Hrana
Orada XL 800-1000 g;27344;;1,0000;kg;14,99;14,99;;;15,99;3859892725037;Hrana
KUPUS KISELI REZ. VŽ 500 g;27391;;0,4350;kg;0,99;2,28;;;0,99;3859891093304;Hrana
REPA KIS.REZANA 500 g;27402;;0,4350;kg;1,99;4,57;;;1,79;3859891093342;Hrana
Kupus kiseli gl. varaždinski;27405;;1,0000;kg;;1,49;1,49;1,99;1,85;3859891093649;Hrana
KAVA ESPRESSO MLJE.VAKUM.250 g;27472;Franck;0,2500;kg;7,79;31,16;;;7,79;3858881080119;Piæa
KAVA FILTER FRANCK VAKUM.250 g;27473;Franck;0,2500;kg;7,79;31,16;;;7,79;3858881080270;Piæa
KAVA FILTER FRANCK B.KOF.250 g;27474;Franck;0,2500;kg;7,79;31,16;;;7,79;3858881080225;Piæa
KIKIRIKI SUHOP.FRANC.NUT.125 g;27479;Nutline;0,1250;kg;1,59;12,72;;;1,69;3856021302251;Hrana
Salama kant Sorger;27497;Sorger;1,0000;kg;17,99;17,99;;;28,13;9002055100330;Hrana
Juneæe kosti s mesom;27641;SPAR marka kvalitete;1,0000;kg;6,29;6,29;;;4,79;3850139404265;Hrana
PIVO PITTINGER 4,2% LIM. 0.5 L;27648;Pittinger;0,5000;l;,85;1,70;;;0,82;9100000037752;Piæa
MAJONEZA THOMY TUBA 85 g;27666;Thomy;0,0850;kg;1,59;18,71;;;1,49;7613287084620;Hrana
MAJONEZA THOMY TUBA 165 g;27667;Thomy;0,1650;kg;;12,06;1,99;2,49;2,49;7613287084606;Hrana
Krastavac rfs;27669;;1,0000;kg;1,89;1,89;;;1,89;3858885876077;Hrana
ÈEŠNJAK 250 g;27673;;0,2500;kg;1,39;5,56;;;1,29;3859892668105;Hrana
ROTKVICA 125 g +;27677;;0,1250;kg;0,79;6,32;;;0,69;8050762420013;Hrana
JOGURT DRINK VOÆ.0,9%MM 150 g;27738;Vindija;0,1500;kg;0,55;3,67;;;0,55;3850108037494;Hrana
Juneæa koljenica bez kosti;27739;;1,0000;kg;15,49;15,49;;;13,89;3858891910024;Hrana
VINO LAGUNA MALVAZIJA 0,75 L;27888;;0,7500;l;;10,39;7,79;8,79;8,79;3858881190443;Piæa
VINO LAGUNA CHARDONNAY 0,75 L;27891;;0,7500;l;7,69;10,25;;;7,69;3858881190320;Piæa
VINO LAGUNA MERLOT.0,75 L;27896;;0,7500;l;6,39;8,52;;;6,39;3858881190160;Piæa
VINO LAGUNA CABER.SAU.0,75 L ;27902;;0,7500;l;6,39;8,52;;;6,39;3858881190597;Piæa
VINO LAGUNA CABERNET SAUV.1 L;27905;;1,0000;l;5,32;5,32;;;5,32;3858881190825;Piæa
VINO MERLOT LAGUNA 1 L;27913;;1,0000;l;5,45;5,45;;;5,39;3858881190818;Piæa
REFILL AIRWICK LAVANDA 250 ml;27940;Airwick;0,2500;L;6,69;26,76;;;6,69;5999109542069;Sredstva za èišæenje
Povræe za salatu;27976;SPAR enjoy;1,0000;kg;7,49;7,49;;;7,49;;Hrana
Sir trapist Zel.Doline;28039;;1,0000;kg;9,99;9,99;;;9,99;93831051011048;Hrana
Salpa Jadrandska HR;28233;;1,0000;kg;6,99;6,99;;;5,99;93856024302343;Hrana
ROLL ON NEUTRO POWDER 50 ml;28274;Neutro Roberts;0,0500;L;3,45;69,00;;;3,45;80619062;Kozmetika
DEO SPR.NEUTRO R.POWDER 150 ml;28279;Neutro Roberts;0,1500;L;3,45;23,00;;;3,45;8002410002232;Kozmetika
BAZA GLADE MICROSP.MIX 10 ml;28281;Glade;1,0000;kom;5,25;5,25;;;6,19;5000204076141;Sredstva za èišæenje
BOJA PALETTE  PNC 100 0-00;28383;Palette;1,0000;kom;3,89;3,89;;;3,89;3838824171166;Kozmetika
BOJA ZA KOSU PALETTE  PNC 219 ;28387;Palette;1,0000;kom;3,89;3,89;;;3,89;3838824171180;Kozmetika
BOJA PALETTE  PNC 300 8-0;28389;Palette;1,0000;kom;3,89;3,89;;;3,89;3838824171241;Kozmetika
BOJA ZA KOSU PALETTE  PNC 400 ;28391;Palette;1,0000;kom;3,89;3,89;;;3,89;3838824171289;Kozmetika
BOJA PALETTE  PNC 500 6-0;28402;Palette;1,0000;kom;3,89;3,89;;;3,89;3838824171326;Kozmetika
BOJA ZA KOSU PALETTE  PNC 600 ;28408;Palette;1,0000;kom;3,89;3,89;;;3,89;3838824171401;Kozmetika
BOJA ZA KOSU PALETTE  PNC 700 ;28410;Palette;1,0000;kom;3,89;3,89;;;3,89;3838824171449;Kozmetika
BOJA ZA KOSU PALETTE PNC 800 ;28414;Palette;1,0000;kom;3,89;3,89;;;3,89;3838824171524;Kozmetika
BOJA ZA KOSU PALETTE  PNC 900 ;28416;Palette;1,0000;kom;3,89;3,89;;;3,89;3838824171562;Kozmetika
BOJA ZA KOSU PALETTE  PNC 909 ;28417;Palette;1,0000;kom;3,89;3,89;;;3,89;3838824171586;Kozmetika
KOLAÈ PANNA COTTA DR.OETK.124g;28473;Dr. Oetker;0,1240;kg;2,49;20,08;;;2,49;5997381372701;Hrana
KREMA UNIVERZALNA DOVE 150 ml;28485;Dove;0,1500;L;3,69;24,60;;;3,69;8717163476789;Kozmetika
SANITAR ORIGINAL 750 ml ;28518;Sanitar;0,7500;L;2,45;3,27;;;2,25;3850111502620;Sredstva za èišæenje
TOAST KRUH PANCARRE 285 g;28622;Mulino;0,2850;kg;1,59;5,58;;;1,59;8076809582452;Hrana
NJOKI SMRZNUTI KRUMPIROVI 1 kg;28646;Marex;1,0000;kg;3,79;3,79;;;3,79;3858887470990;Hrana
UMAK OD SOJE KIKKOMAN 150 ml;28670;Kikkoman;0,1500;l;3,99;26,60;;;3,99;8715035110205;Hrana
UMAK OD SOJE KIKKOMAN 250 ml;28672;Kikkoman;0,2500;l;5,99;23,96;;;5,99;8715035110304;Hrana
GAZ.PIÆE.SCHW.TONIC WATER1.5 L;28716;Schweppes;1,5000;l;2,23;1,49;;;2,25;5449000044679;Piæa
GAZIRANO PIÆE COCA-COLA 2 L ;28718;Coca-Cola;2,0000;l;2,35;1,18;;;2,29;5449000000286;Piæa
GAZIRANO PIÆE COCA-COLA 0,5 L;28830;Coca-Cola;0,5000;l;1,19;2,38;;;1,15;54491472;Piæa
CAMPARI BITTER 0,7 L;28923;Campari;0,7000;l;20,69;29,56;;;20,99;8000040001106;Piæa
GEL TUŠ.PALM.ABSOLUTE 250 ml;29014;Palmolive;0,2500;L;2,65;10,60;;;2,65;8718951430334;Kozmetika
KAVA ESPR.EXTRA BEZ KOF.140 g;29036;Franck;0,1400;kg;9,99;71,36;;;9,99;3858881082762;Piæa
Sir trapist Kolan Gligora;29061;Sirana Gligora;1,0000;kg;23,99;23,99;;;22,99;3859891864065;Hrana
Sir Žigljen Gligora ;29062;;1,0000;kg;29,99;29,99;;;28,99;3859891864058;Hrana
KRUMPIR 1,5 kg;29153;;1,5000;kg;1,99;1,33;;;1,99;3859893984068;Hrana
Skuša ;29184;;1,0000;kg;9,99;9,99;;;5,99;93856024301346;Hrana
Hlap 800/1500;29190;;1,0000;kg;54,99;54,99;;;54,99;;Hrana
PUREÆA POSEBNA VINDON 500 g;29206;Vindon;0,5000;kg;1,99;3,98;;;1,99;3850159128332;Hrana
Pureæa šunka delux cca 1,8 kg;29207;Vindon;1,0000;kg;19,99;19,99;;;19,99;3850159659898;Hrana
PILEÆI FILETINO CLASSIC ;29208;Cekin;1,0000;kg;12,99;12,99;;;11,89;3850159110795;Hrana
MLIJEKO KISELO 3,2% M.M. 400 g;29296;Vindija;0,4000;kg;1,29;3,23;;;1,29;3850108031683;Hrana
KEFIR 3,5% M.M. Z BREGOV 400 g;29299;Vindija;0,4000;kg;1,29;3,23;;;1,29;3850108030518;Hrana
KEFIR 0,9% M.M. Z BREGOV 200 g;29300;Vindija;0,2000;kg;0,75;3,75;;;0,75;3850108030549;Hrana
KEFIR 0,9% M.M. Z BREGOV 400 g;29301;Vindija;0,4000;kg;1,29;3,23;;;1,29;3850108030556;Hrana
RIBIZ CRVENI 125 g ;29331;;0,1250;kg;2,39;19,12;;;3,99;8713807001409;Hrana
KUPINA 125 g;29333;;0,1250;kg;2,99;23,92;;;3,39;8032140012577;Hrana
SLAD.TWICE ÈOKOLADA-VANILI.1 L;29336;Ledo;1,0000;L;2,99;2,99;;;3,19;3850116712970;Hrana
SLADOL.TWICE VANIL.-JAGODA 1 L;29337;Ledo;1,0000;l;2,99;2,99;;;3,19;3850116713045;Hrana
MAJONEZA ZVIJE.GASTRO 2 kg-XXL;29539;Zvijezda;2,0000;kg;8,99;4,50;;;7,96;3858882212946;Hrana
Kozice pacifièke 40-60 kom/kg;29837;;1,0000;kg;12,49;12,49;;;12,99;93856024300745;Hrana
BAKE ROLLS ÈEŠNJAK 80 g ;29980;7 Day's;0,0800;kg;0,80;10,00;;;0,56;7622202016479;Hrana
BAKE ROLLS SLANI 80 g;29982;7 Day's;0,0800;kg;0,80;10,00;;;0,56;7622202015007;Hrana
LABELLO HYDRO CARE 4,8 g;30037;Labello;1,0000;kom;;1,49;1,49;1,99;3,49;9005800362991;Kozmetika
Škamp 30-40 kom/kg;30303;;1,0000;kg;13,99;13,99;;;13,49;93856024301469;Hrana
SOJA MEDALJONI NATURAL 100 g;30530;Encian;0,1000;kg;1,79;17,90;;;1,79;3859891205004;Hrana
TP VIOLETA MIRISNI 2SL.8/1;30680;Violeta;8,0000;kom;2,35;0,29;;;2,35;3870128000186;Toaletne potrepštine
PAPIR.MAR.VIOLETA BIJELE 10/1;30681;Violeta;10,0000;kom;1,89;0,19;;;1,89;3870128000087;Toaletne potrepštine
PAPIR.MAR.VIOLETA KAMILICA10/1;30682;Violeta;10,0000;kom;1,59;0,16;;;1,89;3870128000582;Toaletne potrepštine
PAPIR.MAR.VIOLETA MENTOL 10/1;30685;Violeta;10,0000;kom;1,59;0,16;;;1,89;3870128000537;Toaletne potrepštine
Lješnjak RFS;30860;;1,0000;kg;13,99;13,99;;;12,99;3858889331510;Hrana
KAŠICA HIPP IN.RIŽA VOÆE 190 g;30922;Hipp;0,1900;kg;1,79;9,42;;;1,79;9062300133513;Hrana
ÈOK.KINDER BUENO TRIPACK 129 g;30928;Ferrero;0,1290;kg;3,19;24,73;;;3,19;4008400320328;Hrana
VINO JP CHENET MERLOT 0,75 L;30935;;0,7500;L;5,99;7,99;;;5,49;3263286328993;Piæa
VINO PILATO PINOT BIJ.0,75 L;30937;;0,7500;L;15,59;20,79;;;13,78;3859889192026;Piæa
VINO PILATO MALVAZIJA  0,75 L;30940;;0,7500;l;12,69;16,92;;;11,28;3859889192019;Piæa
VINO CUVEE SAN STEFANO 0,75 L;30941;;0,7500;l;15,69;20,92;;;16,89;3858891983530;Piæa
VINO MALVA. ZIGANTE TAR.0,75 L;30942;;0,7500;l;14,99;19,99;;;16,49;3858891984247;Piæa
VINO ZL.PLAV.GRAND SEL.0,75 L;30943;;0,7500;l;25,91;34,55;;;25,91;3859888437722;Piæa
NEKTAR VINDI KAŠ. BRESKVA 1 L;30981;;1,0000;l;1,99;1,99;;;1,79;3850108079524;Piæa
ISO SPORT LIMUN-GREJP  1,5 L;30985;Iso Sport;1,5000;L;;1,34;2,01;2,52;2,52;3850108071726;Piæa
OSVJ. PIÆE COCKT.MAND.NARA.1 L;30986;;1,0000;l;1,19;1,19;;;1,35;3850108076004;Piæa
OSVJ.PIÆE COCKTAIL NAR.JAB.1 L;30987;;1,0000;l;1,19;1,19;;;1,35;3850108077001;Piæa
OSV. PIÆE VINDI ACE  1 L;30988;;1,0000;l;1,49;1,49;;;1,35;3850108071290;Piæa
VOÆ.NEKTAR KAŠAST.MARELICA 1 L;30993;;1,0000;l;1,99;1,99;;;1,99;3850108079029;Piæa
GEL ZA KOSU AFROD.ULJNI 150 ml;31075;Afrodita;0,1500;L;4,49;29,93;;;4,49;3830001293746;Kozmetika
TOR. SPAR ÈIPS CHILLI 200 g;31145;SPAR;0,2000;kg;1,29;6,45;;;1,29;8710671004734;Hrana
TORTILLA ÈIPS SPAR ORIGI.200 g;31146;SPAR;0,2000;kg;1,29;6,45;;;1,29;8710671005984;Hrana
RUM BACARDI CARTA BLANCA 0,70L;31149;Bacardi;0,7000;l;;18,56;12,99;18,49;18,02;5010677013147;Piæa
KEKS JAFFA NARANÈA KRAŠ 125 g;31151;Kraš;0,1250;kg;1,39;11,12;;;1,39;3850102922703;Hrana
PIVO BECKS 0,5 L P.A.;31181;Becks;0,5000;l;1,35;2,70;;;1,35;3850131290019;Piæa
TORTILLE SPAR PŠENIÈ.8/1 320 g;31320;SPAR;0,3200;kg;1,79;5,59;;;1,79;8710671005359;Hrana
NAPITAK MONTE ZOTT 200 ml ;31474;Zott;0,2000;L;0,89;4,45;;;0,89;4014500026510;Piæa
NAMAZ MLIJ.DUKATELA CLAS.150 g;31488;;0,1500;kg;1,79;11,93;;;1,69;3850354014997;Hrana
NAMAZ MLIJEÈNI S POVRÆEM 150 g;31489;Dukat;0,1500;kg;1,89;12,60;;;1,79;3850354015017;Hrana
ÈOK.RITTER SP.MARCIPAN 100 g;31697;Ritter Sport;0,1000;kg;;19,90;1,99;2,39;1,79;4000417025005;Hrana
Šipak rfs;31718;;1,0000;kg;2,19;2,19;;;2,49;3858893252085;Hrana
POSL.ZA PSE PEDIG.ROD.70 g;31772;Pedigree;0,0700;kg;1,29;18,43;;;1,29;4008429090110;Proizvodi za kuæanstvo
DENTASTIX PEDIGREE 110 g;31773;Pedigree;0,1100;kg;2,19;19,91;;;1,76;5010394984577;Proizvodi za kuæanstvo
DENTASTIX PEDIGREE180 g;31774;Pedigree;0,1800;kg;2,99;16,61;;;2,39;5010394984584;Proizvodi za kuæanstvo
POSL.ZA PSE PEDIG.MARK.150 g;31775;Pedigree;0,1500;kg;1,79;11,93;;;1,79;9003579302552;Proizvodi za kuæanstvo
HRA.ZA MAÈ.WHIS.TUNA POV.300 g;31804;Whiskas;0,3000;kg;2,39;7,97;;;2,39;5900951014093;Proizvodi za kuæanstvo
ŠAMP.SCHAUMA 7 LJEK.TRA.400 ml;31824;Schauma;0,4000;L;2,99;7,48;;;2,79;3838824086750;Kozmetika
ŠAMP.SCHAUMA MUŠKI 400 ml;31826;Schauma;0,4000;L;2,99;7,48;;;2,79;3838824086675;Kozmetika
ŠAM.SCHAUMA CO.MULTI SH.400 ml;31827;Schauma;0,4000;L;2,99;7,48;;;2,79;3838824086736;Kozmetika
ZUB.PASTA SIGNAL FAMILY 75 ml;31905;Signal;0,0750;L;2,69;35,87;;;2,69;5900300856794;Kozmetika
Kumquat rfs;31988;;1,0000;kg;5,99;5,99;;;7,99;898;Hrana
GAZIRANO PIÆE COCA-COLA 1 L ;32362;Coca-Cola;1,0000;l;1,59;1,59;;;1,48;5449000054227;Piæa
GAZ.PIÆE SCHW.BITTER LEM.1,5 L;32398;Schweppes;1,5000;l;2,23;1,49;;;2,25;5449000044709;Piæa
GAZ.PIÆE SCHWE.TANGERINA 1.5 L;32399;Schweppes;1,5000;l;2,23;1,49;;;2,25;5449000044730;Piæa
LIKER CAROLANS 0,7 L ;32496;;0,7000;L;17,69;25,27;;;17,92;5011026105223;Piæa
Lignja svježa;32503;;1,0000;kg;19,99;19,99;;;29,99;93856024300820;Hrana
Ugor 3-5 kg;32620;;1,0000;kg;7,99;7,99;;;7,49;93856024301599;Hrana
ODST.MRLJA OMINO BIANCO 500 ml;32815;Omino Bianco;0,5000;L;2,39;4,78;;;2,39;8004060021083;Sredstva za èišæenje
SIRNI NAMAZ ABC ŠUNKA 100 g;32871;Belje;0,1000;kg;1,15;11,50;;;1,39;3859888858282;Hrana
SIRNI NAM.ABC S VLASCEM 100 g;32876;Belje;0,1000;kg;1,15;11,50;;;1,39;3859888858312;Hrana
ULJE OMEGOL ZVIJEZDA 1 L ;32877;Zvijezda;1,0000;L;1,99;1,99;;;1,99;3858882213011;Hrana
PAPRIKA FEFERON 200 g;32924;;0,2000;kg;1,99;9,95;;;1,49;3859893818165;Hrana
Šenon rfs;32932;;1,0000;kg;3,99;3,99;;;3,99;28;Hrana
PRAL.TOF.DJED BOŽ.&SNJEG.375 g;32962;Toffifee;0,3750;kg;;14,64;5,49;5,99;8,49;4014400919417;Hrana
ŽELATINA FIX DR.OETKER INS.20g;33070;Dr. Oetker;0,0200;kg;1,19;59,50;;;1,19;5997381336437;Hrana
Kaki rfs;33410;;1,0000;kg;1,99;1,99;;;2,69;897;Hrana
ÈOK.KINDER SCHOKOBONSI 200 g;33427;Ferrero;0,2000;kg;5,89;29,45;;;5,19;5413548283128;Hrana
NEKTAR JABUKA 50% SPAR 1 L;33431;SPAR;1,0000;l;1,29;1,29;;;1,35;9100000802503;Piæa
Kolaè torta lješnj.1,1 kg;33442;;1,1000;kg;12,19;11,08;;;12,19;3859890208600;Hrana
BOMBONIJERA MOZART 132 g;33561;Mozart;0,1320;kg;;20,83;2,75;3,69;3,15;9001508084968;Hrana
BOMBONIJERA MOZART 297 g;33562;Mozart;0,2970;kg;;14,11;4,19;5,59;4,89;9001508084920;Hrana
PJENUŠAC ROBBY BUB.JAGO.0,75 L;33809;Robby Bubble;0,7500;l;;3,72;2,79;3,88;3,88;8595004610123;Piæa
PJENUŠAC ROBBY BUB.BRES.0,75 L;33813;Robby Bubble;0,7500;l;;3,72;2,79;3,88;3,88;8595004610130;Piæa
BRAŠNO INTEGRALNO FARINA 1 kg;34030;;1,0000;kg;0,99;0,99;;;1,12;3859890160618;Hrana
BRAŠNO CRNO T-1600 FARINA 1kg;34032;;1,0000;kg;0,99;0,99;;;1,12;3859890160410;Hrana
BOMBONI  WERTERS 90 g;34097;Werthers Original;0,0900;kg;1,25;13,89;;;1,25;4014400908527;Hrana
Svinjski but u koži HR;34099;;1,0000;kg;4,99;4,99;;;5,29;3858891521046;Hrana
Svinjska lopatica u koži HR;34101;;1,0000;kg;4,69;4,69;;;4,99;3858891521060;Hrana
Svinjski vrat u koži HR;34102;;1,0000;kg;4,69;4,69;;;4,79;3858891521022;Hrana
Svinjska leða u koži HR;34104;;1,0000;kg;4,79;4,79;;;4,79;3859892958992;Hrana
ROCHER  FERRERO T30X3 375 g;34181;Ferrero;0,3750;kg;12,99;34,64;;;11,59;8000500032237;Hrana
KINDER SCHOKO BONS T16 125 g;34182;Ferrero;0,1250;kg;3,69;29,52;;;3,29;5413548280189;Hrana
TUNA PAŠTETA ARGETA 95 g;34213;Argeta;0,0950;kg;1,99;20,95;;;1,99;3838975567061;Hrana
Jabuka Pink Cripps rfs;34490;;1,0000;kg;1,69;1,69;;;1,59;360;Hrana
BOMBONIJERA SIMPHONY MIX 200 g;34532;Simphony;0,2000;kg;5,99;29,95;;;5,99;5310002251962;Hrana
BOMBONI COLORADO MIX 400 g;34543;Colorado;0,4000;kg;3,84;9,60;;;3,84;5310002410321;Hrana
HRENOVKE WUDY SA SIROM 150 g;34667;Wudy;0,1500;kg;1,09;7,27;;;1,12;8008110002107;Hrana
PANIRANI CORDON BLEU 245 g;34675;AiA;0,2450;kg;2,25;9,18;;;2,29;8008110258740;Hrana
Teleæa jetra;34782;;1,0000;kg;11,99;11,99;;;9,99;3859892958749;Hrana
KREMA BLEND-A-D.NEUT.UÈV.40 ml;34788;Blend a dent;1,0000;kom;4,49;4,49;;;4,49;8001841900575;Kozmetika
Lièi rfs;34793;;1,0000;kg;8,99;8,99;;;8,99;880;Hrana
SPUŽVA GLITZI PLUS 2+1 VILEDA;34800;;3,0000;kom;2,19;0,73;;;2,19;4003790001444;Proizvodi za kuæanstvo
Kol.Tiramisu 100 g;34885;;0,1000;kg;2,29;22,90;;;2,29;3859890208945;Hrana
KIWI 1 kg;34892;;1,0000;kg;1,99;1,99;;;2,39;0208173059607;Hrana
SCHWEPPES BITER LEMON 0.5 L;35237;Schweppes;0,5000;l;1,35;2,70;;;1,35;54490130;Piæa
TOAL.PAP.LOVELY ŽUTI 10/1 ;35656;Lovely;10,0000;kom;3,19;0,32;;;2,99;9100000161051;Toaletne potrepštine
Šopska salata;35671;SPAR enjoy;1,0000;kg;8,79;8,79;;;8,49;;Hrana
RIŽIN SNACK SPAR MOR.SOL 100 g;35913;SPAR;0,1000;kg;1,19;11,90;;;1,19;8710671205476;Hrana
Miješana salata;35974;SPAR enjoy;1,0000;kg;6,99;6,99;;;6,99;;Hrana
KREMA MELEM ZAGREBAÈKI 35 ml;36030;Melem;1,0000;kom;5,79;5,79;;;5,79;3856007901409;Kozmetika
KREMA MELEM ZAGREBAÈKI 10 ml;36031;Melem;1,0000;kom;3,05;3,05;;;3,05;3856007901416;Kozmetika
GEL GROG ÈISTAÈ ODVODA 1 L ;36047;Grog;1,0000;L;4,39;4,39;;;4,39;3850145113007;Sredstva za èišæenje
IZBJELJIVAÈ DOMUS 1 L;36051;Domus;1,0000;L;2,69;2,69;;;2,32;3859890392484;Sredstva za èišæenje
HRENOVKA FRANKFURT 100 g;36222;Wudy;0,1000;kg;;3,50;0,35;0,45;0,49;8008110003005;Hrana
JAGODA 250 g;36341;;0,2500;kg;2,89;11,56;;;1,99;8032140010078;Hrana
RIŽA SPAR DUGO ZRNO 1 kg;36567;SPAR;1,0000;kg;2,19;2,19;;;2,19;9100000862989;Hrana
RIŽA SPAR DUGO ZRNO 4X125 g;36570;SPAR;0,5000;kg;1,19;2,38;;;1,39;9100000863023;Hrana
CORNFLAKES SPAR 500 g;36571;SPAR;0,5000;kg;2,19;4,38;;;2,19;9100000041100;Hrana
ŽIT.SPAR PŠEN.ÈOKOLADA 500 g;36573;SPAR;0,5000;kg;3,49;6,98;;;3,49;9100000783482;Hrana
TUNA SPAR MASLIN.ULJE 3X80 g;36578;SPAR;0,1560;kg;4,59;29,42;;;4,59;3831115309026;Hrana
TUNA SPAR BILJNO ULJE 3X80 g;36579;SPAR;0,1560;kg;3,79;24,29;;;3,59;3831115309019;Hrana
TUNA SPAR BILJNO ULJE 160 g;36581;SPAR;0,1040;kg;2,29;22,02;;;2,29;3831115324623;Hrana
KUPKA PALMOLIVE MASLINA 500 ml;36625;Palmolive;0,5000;L;4,49;8,98;;;4,49;8714789733166;Kozmetika
GEL TUŠ.PALMOLIVE OLIVE 250 ml;36626;Palmolive;0,2500;L;2,65;10,60;;;2,65;5996175230975;Kozmetika
TEK.SAP.PALMOLIVE MASLI.300 ml;36627;Palmolive;0,3000;L;3,09;10,30;;;2,89;8693495017633;Kozmetika
JOGURT 3.2% MU 1 kg;36733;Ljubljanske Mlekarne;1,0000;kg;2,45;2,45;;;2,45;3838800039220;Hrana
Sir Skuta Paška;36749;Paska Sirana;1,0000;kg;12,49;12,49;;;10,99;3859889426053;Hrana
KRUH WASA FIBRE 230 g;36761;Wasa;0,2300;kg;2,89;12,57;;;2,89;7300400117852;Hrana
UM.SPAR SALSA GUACAMOLE 300 g;36774;SPAR;0,3000;kg;2,99;9,97;;;2,99;8710671010230;Hrana
UMAK SPAR SALSA SIR 300 g;36775;SPAR;0,3000;kg;2,49;8,30;;;2,49;8710671202734;Hrana
UMAK SPAR SALSA LJUTI 315 g;36776;SPAR;0,3150;kg;2,49;7,90;;;2,49;8710671005335;Hrana
UMAK SPAR SALSA SRE.LJUT 315 g;36777;SPAR;0,3150;kg;2,49;7,90;;;2,49;8710671005342;Hrana
Dimcek maxi ;36872;Cekin;1,0000;kg;8,99;8,99;;;11,99;3850159121821;Hrana
MLIJEKO UHT 3,5% Z BREGOV 1 L;37189;Vindija;1,0000;L;1,69;1,69;;;1,69;3850108020762;Hrana
SIR KREM ABC 70%MM 200 g ;37287;Belje;0,2000;kg;2,39;11,95;;;2,39;3859888858336;Hrana
VODA JANA JAG-GUAVA 0,5 L;37300;Jana;0,5000;l;1,05;2,10;;;1,12;3858884600956;Piæa
VODA JANA JAGODA-GUAVA 1,5 L ;37302;Jana;1,5000;l;1,59;1,06;;;1,59;3858884600871;Piæa
VODA JANA LIMUN-LIMETA 1,5 L ;37303;Jana;1,5000;l;1,59;1,06;;;1,59;3858884600819;Piæa
VODA JANA LIMUN-LIMETA 0,5 LRÈ;37304;Jana;0,5000;l;1,05;2,10;;;1,12;3858884600932;Piæa
PILE GAVELINO ;37364;Cekin;1,0000;kg;5,49;5,49;;;5,49;3850159113154;Hrana
REF.BAT.AIRWICK WHITE 250 ml;37369;Airwick;0,2500;L;6,69;26,76;;;6,69;5999109542038;Sredstva za èišæenje
Hobotnica svježa ;37404;;1,0000;kg;29,99;29,99;;;17,99;93856024302503;Hrana
SALVETE USKRSNE 33X33 CM,20/1;37570;;20,0000;kom;1,99;0,10;;;1,99;3838952008426;Proizvodi za kuæanstvo
HRENOVKE BEZ OVITKA VP 250 g;37656;Pik;0,2500;kg;2,69;10,76;;;2,69;3850139310825;Hrana
Trlje 200-600 g;37768;;1,0000;kg;26,99;26,99;;;22,99;93856024302657;Hrana
VAFEL LOACKER FONDENTE 150 g;37964;Loacker;0,1500;kg;2,19;14,60;;;2,19;8000380141548;Hrana
BOM.GUMENI HARIBO JAGODA 100 g;38231;Haribo;0,1000;kg;1,59;15,90;;;1,59;9002975405157;Hrana
SOK SCHWEPPES TANGERINA 0,5 L;38240;Schweppes;0,5000;l;1,35;2,70;;;1,35;87126068;Piæa
VINO TRAMINAC I.PODR.0,75 L;38251;;0,7500;l;8,05;10,73;;;8,05;3859889556538;Piæa
VINO GRAŠEV.ILOÈKI PODR.0,75 L;38252;;0,7500;l;7,05;9,40;;;7,05;3859889556453;Piæa
VINO CHARDONNAY ILOK 0,75 L;38255;;0,7500;L;7,05;9,40;;;7,05;3859889556552;Piæa
VINO GRAŠEVINA ILOÈKI P.1 L;38257;;1,0000;L;6,55;6,55;;;6,55;3859889556460;Piæa
VINO VRH.TRAMINAC I.P.0,75 L;38263;;0,7500;l;;14,65;10,99;13,05;13,05;3859889556774;Piæa
VINO VRH.GRAŠEVINA I.P.0,75 L;38267;;0,7500;l;12,05;16,07;;;12,05;3859889556781;Piæa
VINO VRH.CHARDONNAY I.P.0,75L;38270;;0,7500;l;;13,32;9,99;12,05;12,05;3859889556798;Piæa
TRAKE ZA DEPIL.LICA ÈUPKO 16/1;38298;Cupko;16,0000;kom;3,99;0,25;;;3,58;3859888495159;Kozmetika
SLADOLED QUATTRO JOY 1650 ml;38458;Ledo;1,6500;L;7,49;4,54;;;7,49;3850116036113;Hrana
SLAD.QUATTRO HAPPINESS 1650 ml;38459;Ledo;1,6500;l;7,49;4,54;;;7,49;3850116036083;Hrana
UMAK PODRAVKA SALSA 410 g;38497;Podravka;0,4100;kg;3,19;7,78;;;3,19;3850104222351;Hrana
UMAK PODRAV.RAJÈICA ŠAMP.410 g;38502;Podravka;0,4100;kg;3,19;7,78;;;3,19;3850104222344;Hrana
VINO BELJE GRAŠEVINA 3 L;38507;;3,0000;l;14,99;5,00;;;14,99;3850257019457;Piæa
VINO BELJE GRAŠEVINA 1 L;38508;;1,0000;l;6,55;6,55;;;6,55;3850257019440;Piæa
VRHNJE KISELO DUKAT 12% 400 g;38533;Dukat;0,4000;kg;1,99;4,98;;;1,89;3850354000471;Hrana
VRHNJE ZA ŠLAG DUKAT 500 g;38652;Dukat;0,5000;kg;4,29;8,58;;;3,99;3850354001348;Hrana
JOG.ACTIMEL VOÆ.MIX  4X100 g;38686;Danone;0,4000;kg;2,69;6,73;;;2,49;5997536112558;Hrana
VINO VITAÈ TIKVEŠ 1 L;38965;Tikves;1,0000;L;4,49;4,49;;;4,49;5310008006047;Piæa
LUK MLADI - VEZICA;38994;;1,0000;kom;0,79;0,79;;;0,89;3858893252184;Hrana
GEL ZA TUŠ.FELCE A. 400 ml;39326;Felce Azzurra;0,4000;L;2,85;7,13;;;2,85;8001280013973;Kozmetika
Kupus mladi rfs;39559;Vlastite potrebe;1,0000;kg;0,79;0,79;;;1,59;3858893252207;Hrana
UMAK CHOW MEIN STRI-FRY 120 g;39862;Blue Dragon;0,1200;kg;2,19;18,25;;;2,19;5010338200060;Hrana
UM.ORIGINAL SWET.CHILI 190 ml;39877;Blue Dragon;0,1900;l;3,99;21,00;;;3,99;5010338404017;Hrana
ZAÈ.MJ.LA FIESTA TACO MIX 35 g;39933;Casa Fiesta;0,0350;kg;1,39;39,71;;;1,32;5412514935191;Hrana
ZAÈ.MJ.LA FIES.FAJITA MIX 40 g;39935;Casa Fiesta;0,0400;kg;1,39;34,75;;;1,32;5412514935184;Hrana
POLI SA SIROM 500 g PERUTNINA;39975;Poli;0,5000;kg;4,25;8,50;;;4,29;3838977011494;Hrana
VAFEL ROL. SA ÈOKOLADOM 125 g;40115;SPAR;0,1250;kg;1,99;15,92;;;1,69;8710671008725;Hrana
SRED.SOMAT TEKUÆINA 750 ml;40120;Somat;0,7500;l;3,99;5,32;;;3,99;9000100344098;Sredstva za èišæenje
SRE.AJAX STAKLO CRYS.C.750 ml;40213;Ajax;0,7500;L;1,99;2,65;;;1,99;8718951048522;Sredstva za èišæenje
KOLAÈ BROWNIES DR.OETKER 436 g;40220;Dr. Oetker;0,4360;kg;;6,86;2,99;3,99;3,99;5997381371353;Hrana
KOLAÈ MUFFINS DR.OETKER 380 g;40221;Dr. Oetker;0,3800;kg;;7,87;2,99;3,99;3,99;5997381372152;Hrana
KOL.MUFFINS ÈOKO.DR.OETK.345 g;40222;Dr. Oetker;0,3450;kg;;8,67;2,99;3,99;3,99;5997381372169;Hrana
MILERAM BRZO&FINO DUKAT 400 g;40341;Dukat;0,4000;kg;2,39;5,98;;;2,29;3850354009900;Hrana
PESTO BARILLA ROSSO 200 g;40494;Barilla;0,2000;kg;4,99;24,95;;;4,99;8076809523547;Hrana
Svinjski prsni vršak;40503;;1,0000;kg;;3,49;3,49;3,69;3,99;3859892958763;Hrana
TEK.SAPUN DOVE CREAM 500 ml;40520;Dove;0,5000;L;;5,98;2,99;3,99;3,99;4000388179004;Kozmetika
TEKUÆI SAPUN DOVE SILK 500 ml;40521;Dove;0,5000;L;;5,98;2,99;3,99;3,99;8717163573792;Kozmetika
Inæun II;40599;;1,0000;kg;3,49;3,49;;;3,99;93856024300530;Hrana
GAZ.PIÆE SPAR COLA 0,33 L;40644;SPAR;0,3300;l;,85;2,58;;;0,82;9100000044118;Piæa
CROISSANT CHIPICAO MIDI 60 g;40676;7 Day's;0,0600;kg;0,99;16,50;;;0,91;7622202043390;Hrana
ÈOK.KINDER HAPPY HIPPO 103,5 g;40698;Ferrero;0,1040;kg;2,69;25,87;;;2,79;8000500023624;Hrana
VINO ERDUTSKA GRAŠ.0,75 L ;40709;;0,7500;l;4,99;6,65;;;6,99;3859889193078;Piæa
VINO ERDUT RAJN.RIZLING 0,75 L;40713;;0,7500;l;4,99;6,65;;;6,99;3859889193061;Piæa
VINO ERDUT CHARDONNAY 0,75 L;40715;;0,7500;l;4,99;6,65;;;6,99;3859889193030;Piæa
VINO ERDUT ZWEIGELT 0,75 L;40722;;0,7500;l;4,99;6,65;;;6,99;3859889193023;Piæa
GRISINI S EK.DJEVIÈ.ULJEM 230g;40887;;0,2300;kg;3,59;15,61;;;3,59;8076809527569;Hrana
INST.KAVA JAC.ICE COFFEE 18 g;40969;Jacobs;0,0180;kg;0,45;25,00;;;0,45;8711000530337;Piæa
INST.KAVA JACOBS MONARCH 200 g;40971;Jacobs;0,2000;kg;14,99;74,95;;;12,99;8711000513880;Piæa
PJENUŠAC HENKELL TROCKEN 0,2L;41162;Henkel;0,2000;l;3,25;16,25;;;3,25;9000135450467;Piæa
DEO ROLL ON NIVEA PEAR B.50 ml;41232;Nivea;0,0500;L;2,99;59,80;;;4,99;42242147;Kozmetika
ULOŠC.LIBR.CLASSIC NORMAL 20/1;41278;Libresse;20,0000;kom;1,19;0,06;;;1,19;7322540063547;Toaletne potrepštine
DEO SPRAY DOVE INVISIBL.150 ml;41280;Dove;0,1500;L;5,20;34,67;;;5,20;8720181291623;Kozmetika
DEO STICK DOVE INVISIBLE 40 ml;41282;Dove;1,0000;kom;5,20;5,20;;;5,20;50287062;Kozmetika
RAJÈICA CHERRY 500 g;41350;;0,5000;kg;1,39;2,78;;;2,49;8032140236041;Hrana
PESTO STAR.GENOVESE 190 g;41385;Star;0,1900;kg;3,19;16,79;;;2,99;80024101;Hrana
VINO DU.PODR.CAB.SAU.0,75 L;41653;;0,7500;l;5,6;7,47;;;5,6;3859890164036;Piæa
VINO MERLOT DUBR.POD. 0,75 L;41656;;0,7500;l;6,99;9,32;;;6,52;3859890164050;Piæa
SOK PAGO JAGODA 40% 0,75 L ;41793;Pago;0,7500;l;3,62;4,83;;;3,62;9002515600653;Piæa
TONIC WATER VINDI 1,5 L;41943;;1,5000;l;1,55;1,03;;;1,55;3850108071559;Piæa
OSVJ.PIÆE ACE 1/4 250 ml ;41944;;0,2500;l;0,69;2,76;;;0,69;3850108071306;Piæa
VOÆ.NEKTAR BOROVN.S ÈEPOM 1 L;41947;;1,0000;l;2,09;2,09;;;2,09;3850108074376;Piæa
VOÆ. NEKTAR VINDIJA VIŠNJA 1 L;41948;;1,0000;l;2,09;2,09;;;2,09;3850108074475;Piæa
VINO FRANC ARMAN MAL.0,75 L ;42021;;0,7500;L;13,99;18,65;;;13,12;3859891697021;Piæa
VINO FRANC ARM.TERAN 0,75 L;42031;;0,7500;L;18,09;24,12;;;17,02;3859891697014;Piæa
VINO ENJINGI VENJE KAS.B0,75L ;42037;;0,7500;L;18,99;25,32;;;15,92;3859892375102;Piæa
TRAVA RICA JAKO AP DEGEN.0,5 L;42048;;0,5000;l;11,78;23,56;;;11,78;3859889693011;Piæa
BAKE ROLLS PIZZA 80 g;42212;7 Day's;0,0800;kg;0,80;10,00;;;0,56;7622202016196;Hrana
KEKS GRANCEREALE KROKANT 230 g;42374;Mulino;0,2300;kg;2,79;12,13;;;2,79;8076809540162;Hrana
KEKS GRANCEREALE FRUTTA 250 g;42375;Mulino;0,2500;kg;2,79;11,16;;;2,79;8076809540179;Hrana
KEKS GRANCEREALE CLASSI.250 g;42376;Mulino;0,2500;kg;1,99;7,96;;;1,99;8076809540124;Hrana
ULOŠCI LIBRESSE DNEVNI 28/1;42450;Libresse;28,0000;kom;1,56;0,06;;;1,49;7310791255255;Toaletne potrepštine
VINO ENJINGI ZWEIGELT 0,75 L;42567;;0,7500;l;11,99;15,99;;;11,22;3859892375157;Piæa
OSVJ.PIÆE VINDI MULTI ACE 2 L ;42684;;2,0000;l;2,49;1,25;;;1,99;3850108073379;Piæa
INS.KAV.CRONAT GOLD VREÆ. 75 g;42685;Jacobs;0,0750;kg;5,99;79,87;;;4,49;8711000532751;Piæa
SIR ZRNATI PRESIDENT 200 g;42696;Dukat;0,2000;kg;2,49;12,45;;;2,29;3850355000814;Hrana
PRELJ.ZA SAL.KÜHNE TIS.250 ml;42711;Kühne;0,2500;L;2,89;11,56;;;2,98;40122472;Hrana
PRELJ.ZA SAL.KÜHNE AMER.250 ml;42712;Kühne;0,2500;L;2,79;11,16;;;2,98;40122571;Hrana
PRELJ.ZA SAL.KÜHNE BALS 250 ml;42713;Kühne;0,2500;L;2,89;11,56;;;2,98;40122663;Hrana
PRELJEV ZA SAL.KÜHNE FRA 250ml;42714;Kühne;0,2500;l;2,89;11,56;;;2,98;40122502;Hrana
PRELJEV ZA SAL.KÜHNE JOG 250ml;42716;Kühne;0,2500;l;2,79;11,16;;;2,79;40122649;Hrana
ULOŠ.LIBRESSE MULTI DNEV.32/1;42739;Libresse;32,0000;kom;1,56;0,05;;;1,49;7322541195315;Toaletne potrepštine
SJAJ ERDAL NEUTRALNI 65 ml ;42785;Erdal;0,0650;L;2,35;36,15;;;2,35;4009175163622;Proizvodi za kuæanstvo
SJAJ ERDAL SMEÐI 65 ml ;42786;Erdal;0,0650;L;2,35;36,15;;;2,35;4009175163639;Proizvodi za kuæanstvo
SJAJ ERDAL CRNI 65 ml ;42787;Erdal;0,0650;L;2,35;36,15;;;2,35;4009175163615;Proizvodi za kuæanstvo
ÈOKOLADA MIKADO RIŽA 75 g;42809;Mikado;0,0750;kg;1,59;21,20;;;1,25;3858881064256;Hrana
Zubatac;42898;;1,0000;kg;14,99;14,99;;;16,99;93856024301681;Hrana
PIVO PAULANER WEISS.BOCA 0,5 L;42919;Paulaner;0,5000;l;1,98;3,96;;;1,98;4066600611981;Piæa
PIVO PAULANER OR.BOCA 0,5 L ;42922;Paulaner;0,5000;l;1,98;3,96;;;1,98;4066600611028;Piæa
PIVO PAULANER ORGIN.LIM.0,5 L ;42925;Paulaner;0,5000;l;;2,98;1,49;1,78;1,78;4066600211815;Piæa
VINO BIJ.PINOT JAREC 0,75 L;42927;;0,7500;l;10,11;13,48;;;10,11;3857500080905;Piæa
PIVO PAUL.WEISS.LIM.0,5 L;42928;Paulaner;0,5000;l;;2,98;1,49;1,78;1,78;4066600601920;Piæa
DŽEM MACKAY´S LIMUN CURD 340 g;43026;Mackays;0,3400;kg;4,99;14,68;;;4,99;0637793001053;Hrana
DŽEM MACKAY´S JAGOD.ŠAMP.340 g;43027;Mackays;0,3400;kg;5,49;16,15;;;5,49;0637793001015;Hrana
MARMEL.MACKAY´S NAR.VISK 340 g;43028;Mackays;0,3400;kg;4,99;14,68;;;4,99;0637793000957;Hrana
MARMEL.MACKAY´S NARANÈA 340 g;43029;Mackays;0,3400;kg;5,99;17,62;;;4,99;0637793000902;Hrana
KAVA ARABESCA MINAS 500 g;43095;Arabesca;0,5000;kg;11,29;22,58;;;11,29;3859889500050;Piæa
TJES.BARILLA FETTUCCINE 500 g;43108;Barilla;0,5000;kg;3,49;6,98;;;3,49;8076809523776;Hrana
TJES.BARILLA INT.FUSILLI 500 g;43110;Barilla;0,5000;kg;2,99;5,98;;;3,09;8076809529457;Hrana
TJES.BARIL.IN.PENNE RIG.500 g;43111;Barilla;0,5000;kg;2,99;5,98;;;3,09;8076809529433;Hrana
TJE.BARILLA IN.SPAGHETTI 500 g;43112;Barilla;0,5000;kg;2,99;5,98;;;3,09;8076809529419;Hrana
UMAK PODRAVKA BOLOGNESE 410 g;43157;Podravka;0,4100;kg;4,79;11,68;;;4,39;3850104224850;Hrana
MASLINE MARINA CRNE 690 g;43281;Marina;0,3900;kg;6,99;17,92;;;7,59;3859888295094;Hrana
MASLINE MARINA ZELENE 690 g;43283;Marina;0,3900;kg;6,99;17,92;;;7,59;3859888295063;Hrana
MASLINE MARINA ZELENE 370 g;43284;Marina;0,2000;kg;5,49;27,45;;;5,99;3859888295278;Hrana
PIVO HEINEKEN LIM. 0,5 L;43384;Heineken;0,5000;l;1,75;3,50;;;1,68;3830001714692;Piæa
BRUSNICA NATURA 100 g;43413;Natura;0,1000;kg;1,98;19,80;;;1,98;3859890587972;Hrana
PIVO BECKS LIM 0,5L ;43677;Becks;0,5000;l;1,79;3,58;;;1,69;3850131290101;Piæa
VINO DEGRAS.CAB.SAUV.0,75 L  ;43784;;0,7500;l;12,42;16,56;;;12,42;3859891805181;Piæa
RIŽA NATURREIS NATUR PUR 500 g;43858;Natur pur;0,5000;kg;2,19;4,38;;;2,19;9100000043951;Hrana
TJ.NATUR PUR PENNE RIGAT.500 g;43860;Natur pur;0,5000;kg;1,72;3,44;;;1,72;9100000156743;Hrana
BIO-SOK JABUKA SPAR 1 L;43861;SPAR Natur*pur;1,0000;L;2,79;2,79;;;2,78;9100000115368;Piæa
RIŽA BASMATI NATUR PUR 500 g;43865;Natur pur;0,5000;kg;3,19;6,38;;;3,19;9100000448398;Hrana
VINO KOLARIÆ SILVANAC 0,75 L;43876;;0,7500;L;7,79;10,39;;;7,79;3859889817127;Piæa
LIKER MEDOVAÈA PATRIK 0,5 L;45082;Patrik;0,5000;l;13,39;26,78;;;14,82;3859890672203;Piæa
RAKIJA STALAK ÈOKANÈIÆ 0,5L;45094;;0,5000;l;28,88;57,76;;;28,88;3859891109029;Piæa
VINO WOODBRIDGE CAB.SAU.0.75 L;45240;;0,7500;l;13,59;18,12;;;13,59;5010186016172;Piæa
WHISKY GLENLIVET 12 YO 0,7 L;45247;Glenlivet;0,7000;L;45,59;65,13;;;44,02;0080432402825;Piæa
WHISKEY CHIVAS REGAL 18YO 0,7L;45250;Chivas Regal;0,7000;l;79,89;114,13;;;75,02;5000299225004;Piæa
VINO POGGI DEL SOLE CHI.0,75 L;45877;Weingut Schloss Fels;0,7500;l;4,72;6,29;;;4,72;9100300177035;Piæa
VINO HARDY VR SHIRAZ 0,75 L;45879;Weingut Schloss Fels;0,7500;L;5,02;6,69;;;5,02;9311043037382;Piæa
DESP.SR.ZA SKID.KAMENCA 500 ml;46017;Despar;0,5000;L;1,25;2,50;;;1,25;8001300898160;Sredstva za èišæenje
RAJÈICA DESPAR PELAT 800 g;46209;Despar;0,4800;kg;1,99;4,15;;;1,99;8001300220909;Hrana
RAJÈ.DESPAR POMODORINI 400 g;46210;Despar;0,2400;kg;1,19;4,96;;;1,19;8001300223009;Hrana
RAJÈICA DESPAR PELAT 3X400 g;46211;Despar;1,2000;kg;2,99;2,49;;;2,99;8001300223085;Hrana
RAJÈICA DESPAR POLPA 3X400 g;46217;Despar;1,2000;kg;2,99;2,49;;;2,99;8001300221111;Hrana
RAJÈICA DESPAR PASIRANA 690 g;46219;Despar;0,6900;kg;1,99;2,88;;;1,99;8001300223078;Hrana
RAJÈ.DESPAR PAS.RUSTICA 690 g;46222;Despar;0,6900;kg;1,99;2,88;;;1,99;8001300223016;Hrana
KEKSI DESPAR ÈOKOLADA 350 g;46382;Despar;0,3500;kg;2,49;7,11;;;2,38;8001300802198;Hrana
KEKSI DESPAR JABUKA 350 g;46383;Despar;0,3500;kg;2,49;7,11;;;2,38;8001300802273;Hrana
VINO ORAHOVICA FRANKOVKA 0,75L;46406;;0,7500;l;6,29;8,39;;;5,52;3859888114029;Piæa
VINO ORAHOVICA SAUVIGNON 0,75L;46407;;0,7500;l;6,29;8,39;;;5,52;3859888114104;Piæa
VINO ORAHOV. PINOT SIVI 0,75L;46409;Pp;0,7500;l;6,29;8,39;;;5,52;3859888114067;Piæa
VINO GRAŠEV.PP ORAHOV.1 L;46410;;1,0000;L;5,99;5,99;;;5,22;3859888114036;Piæa
VINO PP ORAHOV.GRAŠEVINA 0,75L;46415;;0,7500;l;6,29;8,39;;;5,52;3859888114043;Piæa
VINO ORAHOVICA FRANKOVKA 1 L;46417;;1,0000;l;5,99;5,99;;;4,78;3859888114012;Piæa
VINO ORAHOVICA CHARDON.0,75L ;46418;;0,7500;l;6,29;8,39;;;5,52;3859888114098;Piæa
MASLINE ZELENE ZVIJEZDA 350 g;46462;Zvijezda;0,2000;kg;2,89;14,45;;;2,89;3858882213745;Hrana
MASLINE ZELENE ZVIJEZDA 700 g;46464;Zvijezda;0,4000;kg;4,49;11,23;;;4,49;3858882213738;Hrana
MASLINE CRNE ZVIJEZDA 350 g;46466;Zvijezda;0,2000;kg;3,19;15,95;;;3,19;3858882213714;Hrana
MASLINE CRNE ZVIJEZDA 700 g;46467;Zvijezda;0,4000;kg;4,69;11,73;;;4,69;3858882213707;Hrana
MAS.ZEL.ZVIJEZDA S PAPRI.700 g;46472;Zvijezda;0,4000;kg;4,69;11,73;;;4,69;3858882213783;Hrana
MAS. ZEL.ZVIJEZDA S PAP.350 g;46473;Zvijezda;0,2000;kg;3,79;18,95;;;3,79;3858882213790;Hrana
MASLINE ZEL.BK ZVIJEZDA 350 g;46475;Zvijezda;0,1650;kg;2,89;17,52;;;2,89;3858882213769;Hrana
OCAT ACETO BAL.ZVIJEZDA 500 g;46476;Zvijezda;0,5000;kg;3,59;7,18;;;3,59;3858882214063;Hrana
PRALINE LINDT LIND.BALLS 200 g;46516;Lindt;0,2000;kg;;32,45;6,49;8,97;6,98;8003340090276;Hrana
KAVA FR.JUB.MLJ.VAKUM 2x250 g;46562;Franck;0,5000;kg;10,75;21,50;;;10,75;3858881080072;Piæa
MARMELADA SPAR BRUSNICA 450 g;46627;SPAR;0,4500;kg;2,79;6,20;;;2,79;9100000967981;Hrana
NADJEV JABUKA S-BUDGET 700 g;46630;S-Budget;0,7000;kg;1,59;2,27;;;1,59;9100000810577;Hrana
ÈAJ FRANCK TREŠNJA K.OMOT 55 g;46672;Franck;0,0550;kg;2,29;41,64;;;2,29;3858881083790;Piæa
VINO JOSIÆ CUVEE 0,75 L;46860;;0,7500;l;14,28;19,04;;;14,28;3859890442066;Piæa
VINO JOSIÆ GRAŠEVINA 0,75 L;46862;;0,7500;l;11,49;15,32;;;10,22;3859890442028;Piæa
SIR CAMEMBERT VINDIJA 250 g;46971;Vindija;0,2500;kg;;15,96;3,99;4,99;4,99;3850108051902;Hrana
SIR BRIE PRESIDENT 200 g;47050;President;0,2000;kg;;17,95;3,59;4,39;4,39;3228020232028;Hrana
VINO PLAVAC MILIÈIÆ 1 L;47471;;1,0000;l;5,38;5,38;;;5,38;3859888400047;Piæa
SNACK OD SVJ.SIRA AZURNA 100 g;47486;;0,1000;kg;;29,90;2,99;3,49;3,49;3480341002692;Hrana
VINO CRNO BLATINA 1 L;47555;;1,0000;l;4,99;4,99;;;5,09;3870083000559;Piæa
VINO BLATINA DE BROTO 0,75 L ;47557;;0,7500;l;8,99;11,99;;;8,79;3870083000146;Piæa
VINO HERCEG ŽILAVKA 1 L;47558;;1,0000;l;4,99;4,99;;;5,09;3870083000658;Piæa
VINO KAMENO 0,75 L;47560;;0,7500;l;8,99;11,99;;;8,39;3870083000467;Piæa
PIVO PILSNEL URQUEL 0,5 L LIM.;47743;Pilsner;0,5000;l;1,82;3,64;;;1,82;8594404115115;Piæa
VINO TERAN BQ FR.ARMAN 0,75 L;48062;;0,7500;L;29,39;39,19;;;29,39;3859891697052;Piæa
VINO F.ARMAN PIN.SIVI 0,75 L ;48063;;0,7500;L;13,22;17,63;;;13,22;3859891697038;Piæa
LED.ÈAJ BRUSNICA/ŠU.VOÆE 0,5 L;48065;Jana;0,5000;l;1,19;2,38;;;1,19;3858884601731;Piæa
LED.ÈAJ BRUS./ŠU.VOÆE 1,5 L ;48066;Jana;1,5000;l;;0,97;1,45;1,69;1,69;3858884601717;Piæa
PECIVO KVIKI GRIC 100 g;48078;Kviki;0,1000;kg;;11,10;1,11;1,39;1,49;3850104225277;Hrana
ŠTAPIÆI KVIKI 220 g;48081;Kviki;0,2200;kg;;6,50;1,43;1,79;1,79;3850104224966;Hrana
PUDIN.LJEŠ.ÈOK. Z BREGOV 125 g;48134;Vindija;0,1250;kg;0,65;5,20;;;0,65;38503924;Hrana
PAŠTETA CEKIN PILEÆA 50 g;48182;Cekin;0,0500;kg;,79;15,80;;;0,73;3850159130069;Hrana
PAŠTETA CEKIN PILEÆA 100 g;48183;Cekin;0,1000;kg;1,05;10,50;;;1,06;3850159130076;Hrana
TARTUFATA ZIGANTE 80 g;48238;Zigante;0,0800;kg;10,99;137,38;;;10,98;3859889179201;Hrana
TARTUFI I VRGANJI ZIGANTE 80 g;48240;Zigante;0,0800;kg;13,29;166,13;;;13,29;3859889179300;Hrana
TARTUFI I ŠAMPINJ.ZIGANTE 80 g;48242;Zigante;0,0800;kg;6,39;79,88;;;6,99;3859889179409;Hrana
TARTUFI ZIGAN.CRNI CIJELI 25 g;48247;Zigante;0,0250;kg;14,99;599,60;;;14,99;3859889179010;Hrana
TARTUFI ZIGANTE CRNI SJEC.30 g;48248;Zigante;0,0300;kg;15,39;513,00;;;15,39;3859889179140;Hrana
SALAMA ZIMSKA NAR 100 g;48258;Pik;0,1000;kg;;25,90;2,59;2,79;2,79;3850139010480;Hrana
ŠUNKA KUHANA 125 g;48263;Pik;0,1250;kg;2,39;19,12;;;2,29;3850139360516;Hrana
LEDENI ÈAJ VINDI BRESKVA 2 L;48347;;2,0000;l;2,25;1,13;;;2,25;3850108071337;Piæa
NEKTAR VINDI JABUKA 2 L;48348;;2,0000;l;2,59;1,30;;;1,99;3850108078749;Piæa
VINO BLATO PLAVAC VRH.0,75 L;48372;;0,7500;L;10,99;14,65;;;12,69;3859888154339;Piæa
VINO BLATO POŠIP ZOI 0,75 L;48373;Blato 1902;0,7500;l;9,69;12,92;;;9,69;3859888154377;Piæa
MESNI NAREZAK PPK 100 g;48396;Ppk;0,1000;kg;0,79;7,90;;;0,89;3858881617056;Hrana
PUREÆE MLJEVENO MESO 500 g;48759;Vindon;0,5000;kg;5,49;10,98;;;5,49;3850339413043;Hrana
RIŽA SCOTTI CARNAROLI 1 kg;48871;Scotti;1,0000;kg;5,99;5,99;;;8,99;8001860010019;Hrana
UMAK KUHNE CHILI LJUTI 250 ml;48939;Kuehne;0,2500;l;2,49;9,96;;;3,29;40804835;Hrana
UMAK KUHNE ÈEŠNJAK 250 ml;48940;Kuehne;0,2500;l;2,59;10,36;;;3,29;40804972;Hrana
MARM.BONNE MAMAN NARANÈA 370 g;48941;Bonne Maman;0,3700;kg;4,99;13,49;;;5,59;3608580705161;Hrana
VINO PILATO MUŠKAT 0,5 L;49116;;0,5000;l;13,49;26,98;;;11,98;3859889192071;Piæa
VINO MARIJAN ARMA.MUŠK.0,50 L;49118;;0,5000;L;14,69;29,38;;;14,69;3859893024078;Piæa
BOMBON.AFTER EIGHT CLASS.200 g;49276;After Eight ;0,2000;kg;3,59;17,95;;;2,99;7613034937575;Hrana
VOSAK TAFT POWER 75 ml;49297;Taft;0,0750;L;4,49;59,87;;;4,39;9000100340373;Kozmetika
Palamida;49554;;1,0000;kg;10,49;10,49;;;10,49;93856024301155;Hrana
SOL KUHINJSKA TUZLA KAMEN.1 kg;50145;Tuzla;1,0000;kom;0,89;0,89;;;0,76;3870009000014;Hrana
Tikva butternut;50159;;1,0000;kg;;0,79;0,79;1,19;1,49;3858885877838;Hrana
DATULJE SEEBERGER BK 200 g;50321;Seeberger;0,2000;kg;;16,75;3,35;3,56;3,89;4008258252017;Hrana
SMOKVE SUHE SEEBERGER 200 g;50323;Seeberger;0,2000;kg;;20,95;4,19;4,49;4,29;4008258235003;Hrana
ŠLJIVE SUHE SEEBERGER 200 g;50324;Seeberger;0,2000;kg;;18,95;3,79;4,05;4,49;4008258324011;Hrana
BRUSNICE SEEBERGER 125 g;50325;Seeberger;0,1250;kg;;25,52;3,19;3,39;3,99;4008258185001;Hrana
VINA KOPER SLAT. MUŠKAT 0,75 L;50406;;0,7500;l;10,79;14,39;;;10,79;3830000700337;Piæa
PRALINE MON CHERI 52,5 g;50614;Ferrero;0,0525;kg;1,89;36,00;;;1,69;40084084;Hrana
Tikva hokaido crvena;50712;;1,0000;kg;1,29;1,29;;;1,09;3858885874981;Hrana
Tolstolobik odrezak ;50724;;1,0000;kg;5,79;5,79;;;5,79;3858889830303;Hrana
Smuð cijeli svježi;50730;;1,0000;kg;15,99;15,99;;;15,99;3858889830358;Hrana
Juneæa koljenica sk ossobuco;50756;SPAR marka kvalitete;1,0000;kg;14,99;14,99;;;12,99;;Hrana
Teleæe mljeveno meso;50768;SPAR marka kvalitete;1,0000;kg;16,59;16,59;;;16,59;;Hrana
PIVO HEINEKEN DRAUGHT KEG.5 L;50887;Heineken;5,0000;l;21,99;4,40;;;19,99;8712000025649;Piæa
Sabljarka file;51182;;1,0000;kg;22,49;22,49;;;22,49;93856024300332;Hrana
Orada ulov jadransko more;51275;;1,0000;kg;9,49;9,49;;;9,49;93856024301018;Hrana
MARAM.ZEWA DELUXE PERF.10X10/1;51357;Zewa;10,0000;kom;1,95;0,20;;;1,95;7322540061475;Toaletne potrepštine
Dunja rfs;51498;;1,0000;kg;2,29;2,29;;;1,99;3858885876466;Hrana
VINO ENJINGI PINOT SIVI 0,75 L;51832;;0,7500;L;11,99;15,99;;;11,22;3859892375089;Piæa
VINO ENJINGI SAU.KAS.B. 0,75 L;51834;;0,7500;l;14,49;19,32;;;13,92;3859892375249;Piæa
Hlap chix;52159;;1,0000;kg;42,99;42,99;;;49,99;93856024301766;Hrana
Hobotnica ;52168;;1,0000;kg;20,79;20,79;;;20,79;3856024300520;Hrana
WHISKY CHIVAS 12 YO 0,7L+2ÈAŠE;52175;Chivas Regal;0,7000;l;;42,84;29,99;32,99;33,02;5000299228661;Piæa
RAKIJA TRAVAR. PATRIK 0,5 L ;52355;Patrik;0,5000;l;11,99;23,98;;;11,99;3859890672227;Piæa
VINO MATUŠKO PLAV. MALI 0,75 L;52736;;0,7500;L;5,09;6,79;;;5,09;3859889396233;Piæa
VINO DINGAÈ MATUŠKO 0,75 L;52738;;0,7500;L;;21,32;15,99;21,02;21,02;3859889396127;Piæa
Kolaè Maðarica 450g;53003;;0,4500;kg;6,49;14,42;;;6,49;3859890208952;Hrana
SENF KREMSER MAUTNER MAR.200 g;53194;Mautner Markhof;0,2000;kg;1,99;9,95;;;1,15;9011900139647;Hrana
VANIL.ŠEÆ.DR.OETKER BURBON 10g;53232;Dr. Oetker;0,0100;kg;0,49;49,00;;;0,49;5997381337779;Hrana
WHISK.J.W.RED LABEL 0,7 L;53238;Johnnie Walker;0,7000;L;17,19;24,56;;;18,59;5000267014203;Piæa
LOSION LACTACYD DAILY 200 ml;53322;Lactacyd;0,2000;L;5,19;25,95;;;3,85;5391520943072;Toaletne potrepštine
VINO ANTUNOVIÆ POSTUP 0.75 L;53586;;0,7500;l;10,99;14,65;;;10,99;3859889063012;Piæa
ÈOKOLADA ZA KUHANJE SPAR 250 g;53593;SPAR;0,2500;kg;;12,56;3,14;4,49;4,49;9100000048321;Hrana
RIŽA MIX GALLO 3 VRSTE 800 g;53595;Gallo;0,8000;kg;5,39;6,74;;;5,39;8001420011296;Hrana
ÈAJ TEEKANE ZELENI CHAI 35 g;53599;Teekanne;0,0350;kg;2,49;71,14;;;2,49;5901086001002;Piæa
Šaran cijeli svježi;53649;;1,0000;kg;5,99;5,99;;;5,99;3858889830228;Hrana
PIVO PAUL.WEIS.DUNK.B.0,5 L;53912;Paulaner;0,5000;l;1,98;3,96;;;1,98;4066600941972;Piæa
ULOŠ.LIBRESSE NORMAL 20/1;54080;Libresse;20,0000;kom;1,99;0,10;;;1,99;7322541237275;Toaletne potrepštine
ULJE BLUE DRAGON SEZAM 150 ml;54106;Dragon;0,1500;L;5,29;35,27;;;5,99;5010338405205;Hrana
DVOPEK KLARA CLASSIC 225g;54107;Klara;0,2250;kg;2,99;13,29;;;2,79;3858881327528;Hrana
ÈOKOLADA VRUÆA CIOBAR 5/1;54121;Dr. Oetker;0,1250;kg;3,29;26,32;;;3,29;5997381334686;Piæa
SIR SALAKIS U SAL.PRESID.500 g;54144;President;0,5000;kg;7,99;15,98;;;7,69;3850355001651;Hrana
SIR SALAKIS U SAL.PRESID.250 g;54145;President;0,2500;kg;4,99;19,96;;;4,79;3850355001637;Hrana
NEKTAR SPAR ANANAS 50% 1 L;54153;SPAR;1,0000;l;1,89;1,89;;;1,89;9100000808628;Piæa
Lignja patagonijska;54261;;1,0000;kg;12,99;12,99;;;12,99;93856024300844;Hrana
LIKER PATRIK VIŠNJA 0,5 L;54382;;0,5000;l;13,22;26,44;;;13,22;3859890672364;Piæa
KUKURUZ ŠEÆERAC PODRAVKA 150 g;54426;Podravka;0,1400;kg;1,19;8,50;;;1,19;3850104221682;Hrana
ULOŠCI ALWAYS ULTRA NIGHT 14/1;54550;Always;14,0000;kom;3,45;0,25;;;3,45;8700216861052;Toaletne potrepštine
ULJE MASL.EKS.DJEV.BRACHIA 1 L;54679;;1,0000;L;;15,99;15,99;18,99;21,99;3859891526086;Hrana
KAVA FRANCK INST.BEZ KOF.100 g;54700;Franck;0,1000;kg;5,49;54,90;;;5,49;3850291055251;Piæa
ÈOKOLADNA RUM PLOÈICA 45 g ;55091;Kandit;0,0450;kg;0,75;16,67;;;0,75;3858881042186;Hrana
KAŠICA FRUTEK JAB.KEKS 190 g;55094;Fructal;0,1900;kg;1,05;5,53;;;1,75;3838945511391;Hrana
KAŠICA FRUTEK JAB.KEKS 120 g;55095;Fructal;0,1200;kg;1,26;10,50;;;1,26;3838945511353;Hrana
KAŠICA FRUTEK ŠLJIVA KRU.120 g;55096;Fructal;0,1200;kg;1,26;10,50;;;1,26;3838945511407;Hrana
SIR RIBANI SPAR 40 g ;55108;SPAR;0,0400;kg;1,09;27,25;;;1,09;3856021202964;Hrana
LOS.POS.BRIJ.FA SPORT 100 ml;55282;Fa;0,1000;L;5,99;59,90;;;6,19;4015000527453;Kozmetika
ÈOK.DORINA CIJELI LJEŠNJ.100 g;55297;Dorina;0,1000;kg;;18,90;1,89;2,29;1,89;3850102122073;Hrana
ÈAJ AGRISTAR MAJÈ.DUŠICA 30 g;55334;Agristar;0,0300;kg;1,69;56,33;;;1,69;3858886502739;Piæa
SALVETE 38X38cm,25/1 BIJELE;55374;;1,0000;kom;1,69;1,69;;;1,69;3870128001169;Proizvodi za kuæanstvo
SALVETE 38x38cm,25/1,PLAVE ;55378;;1,0000;kom;1,69;1,69;;;1,69;3870128001152;Proizvodi za kuæanstvo
SALVETE 38X38cm,25/1,ROZE ;55379;;1,0000;kom;1,69;1,69;;;1,69;3870128001176;Proizvodi za kuæanstvo
SALVETE 38X38cm,25/1,BEŽ ;55381;;1,0000;kom;1,69;1,69;;;1,69;3870128001183;Proizvodi za kuæanstvo
BRIJAÈ WILKINSON+5 PATRONA ;55555;Wilkinson;1,0000;kom;5,99;5,99;;;5,99;4027800015504;Kozmetika
VINO POSTUP ROSO 0,75 L;55620;;0,7500;l;12,09;16,12;;;12,09;3859888568303;Piæa
GAZ.PIÆE COCA-COLA ZERO 0,5 L;55622;Coca-Cola;0,5000;l;1,19;2,38;;;1,15;5449000131836;Piæa
GAZIRA.PIÆE COCA-COLA ZERO 2 L;55623;Coca-Cola;2,0000;l;2,35;1,18;;;2,29;5449000131843;Piæa
GAZ.PIÆE COCA-COLA ZERO 1 L;55677;Coca-Cola;1,0000;l;1,59;1,59;;;1,48;5449000133328;Piæa
KVASAC SVJEŽI DIGO 42 g;55837;Zvijezda;0,0420;kg;0,55;13,10;;;0,69;3858887683444;Hrana
ŽELATINA DOLCELA INSTANT 20 g;55865;Podravka;0,0200;kg;1,29;64,50;;;1,29;3850104227516;Hrana
ŽELATINA MLJEVENA PODRAV.10 g;55866;Podravka;0,0100;kg;0,89;89,00;;;0,89;3850104227523;Hrana
BRIJAÈ GILLETTE FUSION 2UP;55970;Gillette;1,0000;kom;13,49;13,49;;;13,19;7702018866946;Kozmetika
PATRONE GILLETTE FUSION 4/1;55987;Gillette;4,0000;kom;19,99;5,00;;;18,39;7702018867219;Kozmetika
PATRONE GILLETTE FUSION 4/1;55988;Gillette;4,0000;kom;;4,25;16,99;19,76;19,76;7702018866984;Kozmetika
ŽVAKE ORBIT WHITE SPEARMI.14 g;56044;Wrigley;0,0140;kg;0,99;70,71;;;0,99;42113164;Hrana
ÈAJ PODRAVKA BRUSNICA 40 g;56077;Podravka;0,0400;kg;1,95;48,75;;;1,92;3850104229169;Piæa
ZAÈ.PAPAR CR.MLJ.KOTANYI 50 g;56425;Kotanyi;0,0500;kg;3,99;79,80;;;3,44;9001414040409;Hrana
ZAÈ.PAPAR MJEŠ.KOTANYI 40 g;56426;Kotanyi;0,0400;kg;3,99;99,75;;;3,44;9001414040867;Hrana
ZAÈIN ÈEŠNJAK GRA.KOTANYI 70 g;56434;Kotanyi;0,0700;kg;3,29;47,00;;;2,99;9001414040218;Hrana
ZAÈ.PAP.ŠAR.MJEŠ.KOTANYI 16 g;56443;Kotanyi;0,0160;kg;1,72;107,50;;;1,72;9001414015117;Hrana
VRH.ZA KUH.MEGGLE 20%MM 500 ml;56557;Meggle;0,5000;L;3,29;6,58;;;3,39;3870085021835;Hrana
VINO KRAUTHAKER ROSE CUVEE 1L;56782;;1,0000;l;5,49;5,49;;;5,49;3859892481179;Piæa
LIKER BARUN ZVEÈEVO 0,70 L;56896;;0,7000;L;13,39;19,13;;;13,39;3858894171798;Piæa
BRANDY DOMAÆI ZVEÈEVO 35% 1 L;56906;;1,0000;L;10,65;10,65;;;10,65;3858894171262;Piæa
LIKER PELINKOVAC ZVEÈ. 28%1 L;57157;;1,0000;L;11,97;11,97;;;10,79;3858894170920;Piæa
ŠAMPINJONI PODRAV.REZ.400 g ;57378;Podravka;0,2200;kg;2,29;10,41;;;2,29;3850104257834;Hrana
DOD.JE.FANT SLAV.ÈOB.LJUTI 90g;57380;Podravka;0,0900;kg;1,39;15,44;;;1,39;3850104226786;Hrana
ŠAMP.GLISS KUR OIL NUT. 250 ml;57536;Gliss Kur;0,2500;L;4,29;17,16;;;4,29;9000100398435;Kozmetika
REG.GLISS KUR OIL NUT. 200 ml;57542;Gliss Kur;0,2000;L;4,69;23,45;;;4,69;9000100398572;Kozmetika
BOJA PALETTE  DE LUXE 400;57563;Palette;1,0000;kom;5,99;5,99;;;5,99;3838824176734;Kozmetika
LIKER ORAHOVAC HR 0,70L;57685;;0,7000;l;17,02;24,31;;;17,02;3850158406066;Piæa
KAŠICA HIPP MESNA 190 g;58277;Hipp;0,1900;kg;2,04;10,74;;;2,04;4062300266247;Hrana
VINO  PLAVAC GRGUREVIÆ 0,75 L;58339;;0,7500;l;10,22;13,63;;;10,22;3859891461035;Piæa
SLAD.KING KORNET ÈOK.VA-160 ml;58354;Ledo;0,1600;L;2,69;16,81;;;2,89;3850116815107;Hrana
RIŽOTO S PIL.I POV. LEDO 600 g;58364;Ledo;0,6000;kg;5,79;9,65;;;4,99;3850116813912;Hrana
VATA CIK-CAK TOSAMA 50 g;58402;Tosama;0,0500;kg;1,49;29,80;;;1,49;3838985292021;Toaletne potrepštine
HIGIJENSKI ULOŠCI VIR 80 10/1;58404;Vir;10,0000;kom;2,65;0,27;;;1,99;3838985022390;Toaletne potrepštine
BLAZINICE JASMIN NATURE 90/1;58420;Jasmin;90,0000;kom;1,95;0,02;;;1,95;3838985442105;Toaletne potrepštine
BLAZIN.ZA DOJENJE TOTO 30/1;58422;Toto;1,0000;kom;3,39;3,39;;;3,39;3838985170596;Toaletne potrepštine
Švargli Slavonski;58444;Ravliæ;1,0000;kg;7,89;7,89;;;7,89;3859892369040;Hrana
MLINAC PAPAR CRN.ZRNO NAD.35g;58653;Kotanyi;0,0350;kg;5,59;159,71;;;5,59;3858881586086;Hrana
ZAÈ.GRILL BARBECUE KOTAN.80 g;58667;Kotanyi;0,0800;kg;2,99;37,38;;;1,34;9001414003275;Hrana
ZAÈ.GRILL PILETINA KOTAN.80 g;58673;Kotanyi;0,0800;kg;2,99;37,38;;;1,34;9001414003299;Hrana
ZAÈ.GRILL POVRÆE KOTANYI 80 g;58674;Kotanyi;0,0800;kg;2,99;37,38;;;1,34;9001414003305;Hrana
ZAÈ.GRILL KOTLET KOTANYI 80 g;58676;Kotanyi;0,0800;kg;2,99;37,38;;;1,34;9001414003329;Hrana
KOMPOT PODRAV.VIŠNJA BK.680 g;58724;Podravka;0,3400;kg;3,09;9,09;;;3,19;3850104223518;Hrana
VINO JP CHENET SHIRAZ 0,75 L ;58819;;0,7500;L;5,99;7,99;;;5,49;3263289998711;Piæa
BRITVICE WILKINSON BEUTY 5/1;58897;Wilkinson;1,0000;kom;2,69;2,69;;;2,99;4027800518838;Kozmetika
TEQUILA OLMECA BLANCO 0,7 L;58951;;0,7000;L;20,89;29,84;;;20,32;0080432115251;Piæa
ÈAJ HIPP ZA DOJILJE 200 g;58953;Hipp;0,2000;l;4,77;23,85;;;4,77;9062300133421;Hrana
TP ZEWA BRESKVA AT.3SL.16/1;59036;Zewa;16,0000;kom;6,49;0,41;;;4,99;7322540201192;Toaletne potrepštine
PERECI BABY SPAR 200 g;59037;SPAR;0,2000;kg;0,79;3,95;;;1,14;9100000081205;Hrana
OME.FROSCH CVIJET PAMU.750 ml;59542;Frosch;0,7500;L;2,69;3,59;;;2,69;4009175193612;Sredstva za èišæenje
HRENOVKE VP 200 g ;59757;Gavrilovic;0,2000;kg;2,29;11,45;;;2,19;3858881224766;Hrana
NEKTAR FRUCTAL CRNI RIBIZ 1 L;59819;Fructal;1,0000;L;2,49;2,49;;;2,29;3838945509015;Piæa
VINO BENVENUT.MALVAZ.0,75 L ;60039;;0,7500;L;17,45;23,27;;;15,79;3857500050106;Piæa
PRIP.ZA ŠLAG CREME PA.25% 1 L;60061;Meggle;1,0000;L;3,99;3,99;;;3,99;4034900027733;Hrana
STOCK 84 0,7 L;60285;Stock;0,7000;l;15,02;21,46;;;12,99;8000440396390;Piæa
JOGURT VOÆ.DUKATINO MIX 125 g;60290;Dukat;0,1250;kg;0,59;4,72;;;0,59;3850354001782;Hrana
SRED.SANIT.ORIG.CIT.FR.750 ml ;60293;Sanitar;0,7500;L;2,45;3,27;;;2,25;3850111502743;Sredstva za èišæenje
SRE.SANIT.ORIG.FOREST F.750 ml;60294;Sanitar;0,7500;L;2,45;3,27;;;2,25;3850111502736;Sredstva za èišæenje
KLOPKA RAID ZA ŽOHARE 1/1;60324;Raid;1,0000;kom;4,99;4,99;;;5,59;5000204332261;Proizvodi za kuæanstvo
MESNI NAREZAK GALA 150 g;60428;Gavrilovic;0,1500;kg;1,45;9,67;;;1,45;3858881224193;Hrana
ULOŠ.ULT.NOR.S KRIL.NATUR.10/1;60499;Naturella;10,0000;kom;1,55;0,16;;;1,55;4015400125037;Toaletne potrepštine
ULO.NATURELLA UL.NOR.KRIL.20/1;60501;Naturella;20,0000;kom;2,45;0,12;;;2,45;8001090585592;Toaletne potrepštine
TRAKE ZA DEP.VEET C.WAX 20/1;60597;Veet;20,0000;kom;8,09;0,40;;;7,49;5997321774732;Kozmetika
VINO GRAŠEV.KUTJEVO 0,75 L;60631;;0,7500;l;;8,39;6,29;7,79;7,79;3850156001133;Piæa
KAKAO NESQUIK SIRUP 403 g;60646;Nesquik;0,4030;kg;5,79;14,37;;;5,79;9002100023874;Hrana
UMAK DESPAR RAJÈ.BOS.400 g ;60656;Despar;0,4000;kg;2,19;5,48;;;2,25;8001300223115;Hrana
UMAK DESPAR ARRABBIATA 400 g;60657;Despar;0,4000;kg;2,19;5,48;;;2,25;8001300223122;Hrana
MASLINE KALAMATA SPAR BK 350 g;60660;SPAR;0,1850;kg;2,99;16,16;;;2,99;9100000078823;Hrana
MASLINE CRNE SPAR B.K. 225 g;60666;SPAR;0,1050;kg;1,69;16,10;;;1,69;9100000078700;Hrana
OCAT BALSAM.DESPAR 500 ml;60678;Despar;0,5000;l;2,49;4,98;;;1,79;8001300101772;Hrana
DJEÈJI VL.TOAL.PAP.LOVELY 60/1;60726;Lovely;60,0000;kom;1,29;0,02;;;1,49;9100000700434;Toaletne potrepštine
Svinjske kosti s mesom;60758;;1,0000;kg;1,99;1,99;;;1,99;3850139446142;Hrana
KOKICE SPAR SLANE 100 g;60898;SPAR;0,1000;kg;0,49;4,90;;;0,49;9100000754642;Hrana
KOKICE SPAR ZA MIKROVAL. 300 g;60899;SPAR;0,3000;kg;1,39;4,63;;;1,29;9100000754666;Hrana
KOKICE SPAR LIGHT 270 g;60900;SPAR;0,2700;kg;1,39;5,15;;;1,39;9100000754703;Hrana
Kobasica pariška;60910;Gavrilovic;1,0000;kg;10,79;10,79;;;8,79;3858881229082;Hrana
Kobasica tirolska;60911;Gavrilovic;1,0000;kg;10,99;10,99;;;12,59;3858881229075;Hrana
VINO ŽDREPÈEVA KRV 1 L;61039;;1,0000;l;;3,39;3,39;4,28;4,28;8600102938076;Piæa
Šunka suha Andro;61062;Andro;1,0000;kg;17,99;17,99;;;29,99;3858892820230;Hrana
SUHI VRGANJI 50 g;61063;;0,0500;kg;7,99;159,80;;;6,63;3859891224609;Hrana
SUHE TRUBAÈE 30 g;61064;;0,0300;kg;5,29;176,33;;;5,29;3859891224630;Hrana
SUHE LISIÈARKE 50 g;61065;;0,0500;kg;7,99;159,80;;;7,99;3859891224593;Hrana
MIRIS.VREÆICE LAVAND.CVIJ.20 g;61270;Luxor;1,0000;kom;2,49;2,49;;;2,49;3858881584013;Sredstva za èišæenje
ŠLAG TEK.DOLCELA BILJNI 0,5 L;61292;Dolcela;0,5000;L;2,19;4,38;;;2,19;3850104230578;Hrana
ŠEÆ.SMEÐI BILINGTON DARK 500 g;61382;Billington´S;0,5000;kg;3,59;7,18;;;3,59;5010651001313;Hrana
LIMUNOV SOK REALEMON 250 ml;61383;Realemon;0,2500;l;2,89;11,56;;;2,89;5410233710822;Hrana
GEL ÈIŠ.LIC.3U1 SN PURE 150 ml;61405;LOREAL;0,1500;L;6,99;46,60;;;6,99;3600540565402;Kozmetika
LIMETA SOK REALIME 250 ml;61411;Realime;0,2500;l;2,89;11,56;;;2,89;5410233740829;Hrana
LIMUNOV SOK REALEMON 500 ml;61412;Realemon;0,5000;l;4,49;8,98;;;4,51;5410233711829;Hrana
KUS KUS TIPIAK INSTANT  500 g;61413;Tipiak;0,5000;kg;2,99;5,98;;;4,09;3165440007082;Hrana
BULGUR PŠENICA 500 g;61432;Tipiak;0,5000;kg;4,19;8,38;;;5,49;3165440009260;Hrana
SVJEŽE TIJ. PIZZA WEWAL.400 g;61452;Stanic;0,4000;kg;1,99;4,98;;;1,99;9001536024219;Hrana
TEK.SAP.PAL.MILK&HONEY 750 ml;61465;Palmolive;0,7500;L;4,55;6,07;;;4,55;8693495008297;Kozmetika
ŠAM.SCHAUMA REGENERACI.400 ml;61524;Schauma;0,4000;L;2,99;7,48;;;2,79;3838824138923;Kozmetika
VINO CHARD.VRH.ERDUT 0,75 L;61575;;0,7500;l;10,52;14,03;;;10,52;3859889193573;Piæa
POLI NAREZAK 150 g;61595;Poli;0,1500;kg;1,99;13,27;;;1,99;3838977012897;Hrana
BOMBONI NEGRO MINT 100 g;61625;Negro;0,1000;kg;0,79;7,90;;;0,79;5310002360749;Hrana
DRESSI.DEVELEY COCKTAIL 75 ml ;61631;Develey;0,7500;L;0,79;1,05;;;0,79;4006824008013;Hrana
DRESS.DEVELEY ULJE I OC.75 ml ;61632;Develey;0,0750;l;0,79;10,53;;;0,79;4006824018180;Hrana
DES.DUKATIN.ÈOKO LJEŠ.4X62,5 g;61676;Dukat;0,2500;kg;1,99;7,96;;;1,99;3850354003854;Hrana
ZAÈ.PAPAR ZELEN.KOTANYI 100 g;61868;Kotanyi;0,1000;kg;7,79;77,90;;;7,79;9001414050026;Hrana
ZAÈ.PAPAR BIJELI KOTANYI 52 g;61878;Kotanyi;0,0520;kg;4,49;86,35;;;3,99;9001414003237;Hrana
ZAÈIN KIM CIJELI KOTANYI 28 g;61882;Kotanyi;0,0280;kg;1,39;49,64;;;1,29;9001414015308;Hrana
VINO KAIKEN ESTATE MAL.0,75 L ;62028;;0,7500;L;;9,32;6,99;9,22;8,99;7804303555013;Piæa
VINO KAIKEN CABER.SAUVI.0,75 L;62029;;0,7500;L;;9,32;6,99;9,22;9,22;7804303555006;Piæa
DRESS.DEVELEY BALSAMICO 75 ml ;62098;Develey;0,0750;L;0,79;10,53;;;0,79;4006824018067;Hrana
TJ.TALIANETTA UM.GLJIVE 140 g;62365;Podravka;0,1400;kg;2,49;17,79;;;2,49;3850104230967;Hrana
TJ.TALIANETTA CARBONARA 160 g;62366;Podravka;0,1600;kg;2,49;15,56;;;2,49;3850104230943;Hrana
VODKA COSMOPOLITAN MARASKA 1 L;62423;Maraska;1,0000;l;11,99;11,99;;;11,52;3850158409005;Piæa
VODKA MARASKA 0,1 L;62424;;0,1000;l;1,69;16,90;;;1,69;3850158409104;Piæa
VINO I LAMBRUSCO GINA 0,75 L;62535;Gina;0,7500;L;3,22;4,29;;;3,22;8009620202483;Piæa
VINO H.BIN 343 CA/SH 0,75 L ;62538;Weingut Schloss Fels;0,7500;l;5,02;6,69;;;5,02;9311043093302;Piæa
TJEST.TALIANETTA 4 SIRA 145 g;62752;Podravka;0,1450;kg;2,49;17,17;;;2,49;3850104231025;Hrana
TJ.TALIANETTA NAPOLITANA 160 g;62753;Podravka;0,1600;kg;2,49;15,56;;;2,49;3850104230981;Hrana
TJ.TALIANETTA BOLOGNESE 160 g;62754;Podravka;0,1600;kg;2,49;15,56;;;2,49;3850104230950;Hrana
SOJA PUDING ALP.VANIL.4X125 g;62781;Alpro;0,5000;kg;3,69;7,38;;;3,69;54051140;Piæa
VINO CAB.SAU.MONTES RE.0,75 L ;62804;;0,7500;L;9,32;12,43;;;9,32;7804303271142;Piæa
VINO MERLOT MONTES RESE.0,75 L;62806;;0,7500;L;9,32;12,43;;;9,32;7804303271166;Piæa
RIŽA SPAR PARBOILED 1 kg;62880;SPAR;1,0000;kg;2,49;2,49;;;2,79;9100000863009;Hrana
ŽITARICE SPAR MED 500 g;62883;SPAR;0,5000;kg;2,99;5,98;;;2,99;9100000783505;Hrana
DŽEM SPAR EXTRA VIŠNJA 450 g;62886;SPAR;0,4500;kg;2,79;6,20;;;2,79;9100000967806;Hrana
DŽEM SPAR EXTRA MARELICA 450 g;62887;SPAR;0,4500;kg;2,79;6,20;;;2,79;9100000967967;Hrana
DŽEM SPAR EXTRA JAGODA 450 g;62888;SPAR;0,4500;kg;2,79;6,20;;;2,79;9100000967929;Hrana
MARM.SPAR EXTRA NARANÈA 450 g;62897;SPAR;0,4500;kg;2,79;6,20;;;2,79;9100000967868;Hrana
PEKMEZ SPAR ŠLJIVA 440 g;62898;SPAR;0,4400;kg;2,79;6,34;;;2,79;9100000985909;Hrana
ŽITNA KAŠICA ÈOKOLINO 200 g;63024;Èokolino;0,2000;kg;2,59;12,95;;;2,59;3850104230011;Hrana
ŽITNA KAŠICA GRISOLINO 200 g;63027;Lino;0,2000;kg;2,34;11,70;;;2,19;3850104230035;Hrana
NAMAZ ST.DALFOUR NARANÈA 284 g;63028;St Dalfour;0,2840;kg;4,59;16,16;;;4,69;3492390007429;Hrana
ŽITNA KAŠICA KEKSOLINO 200 g;63029;Keksolino;0,2000;kg;2,49;12,45;;;2,59;3850104230066;Hrana
VINO PLAVAC MALI MAD.KV 0,75 L;63292;;0,7500;l;10,49;13,99;;;10,49;3859889833035;Piæa
ŽITNA KAŠICA MEDOLINO 200 g;63649;Lino;0,2000;kg;2,59;12,95;;;2,39;3850104430084;Hrana
ŽITNA KAŠICA FRUTOLINO 200 g;63650;Lino;0,2000;kg;2,59;12,95;;;2,59;3850104230073;Hrana
ŽITNA KAŠICA KEKSOLINO 500 g;63717;Keksolino;0,5000;kg;4,99;9,98;;;4,99;3850104218804;Hrana
Paprika crvena rog rfs;63726;;1,0000;kg;2,49;2,49;;;3,99;3858885877005;Hrana
ŠTAPIÆI KVIKI MAXI S KIK.190 g;63780;Kviki;0,1900;kg;;6,47;1,23;1,54;1,54;3850104235283;Hrana
Kolaè princ.kraf.130 g;63788;;0,1300;kg;1,55;11,92;;;1,55;3859893089329;Hrana
JOG.KREM STRACC.EUFORIJA 150 g;63797;Freska;0,1500;kg;0,95;6,33;;;0,95;3850108037630;Hrana
JOG.KREM EUFO.CRISPY MIX 150 g;63799;Freska;0,1500;kg;0,95;6,33;;;0,95;3850108037722;Hrana
NAPITAK ALPRO SOJA VANIL.1 L;64076;Alpro;1,0000;l;4,09;4,09;;;4,09;5411188081852;Piæa
ÈAJNI KOLUTIÆI KRAŠ 800 g;64078;Kraš;0,8000;kg;3,89;4,86;;;2,99;3850120700079;Hrana
ZUB.È.AQUAFRESH CLEAN 1+1;64120;Aquafresh;1,0000;kom;3,49;3,49;;;2,79;5054563931870;Kozmetika
VINO CHARDON.MONTES RE.0,75 L ;64126;;0,7500;L;9,09;12,12;;;9,32;7804303271159;Piæa
VOÆ.NEKTAR BRUSNICA-ARON. 1 L;64158;Juicy;1,0000;l;2,89;2,89;;;2,69;3858890970630;Piæa
VINO VRH.GRAŠEVINA BELJE 0,75L;64177;;0,7500;l;;11,99;8,99;11,02;11,02;3850257019051;Piæa
METLA SOB.DUACTIVA VILEDA;64216;;1,0000;kom;23,99;23,99;;;23,99;4023103095755;Proizvodi za kuæanstvo
NAPITAK ALPRO SOJA VAN.250 ml;64327;Alpro;0,2500;l;1,59;6,36;;;1,59;5411188082620;Piæa
NAPITAK ALPRO SOJA ÈOKO.250 ml;64329;Alpro;0,2500;l;1,59;6,36;;;1,59;5411188082637;Piæa
SLADILO SUSSINA 39 g;64330;Sussina;0,0390;kg;2,19;56,15;;;2,19;90125072;Hrana
EXTRAWURST VINDVAC 250 g;64410;Cekin;0,2500;kg;2,29;9,16;;;2,29;3850159122132;Hrana
ŽITNA KAŠICA KARAMELINO 200 g;64735;Lino;0,2000;kg;2,49;12,45;;;2,49;3850104230042;Hrana
VINO BABIÆ PILI.-BAR.0,75 L ;64761;;0,7500;l;13,99;18,65;;;12,22;3859892261030;Piæa
CROISSANT BAULI KAKAO 300 g;65063;Bauli;0,3000;kg;3,79;12,63;;;3,79;8001720645825;Hrana
ALUMINIJSKA FOLIJA 20m;65331;;1,0000;kom;4,99;4,99;;;4,99;5949509000058;Proizvodi za kuæanstvo
VINO DU.POD.RAG.CRNO 0,75 L;65368;;0,7500;l;4,81;6,41;;;4,81;3859890164173;Piæa
UNI.SRED.AJAX LILAC BREEZE 1 L;65419;Ajax;1,0000;L;3,69;3,69;;;3,69;8718951278516;Sredstva za èišæenje
KRUMPIR LIÈKI 2,5 kg;65486;;2,5000;kg;3,99;1,60;;;3,99;3859889293273;Hrana
ÈOK.ROCHER FERRERO T4X16 50 g;65505;Ferrero;0,0500;kg;2,09;41,80;;;1,89;80177043;Hrana
Svinjski bubreg HR;65533;;1,0000;kg;1,99;1,99;;;1,99;3858881613485;Hrana
UMAK CHIO TORTILLA SALSA 200 g;65546;Chio;0,2000;kg;3,49;17,45;;;3,49;4001242108222;Hrana
UMAK SOJA KIKKOMAN MARIN.250 g;65551;Kikkoman;0,2500;kg;6,79;27,16;;;6,79;8715035210301;Hrana
TORTILLAS LA FIESTA CORN 320 g;65552;Casa Fiesta;0,3200;kg;2,99;9,34;;;2,99;5412514934958;Hrana
ÈOKOLADA DORINA RIŽA 220 g;65681;Dorina;0,2200;kg;2,99;13,59;;;4,49;3850102123452;Hrana
ÈOKOLADA DORINA RIŽA 75 g ;65682;Dorina;0,0750;kg;1,89;25,20;;;1,89;3850102123681;Hrana
VLAŽ..TOA.PAP.LOVELY 60/1;65684;Lovely;60,0000;kom;1,29;0,02;;;1,29;9100000948492;Toaletne potrepštine
MASLINE ZELEN.OLICOOP BK 450 g;66019;Olicoop;0,2270;kg;4,09;18,02;;;4,09;8410522004776;Hrana
MASLINE CRNE OLICOOP BK 450 g;66022;Olicoop;0,2270;kg;4,09;18,02;;;4,09;8410522004813;Hrana
PRŠUT REZANI VP;67059;;1,0000;kg;38,29;38,29;;;38,29;3859892733056;Hrana
LIKER AMARO RAMAZZOTTI 0,7 L;67115;;0,7000;L;12,99;18,56;;;11,97;8006550301040;Piæa
KEKS GRANCEREALE ÈOKOLAD.230 g;67326;Mulino;0,2300;kg;2,79;12,13;;;2,79;8076809540155;Hrana
IN.KAVA JACOBS 3U1 MILKA 18 g;67328;Jacobs;0,0180;kg;0,45;25,00;;;0,45;8711000532744;Piæa
BOJA PALETTE  DE LUXE 555;67604;Palette;1,0000;kom;5,99;5,99;;;5,99;3838824176796;Kozmetika
VAFLI MANNER BOŽIÆNI 150g;68079;;0,1500;kg;;19,93;2,99;3,99;3,89;9000331647098;Hrana
SIR SVJEŽI VARAŽDINSKI 800 g;68107;Vindija;0,8000;kg;4,99;6,24;;;4,99;3850108058420;Hrana
VINO BARON D ARIGNAC 0,75 L;68249;;0,7500;l;3,59;4,79;;;3,59;3263286314989;Piæa
WC NET ENERGY AKT.ULOŽAK 38 g;68307;Wc Net;1,0000;kom;;1,59;1,59;2,79;2,79;8004050096398;Sredstva za èišæenje
PIRE KRUMPIR SPAR 230 g;68900;SPAR;0,2300;kg;1,79;7,78;;;1,79;9100000045658;Hrana
TJES.NATUR PUR TORI PISA 500 g;69209;Natur pur;0,5000;kg;1,72;3,44;;;1,72;9100000156200;Hrana
SOK NATUR PUR POVRTNI 0,75 L;69214;Natur pur;0,7500;l;2,39;3,19;;;2,36;9100000115238;Piæa
SOK NATUR PUR MRKVA 0,75 L;69221;Spar Natur pur;0,7500;l;2,39;3,19;;;2,32;9100000028026;Piæa
SOK NATUR PUR CIKLA BIO 0,75 L;69229;Spar Natur pur;0,7500;l;2,39;3,19;;;2,35;9100000027999;Piæa
SOK NATUR PUR RAJÈICA 0,75 L;69230;Spar Natur pur;0,7500;l;2,19;2,92;;;2,19;9100000115184;Piæa
ULOŠ.ALWAYS ULT.S.PL.DUO 2X8;69360;Always;16,0000;kom;3,45;0,22;;;3,45;8700216861069;Toaletne potrepštine
ULOŠ.ALWAYS ULT.NOR.DUO 2X10;69369;Always;20,0000;kom;3,49;0,17;;;3,49;8700216171311;Toaletne potrepštine
VINO ZL.ŽLAHTI.GRA.CRU 0,75 L;70256;;0,7500;l;15,29;20,39;;;15,29;3859889467032;Piæa
VINO ERDUT GRAŠEVINA VRH.0,75L;70258;;0,7500;L;9,49;12,65;;;9,49;3859889193597;Piæa
RAJÈ.SJECK.PODRAVKA LIM.400 g;70530;Podravka;0,4000;kg;1,89;4,73;;;1,99;3850104238802;Hrana
TJEST.RAGUSA PUŽIÆI 65 400 g;70541;Paradiso;0,4000;kg;1,59;3,98;;;1,59;3859889154055;Hrana
TJEST.RAGUSA VALVICE 400 g;70542;Paradiso;0,4000;kg;2,19;5,48;;;2,38;3859890765134;Hrana
TJEST.RAGUSA REZANCI EX.400 g;70544;Paradiso;0,4000;kg;2,19;5,48;;;2,38;3859889154611;Hrana
ŠAMP.H&S CITRUS FRESH 400 ml ;70657;Head&Shoulders;0,4000;L;6,19;15,48;;;6,19;5011321336032;Kozmetika
ŠAMPON H&S ÈISTA I 400 ml ;70659;Head&Shoulders;0,4000;L;6,19;15,48;;;6,19;5011321336049;Kozmetika
ŠAMP.H&S HIDRATIZIRANA 400 ml ;70660;Head&Shoulders;0,4000;L;6,19;15,48;;;6,19;5011321336063;Kozmetika
ŠAMPON H&S SENSITIVE 400 ml ;70664;Head&Shoulders;0,4000;L;6,19;15,48;;;6,19;5011321336124;Kozmetika
ÈAJ SPAR ŠIPAK 20/1 56 g;70680;SPAR;0,0560;kg;1,79;31,96;;;1,69;9100100122051;Piæa
ÈAJ SPAR MENTA 20/1 40 g;70686;SPAR;0,0400;kg;1,79;44,75;;;1,69;9100100122105;Piæa
ÈAJ SPAR KAMILICA 20/1 28 g;70689;SPAR;0,0280;kg;1,79;63,93;;;1,69;9100100132562;Piæa
ÈAJ SPAR VOÆNI 20/1 40 g;70691;SPAR;0,0400;kg;1,79;44,75;;;1,69;9100100122259;Piæa
VINO PERŠURIÆ M.MALVAZ.0,75 L;70813;;0,7500;L;10,49;13,99;;;7,99;3859890165019;Piæa
VINO ROSSI MALVAZIJA 0,75 L ;70814;;0,7500;L;15,99;21,32;;;17,29;3859891585014;Piæa
PAŠTETA ARGETA KOKOŠ.PIK.95 g;70817;Argeta;0,0950;kg;1,49;15,68;;;1,39;3838471007382;Hrana
SIR EMMENTAL PRESIDENT 250 g;70848;President;0,2500;kg;5,59;22,36;;;5,59;3228023910039;Hrana
SIR GORGONZOLA GALBANI 150 g;70849;Galbani;0,1500;kg;3,89;25,93;;;3,79;8000430058765;Hrana
VINO LUKAÈEVIÆ GRAŠEVINA 1 L;70868;;1,0000;l;4,89;4,89;;;4,89;3859892543280;Piæa
ZOB.PAHULJICE S-BUDGET 500 g;70882;S-Budget;0,5000;kg;0,79;1,58;;;0,79;9100000027203;Hrana
SPRAY OUST 3U1 400 ml ;70957;Oust;0,4000;L;3,99;9,98;;;3,99;5000204307542;Sredstva za èišæenje
Sir Dragec dimljeni;70958;Euro Milk;1,0000;kg;16,79;16,79;;;15,99;3859889770750;Hrana
Vrh.kiselo 20%mm;70966;Euro Milk;1,0000;kg;4,89;4,89;;;4,89;3859889770170;Hrana
ŠAMPON H&S ZA PUNOÆU 400 ml;71358;Head&Shoulders;0,4000;L;6,19;15,48;;;6,19;4084500610668;Kozmetika
ŠAM.H&S HLADI I OSVJEŽ.400 ml;71361;Head&Shoulders;0,4000;L;6,19;15,48;;;6,19;5011321336094;Kozmetika
VINO SKARAM.DINGAÈ BQ 0,75 L;71500;;0,7500;l;22,39;29,85;;;22,39;3859888214316;Piæa
PUDING ÈOK.DR.OETKER 49 g(3+1);71623;Dr. Oetker;0,1470;kg;2,37;16,12;;;2,37;5997381375658;Hrana
PUDING VAN.DR.OETKER 38 g(3+1);71624;Dr. Oetker;0,1140;kg;2,37;20,79;;;2,37;5997381375627;Hrana
ÈOKOLADA DORINA JAFFA 100 g;71829;Kraš;0,1000;kg;1,49;14,90;;;1,99;3850102123827;Hrana
Pastrva kalifornijska oèišæena;71868;;1,0000;kg;7,29;7,29;;;7,29;;Hrana
JOGO VOÆNI JAGODA-BRESK.150 g;71973;Dukat;0,1500;kg;0,59;3,93;;;0,59;3850354003526;Hrana
BEZ ALK.PIÆE  FIS NARANÈA 2 L;72111;;2,0000;l;1,89;0,95;;;1,95;3850108072846;Piæa
LABELLO CHERRY SHINE 4,8 g;72113;Labello;1,0000;kom;;1,49;1,49;1,99;3,49;9005800362946;Kozmetika
MLIJEKO UHT 2,8% Z BREGOV 2 L;72159;Vindija;2,0000;L;1,78;0,89;;;2,04;3850108020656;Hrana
SIR I VRHNJE DUKAT 200 g ;72177;Dukat;0,2000;kg;1,99;9,95;;;1,99;3850355000845;Hrana
JUHA KREM OD VRGANJA PODR.60 g;72224;Podravka;0,0600;kg;1,39;23,17;;;1,39;3850104214653;Hrana
TORTELLINI ALIBERT PRŠUT 250 g;72265;Alibert;0,2500;kg;2,39;9,56;;;2,39;8008450991093;Hrana
VRH.KIS.DOMAÆE 25% ZBREG.300 g;72278;Vindija;0,3000;kg;1,99;6,63;;;1,89;3850108036480;Hrana
BEZ ALK.PIÆE SOK FIS JAB. 2 L;72302;;2,0000;l;1,89;0,95;;;1,95;3850108072839;Piæa
DEO STICK AXE DARK TEMPT.50 ml;72309;Axe;0,0500;L;2,99;59,80;;;4,59;8717644326671;Kozmetika
DEO SPRAY AXE TEMPTAT.150 ml;72310;Axe;0,1500;L;4,89;32,60;;;4,55;8717644277379;Kozmetika
KRUH WASA DELIKATES 270 g;72342;Wasa;0,2700;kg;2,89;10,70;;;2,89;7300400117951;Hrana
KRUH  WASA SEZAM 200 g;72343;Wasa;0,2000;kg;2,89;14,45;;;2,89;7300400112734;Hrana
MALINA 125 g;73008;;0,1250;kg;1,99;15,92;;;2,59;8425402234938;Hrana
SOLNA KISELINA 9% 1 L;73274;Meteor;1,0000;l;1,75;1,75;;;1,59;3859890222675;Sredstva za èišæenje
ŠAMPON SCHAUMA KIDS 250 ml;73284;Schauma;0,2500;L;3,49;13,96;;;4,35;3838824167664;Kozmetika
VINO CASILLERO CAB.SAUV.0,75 L;73288;;0,7500;l;10,02;13,36;;;10,02;7804320303178;Piæa
SAFALADA 300 g ;73297;Gavrilovic;0,3000;kg;2,85;9,50;;;2,79;3858881225916;Hrana
INSTANT KAVA FRANCK 2U1 15 g;73415;Franck;0,0150;kg;0,35;23,33;;;0,39;3858881083622;Piæa
INST.MJEŠ.ZA KAV.FRAN.3U1 18 g;73416;Franck;0,0180;kg;0,35;19,44;;;0,39;3858881083646;Piæa
CAPPUCCINO FRANCK CLAS. 200 g;73419;Franck;0,2000;kg;3,59;17,95;;;3,29;3858881083615;Piæa
INDIJSKI ORA.PRŽ.NUTLINE 125 g;73427;Nutline;0,1250;kg;3,69;29,52;;;3,29;3800048188657;Hrana
BADEM PRŽENI NUTLINE 125 g;73430;Nutline;0,1250;kg;3,29;26,32;;;2,99;5941445676212;Hrana
TRAKE ZA DEPIL.TIJ.ÈUPKO 16/1;73443;Cupko;16,0000;kom;4,79;0,30;;;4,89;3859888495500;Kozmetika
GIN FINSBURRY DRY 0,70L;73496;;0,7000;l;14,29;20,41;;;13,99;4062400111218;Piæa
MLI.LAG.JUT.1,5%M.M.DUKAT 1 L ;73506;Dukat;1,0000;L;1,99;1,99;;;1,99;3850354017103;Hrana
Lignja južnoafrièka;73518;;1,0000;kg;24,99;24,99;;;24,99;93856024300837;Hrana
SALATA FRANCUSKA ZVIJEZDA 1 kg;73586;Zvijezda;1,0000;kg;5,99;5,99;;;5,99;3858882216494;Hrana
BRIJAÈ GILLETTE VENUS 2UP;73919;Gillette;1,0000;kom;8,59;8,59;;;8,59;7702018886166;Kozmetika
VINO CECCHI CHIANTI DO. 0,75 L;74034;;0,7500;L;9,59;12,79;;;10,62;8006030002412;Piæa
PATRONE VENUS BREEZE 4S;74099;Secret;1,0000;kom;19,29;19,29;;;19,89;7702018886364;Kozmetika
BOJA ZA KOSU CASTING 600 ;74194;LOREAL;1,0000;kom;7,99;7,99;;;6,59;3600521372807;Kozmetika
BOJA ZA KOSU CASTING 535;74200;LOREAL;1,0000;kom;7,99;7,99;;;6,59;3600521372777;Kozmetika
BOJA ZA KOSU CASTING 400 ;74202;LOREAL;1,0000;kom;7,99;7,99;;;6,59;3600521370865;Kozmetika
BOJA ZA KOSU CASTING 300;74203;LOREAL;1,0000;kom;7,99;7,99;;;6,59;3600521372692;Kozmetika
ŽICA INOX 2/1;74327;;2,0000;kom;1,89;0,95;;;1,89;3859888122512;Proizvodi za kuæanstvo
KAVA NATUR PUR BIO 250 g;74456;Natur pur;0,2500;kg;5,99;23,96;;;3,99;9100100001554;Piæa
SLAD.QUATTRO FANTASY 1650 ml;74504;Ledo;1,6500;l;7,49;4,54;;;7,49;3850116036144;Hrana
VREÆE ZA SMEÆE BEZ VEZ.LD 10/1;74573;;10,0000;kom;2,29;0,23;;;1,99;3859891367825;Proizvodi za kuæanstvo
VREÆE ZA SMEÆE S VEZ.HD 15/1;74575;;15,0000;kom;1,49;0,10;;;1,34;3859891367849;Proizvodi za kuæanstvo
LIKER ANTIQUE PEL.BADEL  0,7 L;74588;Badel;0,7000;l;17,02;24,31;;;15,39;3850112110572;Piæa
DEO SP.NIVEA  DOUBLE EF.150 ml;74646;Nivea;0,1500;L;2,99;19,93;;;4,99;4005808735495;Kozmetika
ÈOKOLADNO JAJE PINGVIN 20 g;74675;Mickeys;0,0200;kg;1,29;64,50;;;1,39;80710196;Hrana
ÈOKOLADNO JAJE BARBIE 20 g;74677;Frozen;0,0200;kg;1,29;64,50;;;1,39;80712756;Hrana
LOSION NIVEA SUN ZF6 200ml;74834;Nivea;0,2000;L;10,99;54,95;;;10,99;4005900247186;Kozmetika
AUTAN TARME PR.MOLJACA 2/1;74872;Autan;2,0000;kom;7,69;3,85;;;7,69;8002030146040;Proizvodi za kuæanstvo
MRVICE KARAMEL,VAN.KOTANY 53 g;74896;Kotanyi;0,0530;kg;3,49;65,85;;;3,44;9001414004890;Hrana
ULJE MASLIN.EX.DJE.LOŽIŠÆE 1 L;75121;Trenton;1,0000;L;15,99;15,99;;;17,99;3859888906648;Hrana
Èajna kobasica;75197;Gavrilovic;1,0000;kg;17,99;17,99;;;14,99;3858892725627;Hrana
FLIPS BOBI DUOPACK 180 g;75238;Bobi;0,1800;kg;1,99;11,06;;;1,69;3858891590325;Hrana
Šunka u ovitku Sljeme;75307;Sljeme;1,0000;kg;9,99;9,99;;;9,89;3850139613117;Hrana
ŠTAPIÆ ŠARENI ÈUNGA LUNGA 28 g;75312;Cunga Lunga;0,0280;kg;0,69;24,64;;;0,79;5310089004130;Hrana
PRIP.ZA ŠLAG CREME PATI.500 ml;75483;Meggle;0,5000;L;2,19;4,38;;;1,99;4034900027757;Hrana
VODA STUDENA SPORT. ÈEP 0,5 L;75780;;0,5000;l;,84;1,68;;;0,84;3856022300300;Piæa
SOL KUHINJ. TUZLA SITNA 250 g ;75807;Tuzlanska Sol;0,2500;kg;0,99;3,96;;;0,99;3870009000144;Hrana
ZAÈIN MJ.VEGETA PODRAVKA 150 g;75810;Podravka;0,1500;kg;1,99;13,27;;;1,99;3850104226212;Hrana
HRA.ZA MAÈ.GOUR.GOLD RIBA 85 g;75843;Gourmet Gold;0,0850;kg;0,89;10,47;;;0,92;7613036365284;Proizvodi za kuæanstvo
HRA.ZA MAÈ.GOU.GO.GOV.PIL.85 g;75844;Gourmet Gold;0,0850;kg;0,89;10,47;;;0,92;7613032816766;Proizvodi za kuæanstvo
PJENA TAFT POWER CASH.200 ml;75866;Taft;0,2000;L;4,59;22,95;;;3,89;9000100477789;Kozmetika
SIRUP BIO NATUR PUR MAL.0,7 L;75878;SPAR Natur*pur;0,7000;L;6,59;9,41;;;6,52;9100000111117;Piæa
SIRUP BIO NATUR PUR BAZ. 0,7 L;75880;SPAR Natur*pur;0,7000;l;6,29;8,99;;;6,29;9100000111155;Piæa
HRANA ZA PSE DARL.ME.POV.500 g;76169;Darling;0,5000;kg;1,99;3,98;;;1,99;7613032933746;Proizvodi za kuæanstvo
HRANA ZA PSE DARL.ME.POV.3 kg;76171;Darling;3,0000;kg;9,09;3,03;;;9,09;7613032933760;Proizvodi za kuæanstvo
HRANA ZA PSE DARL.ME.POV.15 kg;76174;Darling;15,0000;kg;39,99;2,67;;;41,09;7613032933821;Proizvodi za kuæanstvo
MUSLI VITALIS TAMNA ÈOKO.375 g;76178;Vitalis;0,3750;kg;4,39;11,71;;;4,39;4000521002954;Hrana
VINO ROMANCA POLUS.0,75 L ;76303;;0,7500;l;4,79;6,39;;;4,79;3870083000252;Piæa
VINO SHIRAZ CABE.FOX GR.0,75 L;76327;;0,7500;l;;5,32;3,99;4,62;4,62;9360153000489;Piæa
ŠEÆER SMEÐI KOCKA RIOPAK 1 kg;76355;Rio Pak;1,0000;kg;4,99;4,99;;;5,04;3859888279223;Hrana
RIŽA RIOPAK BASMATI 1 kg ;76358;Rio Pak;1,0000;kg;3,49;3,49;;;3,49;3859888279155;Hrana
RIŽA RIOPAK DUGO ZRNO 1 kg;76361;Rio Pak;1,0000;kg;1,99;1,99;;;1,98;3859888279445;Hrana
KAPULICE NATURETA SR.LUK 290 g;76545;Natureta;0,1500;kg;2,19;14,60;;;2,29;3831029520470;Hrana
KETCHUP PODRAVKA BLAGI 1 kg;76573;Podravka;1,0000;kg;2,89;2,89;;;2,69;3850104240836;Hrana
RIŽA SCOTTI ARBORIO 500 g;76586;Scotti;0,5000;kg;3,99;7,98;;;3,71;8001860201516;Hrana
ŠEÆER SMEÐI RIO PAK 750 g;76629;Rio Pak;0,7500;kg;2,19;2,92;;;2,19;3859888279698;Hrana
Kobasica beèka;76729;Podravka;1,0000;kg;14,73;14,73;;;14,73;3858886463771;Hrana
VINO VEZAK GRAŠEVINA 0,75 L;76734;;0,7500;l;6,52;8,69;;;6,52;3850112170217;Piæa
VINO ENJINGI RAJ.RIZ.K.0,75 L;76865;;0,7500;l;14,49;19,32;;;13,92;3859892375218;Piæa
ŠAMP.SCHAUMA RE.I NJEGA 250 ml;77072;Schauma;0,2500;L;2,69;10,76;;;2,99;3838824136394;Kozmetika
SLADOLED ŠTAPIÆ KONTIKI 70 ml;77106;Ledo;0,0700;L;1,29;18,43;;;0,99;3850116842974;Hrana
OME.FROSH BADEMOVO MLIJ.750 ml;77130;Frosch;0,7500;L;2,69;3,59;;;2,69;4009175182654;Sredstva za èišæenje
OMEK.FROSH ALOE VERA 750 ml;77132;Frosch;0,7500;L;2,69;3,59;;;2,69;4009175182661;Sredstva za èišæenje
PREZERVATIV DUREX LOVE 4/1;77404;Durex;4,0000;kom;3,79;0,95;;;3,49;5999005966662;Toaletne potrepštine
ZUBNA PASTA SIGNAL WHITE 75 ml;77405;Signal;0,0750;L;4,29;57,20;;;4,29;8717644461068;Kozmetika
PIVO UNION 0,5 L LIMENKA;77599;Union;0,5000;l;1,25;2,50;;;1,23;3838999050013;Piæa
RAKIJA KOMOVICA BADEL 1L ;77672;Badel;1,0000;l;14,02;14,02;;;13,22;3850112122186;Piæa
RAKIJA TRAVARICA BADEL 1 L;77673;;1,0000;L;12,15;12,15;;;12,02;3850112122193;Piæa
KEKS LOTUS KARAMEL.250 g;77687;Lotus;0,2500;kg;2,69;10,76;;;2,69;5410126716016;Hrana
KETCHUP HEINZ BLAGI 570 g ;77747;Heinz;0,5700;kg;3,39;5,95;;;2,99;8715700421469;Hrana
VINOBRAN DR.OETKER 10g;77757;Dr. Oetker;0,0100;kg;0,29;29,00;;;0,29;5997381340762;Hrana
DES.MLI.MONTE MAX.ZOTT 4x100 g;77979;Zott;0,4000;kg;2,79;6,98;;;2,65;40145389;Hrana
ŽVAKE ORBIT BLUEBERY DRAŽ.14 g;78044;Wrigley;0,0140;kg;,99;70,71;;;0,99;42123880;Hrana
ULOŠCI LIBRESSE LIGHT 32KOM.;78054;Libresse;32,0000;kom;1,48;0,05;;;1,39;7322541195209;Toaletne potrepštine
HRANA ZA PSE PEDIG.ADU.4X100 g;78411;Pedigree;0,4000;kg;2,99;7,48;;;2,99;5900951021015;Proizvodi za kuæanstvo
DENTASTIX PEDIGREE 720 g;78412;Pedigree;0,7200;kg;8,99;12,49;;;7,19;5998749105214;Proizvodi za kuæanstvo
DENTASTIX PEDIGREE 77 g;78413;Pedigree;0,0770;kg;1,79;23,25;;;1,43;5998749104392;Proizvodi za kuæanstvo
DENTASTIX PEDIGREE 45 g;78414;Pedigree;0,0450;kg;1,19;26,44;;;0,95;5998749106877;Proizvodi za kuæanstvo
BAKALAR BIANCO 600 g;78671;Trenton;0,6000;kg;9,99;16,65;;;9,99;3859888906389;Hrana
VAFEL LOACKER VANILIJA 175 g;78723;Loacker;0,1750;kg;2,19;12,51;;;2,19;8000380007240;Hrana
PRO-SPORT IZOT.LIM.GREJ.0,75 L;78768;;0,7500;l;1,59;2,12;;;1,59;3858884601830;Piæa
VODA JAMN.SENS.LIME.KIW.0,5 L;78769;Jamnica;0,5000;l;1,12;2,24;;;1,12;3875000184336;Piæa
POSEBNA KOBASICA 800 g;78842;Gavrilovic;0,8000;kg;7,09;8,86;;;7,09;3858881229044;Hrana
OCAT ALKOHOLNI S-BUDGET 1 L;78940;S-Budget;1,0000;L;0,69;0,69;;;0,69;3856021222276;Hrana
OCAT JABUÈNI S-BUDGET 1 L;78941;S-Budget;1,0000;l;1,05;1,05;;;1,05;3856021222290;Hrana
OCAT VINSKI S-BUDGET 1 L;78942;S-Budget;1,0000;l;1,05;1,05;;;1,09;3856021222313;Hrana
LISNATO TIJESTO S-BUDGET 500 g;79001;S-Budget;0,5000;kg;1,19;2,38;;;1,19;3856021218033;Hrana
MLIJEÈNI NAMAZ S BUDGET 70 g;79057;S-Budget;0,0700;kg;0,55;7,86;;;0,55;3858889110757;Hrana
VRHNJE KIS.S BUDGE.12%MM 180 g;79058;S-Budget;0,1800;kg;0,69;3,83;;;0,69;3858889110771;Hrana
JOGURT TEK.3,2% S BUDGET 180 g;79059;S-Budget;0,1800;kg;0,37;2,06;;;0,37;3858889110740;Hrana
BRAŠN.GLAT.T-550 S-BUDGET 1 kg;79107;S-Budget;1,0000;kg;0,75;0,75;;;0,75;3858889116506;Hrana
BRAŠ.OŠTRO T-400 S-BUDGET 1 kg;79110;S-Budget;1,0000;kg;0,75;0,75;;;0,80;3858889116513;Hrana
DODATAK JELIMA S-BUDGET 250 g;79115;S-Budget;0,2500;kg;0,79;3,16;;;0,79;3859888513655;Hrana
DODATAK JELIMA S-BUDGET 500 g;79117;S-Budget;0,5000;kg;1,39;2,78;;;1,33;3856021231537;Hrana
JAJA S BUDGET L 10/1;79158;S-Budget;10,0000;kom;2,89;0,29;;;2,59;3858889110160;Hrana
ŠTAPIÆI SLANI S BUDGET 250 g;79242;S-Budget;0,2500;kg;0,79;3,16;;;0,79;3858889110184;Hrana
ÈIPS SLANI S BUDGET 90 g;79246;S-Budget;0,0900;kg;0,84;9,33;;;0,84;3858889111884;Hrana
ÈIPS PAPRIKA S BUDGET 150 g;79250;S-Budget;0,1500;kg;0,89;5,93;;;0,89;3858889111891;Hrana
KAŠA PROSENA MGP 1kg ;79259;Mgp;1,0000;kg;3,49;3,49;;;3,44;3859889377027;Hrana
AJVAR S-BUDGET BLAGI 680 g;79305;S-Budget;0,6800;kg;2,67;3,93;;;2,79;3858889112249;Hrana
CIKLA S-BUDGET REZANA 670 g;79307;S-Budget;0,3600;kg;1,45;4,03;;;1,45;3858889110900;Hrana
KRASTAVCI S-BUDGET 3-6 670 g;79308;S-Budget;0,3500;kg;1,95;5,57;;;1,95;3858889112256;Hrana
KRASTAVCI S-BUDGET 6-9 670 g;79309;S-Budget;0,3300;kg;1,48;4,48;;;1,65;3858889112263;Hrana
KUPUS KIS.REZ. S BUDGET 500 g;79489;S-BUDGET;0,4350;kg;0,99;2,28;;;0,92;3856021204005;Hrana
Kupus kiseli gl.s-budget;79490;S-BUDGET;1,0000;kg;1,89;1,89;;;1,79;3856021206078;Hrana
GAZIR. PIÆE LIMUN S BUDGET 2 L;79950;S-Budget;2,0000;l;1,29;0,65;;;1,02;3856021216428;Piæa
GAZIR. PIÆE COLA S BUDGET 2 L;79955;S-Budget;2,0000;l;1,29;0,65;;;1,02;3856021216244;Piæa
GAZIR. PIÆE NARAN.S BUDGET 2 L;79958;S-Budget;2,0000;l;1,29;0,65;;;1,02;3856021216404;Piæa
SOL S-BUDGET KRUP.MORSKA 1 kg;80038;S-Budget;1,0000;kg;0,49;0,49;;;0,49;3858889116643;Hrana
SOL S-BUDGET SITNA MORSKA 1 kg;80039;S-Budget;1,0000;kg;0,49;0,49;;;0,49;3858889116636;Hrana
RAFFAELLO 230 g;80140;Rafaello;0,2300;kg;4,99;21,70;;;5,99;4008400183022;Hrana
LISTOVI ZA SAVIJ.CLARUM 500 g ;80157;Clarum;0,5000;kg;1,75;3,50;;;1,85;3859888231702;Hrana
SOL ODISEJ KRUPNA MORS.1 kg KK;80355;Odisej;1,0000;kg;0,89;0,89;;;0,89;3859888817012;Hrana
SOL ODISEJ SIT.MORSKA 1 kg KK;80358;Odisej;1,0000;kg;0,89;0,89;;;0,89;3859888817005;Hrana
SOL ODISEJ SITNA MORSKA 250g;80360;Odisej;0,2500;kg;0,99;3,96;;;1,29;3859888817166;Hrana
SOL ODISEJ SITNA MORSKA 500g;80361;Odisej;0,5000;kg;1,49;2,98;;;1,49;3859888817258;Hrana
Pileæa prsa PP;80412;Perutnina;1,0000;kg;14,19;14,19;;;11,59;93850220153464;Hrana
VODA JAMN.SENS.LIME.KIW.1,5 L;80493;Jamnica;1,5000;l;1,69;1,13;;;1,69;3858884602349;Piæa
PAŠTETA ARGETA LOSOS 95 g ;80608;Argeta;0,0950;kg;2,39;25,16;;;2,4;3838471013109;Hrana
PIKO PARIZER 400 g;80854;Piko;0,4000;kg;3,99;9,98;;;3,99;3850139191134;Hrana
ULOŠ.LIBRESS.INVIS.CLIP 10/1;80914;Libresse;10,0000;kom;1,79;0,18;;;1,79;7322540337938;Toaletne potrepštine
TJEST.S-BUDGET PEN.RIGATE 1 kg;80918;S-Budget;1,0000;kg;1,69;1,69;;;1,85;9100000715704;Hrana
TJEST.S-BUDGET FUSILLI 1 kg;80920;S-Budget;1,0000;kg;1,69;1,69;;;1,85;9100000715681;Hrana
TJEST.S-BUDGET SPAGHETTI 1 kg;80926;S-Budget;1,0000;kg;1,69;1,69;;;1,85;9100000715643;Hrana
MAÈJA HRANA FRIS.MES.JET.300 g;80979;Friskies;0,3000;kg;2,45;8,17;;;2,45;7613031868308;Proizvodi za kuæanstvo
MAÈJA HRANA FRIS.PIL.JET.300 g;80983;Friskies;0,3000;kg;2,45;8,17;;;2,45;7613031868247;Proizvodi za kuæanstvo
MAÈJA HRANA FRIS.LOS.TUN.300 g;80990;Friskies;0,3000;kg;2,45;8,17;;;2,45;7613031868063;Proizvodi za kuæanstvo
SIR SVJEŽI POS.S BUDGET 500 g;81083;S-Budget;0,5000;kg;1,99;3,98;;;1,99;3858889110764;Hrana
ŠUM.TAB.NATUREL MAGNEZIJ 96 g;81086;Naturel;0,0960;kg;2,25;23,44;;;2,25;3858887241743;Hrana
ŠUM.TAB.NATUR. VITAMIN C  96 g;81087;Naturel;0,0960;kg;2,29;23,85;;;2,29;3858887241712;Hrana
ŠUM.TAB.NATUREL MULTIVITA.96 g;81088;Naturel;0,0800;kg;2,25;28,13;;;2,29;3858887241729;Hrana
FLIPS BOBI PIZZA 70 g;81209;Bobi;0,0700;kg;1,19;17,00;;;0,95;3858891590103;Hrana
TUNA DESPAR NATURAL 3X80 g;81283;Despar;0,1680;kg;4,29;25,54;;;4,29;8001300285045;Hrana
TUNA DESPAR NATURAL 2X160 g;81284;Despar;0,2240;kg;5,19;23,17;;;5,19;9100000084664;Hrana
RIŽA DESPAR ROMA 1 kg;81287;Despar;1,0000;kg;3,49;3,49;;;3,49;8001300400479;Hrana
RIŽA DESPAR ARBORIO 1 kg;81289;Despar;1,0000;kg;3,99;3,99;;;3,99;8001300400493;Hrana
RIŽA DESPAR PARBOILED 1 kg;81290;Despar;1,0000;kg;3,49;3,49;;;3,49;8001300400486;Hrana
PIŠKOTE DESPAR SAVOIARDI 400 g;81293;Despar;0,4000;kg;1,75;4,38;;;1,75;8001300800675;Hrana
ULJE MASLIN.EX.DJE.DESPAR 1 L;81294;Despar;1,0000;L;10,99;10,99;;;12,99;8001300243441;Hrana
SOK HAPPY DAY CIJEÐ.JABUKA 1 L;81340;Happy Day;1,0000;l;2,29;2,29;;;2,18;9008700118767;Piæa
ÈISTAÈ DR.BECKMAN.KER.P.250 ml;81355;Dr. Beckmann;0,2500;L;4,09;16,36;;;3,69;4008455601915;Sredstva za èišæenje
PJENUŠAC MUŠK.PENIN.0,75 L;81393;;0,7500;l;;10,65;7,99;9,49;10,19;3830001601558;Piæa
ŠLJIVE SUHE SEEBERGER BK 200 g;81484;Seeberger;0,2000;kg;;19,45;3,89;4,15;4,29;4008258291016;Hrana
VODKA ABSOLUT BLUE 0,70 L;81708;Absolut;0,7000;l;15,99;22,84;;;17,62;7312040017683;Piæa
PUD.S-BUDGET VANILIJA 3X40 g;81727;S-Budget;0,1200;kg;0,55;4,58;;;0,59;3858889113062;Hrana
PUD.S-BUDGET ÈOKOLADA 3X40 g;81731;S-Budget;0,1200;kg;0,55;4,58;;;0,59;3858889113055;Hrana
PUDING S-BUDGET JAGODA 3X40 g;81734;S-Budget;0,1200;kg;0,55;4,58;;;0,59;3858889113079;Hrana
VANILIN ŠEÆER S-BUDGET 5X10 g;81739;S-Budget;0,0500;kg;0,34;6,80;;;0,39;3858889113185;Hrana
PRAŠ.ZA PECIVO S-BUDGET 5X10 g;81741;S-Budget;0,0500;kg;0,39;7,80;;;0,52;3858889113147;Hrana
ŠLAG PJENA S-BUDGET 3X36 g;81742;S-Budget;0,1080;kg;1,19;11,02;;;1,19;3858889113178;Hrana
KETCHUP S-BUDGET BLAGI 1 kg;81744;S-Budget;1,0000;kg;1,69;1,69;;;1,69;3856021215391;Hrana
PRAŠAK ZA PEC.PODRAV.12g (5+1);81786;Podravka;0,0600;kg;0,99;16,50;;;0,99;3850104242175;Hrana
SIR DRAUTALE.U LISTIÆIMA 150 g;81948;Kaerntner;0,1500;kg;2,65;17,67;;;2,65;9004283038706;Hrana
RAJÈICA MUTTI POMODORINI 400 g;82372;Mutti;0,2400;kg;2,99;12,46;;;2,99;8005110550508;Hrana
TARTUFATA ZIGANTE 130 g;82385;Zigante;0,1300;kg;13,99;107,62;;;13,49;3859889179218;Hrana
SLANINA SUHA S BUDGET VP;82389;S-Budget;1,0000;kg;14,29;14,29;;;14,29;3856018804515;Hrana
MAJONEZA THOMY TUBA 265 g;82441;Thomy;0,2650;kg;3,59;13,55;;;3,99;7613287084545;Hrana
DIMLJENI VRAT VP S BUDGET;82647;S-Budget;1,0000;kg;11,99;11,99;;;11,89;3858881617889;Hrana
VINO MADIR.PLAVAC MALI 0,75 L;82696;;0,7500;l;11,49;15,32;;;12,09;3859889833424;Piæa
VINO MADIR.PLAV.BARR.0,75 L ;82697;;0,7500;l;15,39;20,52;;;15,79;3859889833325;Piæa
MIX ORAŠÈIÆA SEEBERGER 150 g;82704;Seeberger;0,1500;kg;;28,60;4,29;4,58;4,99;4008258150092;Hrana
VINO PRODAN TERAN   0,75 L;82845;;0,7500;l;7,96;10,61;;;7,96;3859890283065;Piæa
KREMA NEUTROGE.ZA RUKE 75 ml;83058;Neutrogena;0,0750;L;4,99;66,53;;;4,49;3574660239829;Kozmetika
ÈOK.JAJE KINDER.SUP. IMB 20 g;83291;Kinder;0,0200;kg;;89,50;1,79;2,29;1,59;80050117;Hrana
BOM.FISHERMAN FRIEND ORIG.25 g;83584;Fisherman's;0,0250;kg;1,49;59,60;;;1,79;50357024;Hrana
ŽIT.NESTLE ÈOK.LOPT.MIX 325 g;83598;Nestlé;0,3250;kg;4,59;14,12;;;4,39;7613032028251;Hrana
MJ.QUINOA&BOULG.PŠENICE 400 g;83618;Tipiak;0,4000;kg;6,29;15,73;;;6,29;3600900010696;Hrana
NEKTAR FRUCTAL NARANÈA 1 L;83700;Fructal;1,0000;L;;1,83;1,83;2,29;1,99;3838945029216;Piæa
NEKTAR FRUCTAL JABUKA 1 L;83707;Fructal;1,0000;L;;1,51;1,51;1,89;1,89;3838945029209;Piæa
PAP.MARAMICE S BUDGET 100/1;83881;S-Budget;100,0000;kom;0,99;0,01;;;0,95;9100000161471;Toaletne potrepštine
INSTANT KAVA FRANCK 200 g;83907;Franck;0,2000;kg;8,19;40,95;;;8,19;3850291055220;Piæa
SIR MOZZARELLA GALBANI 125 g;83908;Galbani;0,1250;kg;2,49;19,92;;;2,19;8000430133035;Hrana
KREMA ME HIDR.P.UMO.KOŽE 50 ml;84351;LOREAL;0,0500;L;8,99;179,80;;;8,99;3600520297262;Kozmetika
ENERG.PIÆE SB CLASSIC 0,25 L;84421;S-Budget;0,2500;l;,59;2,36;;;0,63;9100000049526;Piæa
ULJE BUÈINO 0,25 L ÈK.MLINOVI;84545;Cakovecki Mlinovi;0,2500;L;5,29;21,16;;;5,29;3858884170534;Hrana
MUSLI NATUREL CLASSIC 350 g;84743;Naturel;0,3500;kg;2,49;7,11;;;3,59;3858887240739;Hrana
MUSLI NATUREL FRUIT 350 g;84744;Naturel;0,3500;kg;2,49;7,11;;;3,59;3858887240708;Hrana
MUSLI NATUREL ÈOK.BANANA 350 g;84745;Naturel;0,3500;kg;2,49;7,11;;;3,59;3858887240722;Hrana
VRHNJE KISELO DUK.12%MM 900 g;84766;Dukat;0,9000;kg;3,99;4,43;;;3,99;3850354009863;Hrana
VRHNJE KISELO DUK.20%MM 900 g;84767;Dukat;0,9000;kg;4,49;4,99;;;4,49;3850354009887;Hrana
BOMBONI EUKA 250 g;84889;Euka;0,2500;kg;3,31;13,24;;;3,31;5310002460456;Hrana
Orada LLL 600-800 g;84951;;1,0000;kg;10,69;10,69;;;11,99;3859891926688;Hrana
VINO VRH.BLATINA ANDRIJA 0,75L;84981;Blatina Andrija;0,7500;L;13,42;17,89;;;13,42;3871126000024;Piæa
VINO CASA DE C.CARMENER.0,75 L;85034;;0,7500;L;5,29;7,05;;;5,29;7804661041104;Piæa
VINO CASA DE CAM.SAUVIG.0,75 L;85044;;0,7500;l;5,29;7,05;;;5,29;7804661041111;Piæa
BRITVICE GILLETTE BLUE 3 3/1;85045;Gillette;3,0000;kom;3,79;1,26;;;3,99;7702018489619;Kozmetika
BRITVICE GILLETTE BLUE 3 6+2;85046;Gillette;6,0000;kom;7,49;1,25;;;7,29;7702018489978;Kozmetika
BIO sir polutvr.Ortenburger NP;85083;Natur pur;1,0000;kg;15,99;15,99;;;15,99;9004283631303;Hrana
TUNA PAŠTETA ARGETA 45 g;85196;Argeta;0,0450;kg;1,29;28,67;;;1,29;38381461;Hrana
Juneæe bijele kosti;85199;;1,0000;kg;3,99;3,99;;;3,49;3859892958855;Hrana
ZAÈIN CIMET MLJ.KOTANYI 180 g;85797;Kotanyi;0,1800;kg;3,89;21,61;;;5,59;9001414073735;Hrana
BAGUETTE SA B.LUKOM SPAR 175 g;85831;SPAR;0,1750;kg;1,29;7,37;;;1,29;9100000007861;Hrana
BAGUE.SA ZAÈ.BILJEM SPAR 175 g;85832;SPAR;0,1750;kg;1,29;7,37;;;1,29;9100000007847;Hrana
NAPIT.ÈOK.SPAR 1,2%M.M.250 ml;85835;SPAR;0,2500;L;0,85;3,40;;;0,79;9100000835969;Hrana
SOFT CAKE S-BUDGET NAR.125 g;85870;S-Budget;0,1250;kg;0,99;7,92;;;0,99;3858889110221;Hrana
SIR TOPLJE.PICOK CLASSIC 140 g;85883;Dukat;0,1400;kg;2,39;17,07;;;2,09;3850355007660;Hrana
SIR TOPLJENI PICOK DIMSI 140 g;85884;Dukat;0,1400;kg;2,39;17,07;;;2,09;3850355007684;Hrana
KREMA NEVEN 100 ml;85991;Encian;0,1000;L;1,89;18,90;;;1,99;3859891205776;Kozmetika
WHISKEY OLD SMUGGLER 0,7 L;85992;Ballantines;0,7000;l;12,69;18,13;;;12,59;5010327605005;Piæa
BOJA PALETTE ICC G3;85996;Palette;1,0000;kom;2,15;2,15;;;4,25;3838824184180;Kozmetika
BOJA ZA KOSU PALETTE ICC W5;85997;Palette;1,0000;kom;4,25;4,25;;;4,25;3838824184203;Kozmetika
KARAME.KIKI TUTTI FRUTTI 100 g;86029;Kraš;0,1000;kg;1,29;12,90;;;1,29;3850102516704;Hrana
KARAMELA KIKI PLUS 100 g;86031;Kiki;0,1000;kg;1,29;12,90;;;1,29;3850102005871;Hrana
KARAMELA KIKI TUTTI FRU. 200 g;86038;Kiki;0,2000;kg;2,39;11,95;;;2,39;3850102516742;Hrana
BOMBONI BRONHI ORIGINAL 100 g;86040;Kraš;0,1000;kg;1,29;12,90;;;1,29;3850102516797;Hrana
BOMBONI BRONHI ORIGINAL 200 g;86041;Krašcommerce;0,2000;kg;2,39;11,95;;;2,39;3850102516803;Hrana
BOMBONI GUMENI KIKI COLA 90 g;86044;Kiki;0,0900;kg;1,19;13,22;;;1,29;3850102214990;Hrana
BOMB.GUMENI KIKI ZMIJA 100 g;86045;Kiki;0,1000;kg;1,19;11,90;;;1,29;3850102216376;Hrana
KARAME.KIKI TUTTI FRUTTI 400 g;86048;Kiki;0,4000;kg;3,89;9,73;;;3,89;3850102516759;Hrana
KONJSKI BALZAM 250 ml;86049;Encian;0,2500;L;3,79;15,16;;;3,79;3859891205714;Kozmetika
DRAŽEJE CASALI RUM KOKOS 175 g;86053;Manner;0,1750;kg;4,79;27,37;;;4,19;9000332813973;Hrana
BALZAM GLISS EXP.OIL NU.200 ml;86239;Gliss Kur;0,2000;L;5,59;27,95;;;5,59;9000100398701;Kozmetika
PASIRA.RAJÈICA NATUR PUR 680 g;86406;Natur pur;0,6800;kg;1,99;2,93;;;1,99;9100000076966;Hrana
TJEST.RAGUSA REZANCI EX.400 g;86429;Paradiso;0,4000;kg;2,19;5,48;;;2,38;3859889154628;Hrana
KOLAÈ MUFFINS DOLCELA 350 g;86454;Podravka;0,3500;kg;4,19;11,97;;;3,99;3850104244834;Hrana
KOL.MUFFINS ÈOKO.DOLCELA 350 g;86455;Podravka;0,3500;kg;4,19;11,97;;;3,99;3850104244827;Hrana
LJEŠNJAK BLANŠIRANI PEÈENI RFS;86481;;1,0000;kg;21,49;21,49;;;21,49;3858889330155;Hrana
RAJÈICA KONCEN.NATUR PUR 200 g;86507;Natur pur;0,2000;kg;2,19;10,95;;;2,19;9100000737768;Hrana
POLPA NATUR PUR 680 g;86508;Natur pur;0,6800;kg;2,39;3,51;;;2,39;9100000076942;Hrana
RAJÈ.PELAT NATUR PUR BIO 400 g;86509;Natur pur;0,4000;kg;1,49;3,73;;;1,49;9100000076904;Hrana
RAJÈICA SJECK.NATUR PUR 400 g;86510;Natur pur;0,4000;kg;1,29;3,23;;;1,29;9100000076928;Hrana
MUSLI PL.ÈOKOLADA BIO  6X25 g;86517;Spar Natur pur;0,1500;kg;1,32;8,80;;;1,32;9100000043708;Hrana
RIŽIN SNACK N.P.KOK.ÈOK.100 g;86531;Natur pur;0,1000;kg;1,99;19,90;;;1,49;9100000772202;Hrana
KUKUR.SNACK NATUR PUR 110 g;86532;Spar Natur pur;0,1100;kg;1,49;13,55;;;1,52;9100000090399;Hrana
RIŽIN SNACK N.P.VIŠEZRN.100 g;86533;Spar Natur pur;0,1000;kg;1,29;12,90;;;1,29;9100000772240;Hrana
OCAT JABUÈNI NAT.PUR 5% 0,5 L;86544;Natur pur;0,5000;l;2,99;5,98;;;2,99;9100000052304;Hrana
OCAT BALSAMICO NATUR PUR 0,5 L;86545;Natur pur;0,5000;L;4,49;8,98;;;4,49;9100000052458;Hrana
TUNA RIO MARE MAS.ULJE 6X80 g ;86680;Rio Mare;0,3120;kg;9,99;32,02;;;9,99;8004030005044;Hrana
ULOŠ.LIBRE.CLASS.DEO DNEV.50/1;86708;Libresse;50,0000;kom;1,56;0,03;;;1,49;7322540261455;Toaletne potrepštine
ULOŠ.LIBRRESSE MAXI CLIP 20/1;86712;Libresse;20,0000;kom;2,19;0,11;;;2,19;7322540576450;Toaletne potrepštine
ŽVAKE ÈUNGA LUNGA TATTOO 15 g;87027;Cunga Lunga;0,0150;kg;0,36;24,00;;;0,39;5310089001405;Hrana
ŽVAKE ÈUNGA LUNGA COLA 15 g;87034;Cunga Lunga;0,0150;kg;0,36;24,00;;;0,39;5310089001467;Hrana
ŠEÆER TRSKA NATUR PUR 500 g;87119;Natur pur;0,5000;kg;1,99;3,98;;;1,99;9100000059549;Hrana
BIO BRAŠNO PIR PUN.ZRNO 1 kg;87145;Natur pur;1,0000;kg;2,59;2,59;;;2,65;9100000090702;Hrana
BRAŠNO PŠ.NATUR PUR T-480 1 kg;87146;Natur pur;1,0000;kg;1,99;1,99;;;1,99;9100000090559;Hrana
BRAŠNO PŠ.NATUR PUR T-700 1 kg;87147;Natur pur;1,0000;kg;1,99;1,99;;;1,99;9100000090603;Hrana
BRAŠ.RAŽENO NATUR PUR BIO 1 kg;87148;Natur pur;1,0000;kg;1,79;1,79;;;1,59;9100000090658;Hrana
MAÈJA HR.GOUR.PER.GOV.MR.85 g;87162;Gourmet;0,0850;kg;0,89;10,47;;;1,06;7613287605559;Proizvodi za kuæanstvo
MAÈ.HRANA GOURMET PER.PIL.85 g;87165;Gourmet;0,0850;kg;0,89;10,47;;;1,06;7613032867942;Proizvodi za kuæanstvo
PIVO MEGA PAN 2 L;87299;Pan;2,0000;l;3,42;1,71;;;3,42;3858887580415;Piæa
ÈOKOLADA DORINA NOISETTE 80 g;87370;Dorina;0,0800;kg;1,89;23,63;;;1,89;3850102125173;Hrana
PIÆE OD SOKA BRESKVE 1 L;87405;Fructal;1,0000;L;;1,51;1,51;1,89;1,89;3838945029223;Piæa
OCAT ACETO BALSAMICO 500 ml;87511;;0,5000;l;4,99;9,98;;;4,99;8014347000090;Hrana
DEO SPR.GARNIER ACTION 150 ml;87604;Garnier;0,1500;L;4,79;31,93;;;4,59;3600540795113;Kozmetika
DEO ROLL ON GARNIER ACT.50 ml;87608;Garnier;0,0500;L;4,79;95,80;;;4,59;3600540928870;Kozmetika
DEO SPRAY REXONA SEXY 150 ml;87658;Rexona;0,1500;L;2,79;18,60;;;2,99;8717644585337;Kozmetika
DEO SPRAY REXONA SHOWER 150 ml;87663;Rexona;0,1500;L;2,79;18,60;;;2,99;8711600350212;Kozmetika
PILE MEÐIMURSKO;87679;Perutnina;1,0000;kg;3,31;3,31;;;3,31;93850220111150;Hrana
PRALINE HAMLET GOLD 125 g;87696;Hamlet;0,1250;kg;7,29;58,32;;;5,99;5400265019055;Hrana
BRITVICE GILLETTE BLUE II 5/1;87715;Gillette;5,0000;kom;3,79;0,76;;;3,49;7702018849031;Kozmetika
TJES.SVJ.DESPAR STROZZ. 500 g;87932;Despar;0,5000;kg;1,79;3,58;;;1,79;8001300610236;Hrana
VANIL.ŠEÆ.DR.OETKER BURBON 30g;87998;Dr. Oetker;0,0300;kg;1,29;43,00;;;1,29;5997381345750;Hrana
TEK.OSV.DUCK MARINE 750 ml;88323;Duck;0,7500;L;3,09;4,12;;;1,69;5000204164466;Sredstva za èišæenje
KOBASICA TIROLSKA 400 g ;88471;Pik;0,4000;kg;4,39;10,98;;;4,39;3850139171235;Hrana
CEDEVITA LIMETA 200 g;88473;Cedevita;0,2000;kg;2,19;10,95;;;2,09;3850322007099;Piæa
ÈAJ MATIÈNJAK AGRISTAR 20 g;88507;Agristar;0,0200;kg;1,69;84,50;;;1,69;3858886503736;Piæa
SIR ZA PIZZU PRESIDENT 350 g;88541;President;0,3500;kg;4,99;14,26;;;4,59;3850355001811;Hrana
SLADOL.TORTA OD ÈOKO.LEDO 1 kg;88629;Ledo;1,0000;kg;;15,99;15,99;19,99;17,99;3850116875699;Hrana
Mortadela s maslinama;88893;Pik;1,0000;kg;11,49;11,49;;;10,49;3850139613452;Hrana
Mortadela Pik;88896;Pik;1,0000;kg;11,49;11,49;;;10,49;3850139613421;Hrana
Šunka Pik fina;88897;Pik;1,0000;kg;;11,99;11,99;15,99;16,49;3850139250626;Hrana
MORTADELA SAPORE MIO 150 g;89066;Despar;0,1500;kg;2,19;14,60;;;2,38;8011175001190;Hrana
PIVO KARLOVAÈKO BAÈVA 30 L;89107;;30,0000;l;75,99;2,53;;;74,49;3850103000141;Piæa
Jabuka Jonagold rfs;89748;;1,0000;kg;1,69;1,69;;;1,49;3858893252412;Hrana
Jabuka Granny S.rfs;89751;;1,0000;kg;1,69;1,69;;;1,89;3859889267885;Hrana
SPR.NIVEA SUN KIDS ZF50+ 200ml;89816;Nivea;0,2000;L;18,99;94,95;;;18,99;4005808856671;Kozmetika
UMAK BARILLA POMODORO 400 g;89877;Barilla;0,4000;kg;3,19;7,98;;;3,29;8076809513395;Hrana
VREÆE ZA SMEÆE S VEZ.LD 12/1;89972;;12,0000;kom;1,99;0,17;;;1,79;3859891367818;Proizvodi za kuæanstvo
VINO ZLATAN POŠIP EKO 0,75 L;90433;;0,7000;l;14,25;20,36;;;14,38;3859888437531;Piæa
RAKIJA BOROVNICA PRODAN 0,5L;90443;;0,5000;l;8,98;17,96;;;8,98;3859890283324;Piæa
RAKIJA PRODAN BISKA 0,5L;90447;Prosek;0,5000;l;10,28;20,56;;;10,28;3859890283348;Piæa
VINO PRODAN MALVAZIJA 0,75 L;90451;;0,7500;l;;6,65;4,99;5,98;5,98;3859890283072;Piæa
VINO MUŠKAT PRODAN 0,75 L;90454;;0,7500;l;;9,99;7,49;9,69;9,29;3859890283010;Piæa
WHISKEY BALLANTINES 0,7 L;90513;Ballantines;0,7000;l;13,99;19,99;;;15,52;5010106113127;Piæa
KAPARI DESPAR 100 g;90684;Despar;0,0550;kg;1,39;25,27;;;1,39;80414506;Hrana
PESTO DESPAR GENOVESE 190 g;90685;Despar;0,1900;kg;1,99;10,47;;;1,98;8001300242925;Hrana
ARTIÈOKE DESPAR CIJELE 290 g;90686;Despar;0,2900;kg;3,49;12,03;;;3,49;80414445;Hrana
ARTIÈOKE DESPAR REZANE 290 g;90687;Despar;0,2900;kg;3,39;11,69;;;3,39;80414438;Hrana
LUÈICE DESPAR 300 g;90688;Despar;0,1800;kg;1,29;7,17;;;1,29;80414476;Hrana
LUÈICE DESPAR KRUPNE 565 g;90689;Despar;0,3400;kg;2,29;6,74;;;2,29;8001300234845;Hrana
MAHUNE DESPAR ZELENE 400 g;90692;Despar;0,2200;kg;1,39;6,32;;;1,39;8001300211754;Hrana
LEÆA DESPAR KUHANA 400 g;90693;Despar;0,2500;kg;0,79;3,16;;;0,8;8001300243120;Hrana
SLANUTAK DESPAR 400 g;90694;Despar;0,2500;kg;,99;3,96;;;0,99;8001300243113;Hrana
MESNI NAREZAK PODRAVKA 100 g;90780;Podravka;0,1000;kg;1,84;18,40;;;1,29;3858886463597;Hrana
KEKS.DIGESTIVE TAMNA ÈOK.200 g;90913;McVities;0,2000;kg;2,59;12,95;;;2,49;5000396033335;Hrana
VREÆE ZA OTPAD LAVANDA15/1 35L;91010;;15,0000;kom;2,39;0,16;;;1,98;3870075004084;Proizvodi za kuæanstvo
VREÆE S TRAKOM 8/1 70L;91013;;8,0000;kom;2,59;0,32;;;2,25;3870075004107;Proizvodi za kuæanstvo
VREÆE SUPER JUMBO 10/1 140L;91019;;10,0000;kom;3,59;0,36;;;3,44;3870075000970;Proizvodi za kuæanstvo
VINO BELJE CAB.SAU.VRH 0,75 L;91229;;0,7500;L;;16,65;12,49;14,99;14,99;3850257019587;Piæa
VINO BELJE MERLOT VRH. 0,75 L;91232;;0,7500;L;14,99;19,99;;;14,99;3850257019570;Piæa
PIJESAK ZA MAÈKE S-BUDGET 5 kg;91489;S-Budget;5,0000;kg;2,09;0,42;;;1,89;8033954555557;Proizvodi za kuæanstvo
MARGARIN ZA KOLAÈE I KUH.250 g;91500;Bakina Kuhinja;0,2500;kg;0,99;3,96;;;0,99;3858883228885;Hrana
PIVO OŽUJSKO PET 2 L;91502;Ožujsko;2,0000;l;3,79;1,90;;;3,62;3850131001608;Piæa
NAMAZ NUTELLA-GO 52 g;91612;Ferrero;0,0520;kg;1,69;32,50;;;1,69;80050100;Hrana
VINO 45,3 PARALELA GRAŠ. 1 L;91622;;1,0000;l;7,29;7,29;;;6,42;3859892481025;Piæa
VINO 45,3 PARAL.CRVEN.CUV. 1 L;91623;;1,0000;l;6,49;6,49;;;6,49;3859892481131;Piæa
TORTELLONI ŠPIN.S BUDGET 500 g;91660;S-Budget;0,5000;kg;1,99;3,98;;;1,99;8033954556561;Hrana
CAPELLETTI S PRŠUTOM SB 500 g;91661;S-Budget;0,5000;kg;1,99;3,98;;;1,99;8033954556554;Hrana
Kapalonge ( Škljenci) ;91671;;1,0000;kg;9,99;9,99;;;9,49;;Hrana
KAVA INST. ANAMARIA 3U1 18 g;91758;Anamarija;0,0180;kg;0,33;18,33;;;0,34;3858881770874;Piæa
PIVO PAN LAGER 4X0,5 L;91976;Pan;2,0000;l;4,25;2,13;;;5,11;3858887580477;Piæa
VINO MALVAZIJA FESTIGA 0,75 L;92016;;0,7500;l;;16,52;12,39;14,02;14,02;3858881191914;Piæa
Škrpun;92089;;1,0000;kg;10,79;10,79;;;9,99;93856024302268;Hrana
DESPAR VODA MINERALNA 1,5 L;92249;Despar;1,5000;l;,49;0,33;;;0,45;8001300150879;Piæa
DESPAR VODA MINERALNA 0,5 L;92250;Despar;0,5000;l;,39;0,78;;;0,35;8001300150848;Piæa
DESPAR VODA NEGAZIRANA 1,5 L;92251;Despar;1,5000;l;,49;0,33;;;0,45;8001300150886;Piæa
DESPAR VODA NEGAZIRANA 0,5 L;92252;Despar;0,5000;l;,39;0,78;;;0,35;8001300150855;Piæa
SANGRIA DON SIMON 1,5 L;92312;Ekskluzivno za SPAR;1,5000;L;3,32;2,21;;;3,32;8410261151625;Piæa
VINO MILIÈIÆ SELEKCIJA 0,75 L;92332;;0,7500;l;12,02;16,03;;;12,02;3859888400252;Piæa
NAMAZ PHILADELPHIA NATUR 175 g;92349;Philadelphia;0,1750;kg;;14,23;2,49;3,39;3,39;7622300340285;Hrana
SALAMA ZIMSKA 650 g;92443;Pik;0,6500;kg;12,79;19,68;;;12,79;3850139010589;Hrana
ÈAJNA KOBASICA XXL 650 g;92444;Pik;0,6500;kg;11,45;17,62;;;11,45;3850139010541;Hrana
BOROVNICA 125 g ;92475;;0,1250;kg;1,99;15,92;;;1,79;8437012623255;Hrana
PAPRIKA S-BUDGET PEÈENA 680 g;92851;S-Budget;0,4000;kg;2,79;6,98;;;2,99;3858889113130;Hrana
ŠLJIVA 1 kg;92900;;1,0000;kg;2,29;2,29;;;1,99;3859893818141;Hrana
ŠPINAT PIRE SPAR 350 g;92945;SPAR;0,3500;kg;0,89;2,54;;;0,89;9100000821009;Hrana
SIR TOAST ZDEN.SANDWICH 150 g;92950;Zdenka;0,1500;kg;1,69;11,27;;;1,69;3858888591908;Hrana
SIR TOAST ZDENKA ÈARDAŠ 150 g;92951;Zdenka;0,1500;kg;1,69;11,27;;;1,69;3858888591878;Hrana
SIR TOAST ZDENKA EDAMAC 150 g;92952;Zdenka;0,1500;kg;1,69;11,27;;;1,69;3858888591885;Hrana
VINO PLAVAC MEDITERANO 0,75 L;93087;;0,7500;l;11,99;15,99;;;12,09;3850112170309;Piæa
RAKIJA BADEL MEDICA 1 L;93088;Badel;1,0000;l;14,09;14,09;;;14,09;3850112110664;Piæa
VINO MADIRAZ.DINGAÈ BQ 0,75 L;93090;;0,7500;l;40,49;53,99;;;39,99;3859889833363;Piæa
PRELJEV DR.OETKER ÈOKOL.200 g;93156;Dr. Oetker;0,2000;kg;3,19;15,95;;;3,19;5907707050985;Hrana
PRELJ.DR.OETKER KARAMEL 200 g;93157;Dr. Oetker;0,2000;kg;3,19;15,95;;;3,19;5907707051005;Hrana
RIŽA S-BUDGET DUGO ZRNO 1 kg;93235;S-Budget;1,0000;kg;1,59;1,59;;;1,59;3858889114915;Hrana
RIŽA S-BUDGET PARBOILED 1 kg;93295;S-Budget;1,0000;kg;2,09;2,09;;;2,19;9100000804910;Hrana
CAPPUCCINO NESCAFE LJEŠ. 136 g;93316;Nescafe;0,1360;kg;4,19;30,81;;;4,19;7613034641366;Piæa
KAVA INST.NESCAFE GOLD 75 g;93324;Nescafe;0,0750;kg;5,79;77,20;;;5,39;5998710981533;Piæa
ULJE OD KIKIRIKIJA DESPAR 1 L;93415;Despar;1,0000;L;3,49;3,49;;;3,98;8001300091622;Hrana
ULJE KUKURUZ.KLICA DESPAR 1 L;93416;Despar;1,0000;L;2,29;2,29;;;2,49;8001300091677;Hrana
TORTIL.POCO LOCO 8X20cm 320 g;93543;Poco Loco;0,3200;kg;3,19;9,97;;;3,49;5412514931117;Hrana
HRENOVKE S BUDGET 250 g;93551;S-Budget;0,2500;kg;0,89;3,56;;;0,89;9100000845104;Hrana
TOAL.PAP.VIOLETA VLAŽNI 60/1;93586;Violeta;60,0000;kom;2,25;0,04;;;2,25;3870128001664;Toaletne potrepštine
DESPAR TOAST 330 g;93614;Despar;0,3300;kg;0,79;2,39;;;0,79;8001300503095;Hrana
DESPAR KRUH TRAMEZZINI 250 g;93616;Despar;0,2500;kg;1,49;5,96;;;1,29;8001300701095;Hrana
KRUH DESPAR BIJELI NAREZ.400 g;93617;Despar;0,4000;kg;1,09;2,73;;;1,19;8001300701057;Hrana
TJEST.DESPAR SORPRESE 250 g;93625;Despar;0,2500;kg;1,19;4,76;;;1,19;8001300415138;Hrana
TJEST.DESPAR FILINI 250 g;93627;Despar;0,2500;kg;1,19;4,76;;;1,19;8001300415121;Hrana
TJEST.DESPAR FUSILLI 500 g;93632;Despar;0,5000;kg;1,49;2,98;;;1,49;9100000203065;Hrana
TJES.DESPAR PENNE RIGATE 500 g;93634;Despar;0,5000;kg;1,49;2,98;;;1,49;9100000203041;Hrana
Šunka u ovitku Pik;93812;Pik;1,0000;kg;12,99;12,99;;;12,99;3850139613100;Hrana
TUNA SAL.RIO MARE COUS 160 g;93849;Rio Mare;0,1600;kg;4,68;29,25;;;4,68;8004030860001;Hrana
TUNA SAL.RIO MARE COUS 2X160 g;93850;Rio Mare;0,3200;kg;8,59;26,84;;;8,59;8004030860025;Hrana
PUD.ÈOK.DR.OETKER KOM.ÈOKO54g ;93856;Dr. Oetker;0,0540;kg;0,99;18,33;;;0,99;5997381345491;Hrana
AROMA RUM DR.OETKER 38g;93859;Dr. Oetker;0,0380;kg;1,69;44,47;;;1,69;5907707051067;Hrana
AROMA VANILIJA.DR.OETKER 38g;93861;Dr. Oetker;0,0380;kg;1,69;44,47;;;1,69;5907707051029;Hrana
CORNFLAKES ENCIAN 500 g;93922;Encian;0,5000;kg;3,79;7,58;;;3,59;5907731602310;Hrana
VODA EVIAN MINERAL.VODA 0,5L;94011;Evian;0,5000;l;1,09;2,18;;;0,98;3068320099651;Piæa
VODA EVIAN NEZAGIRANA 1,5L;94015;Evian;1,5000;l;1,59;1,06;;;1,38;3068320048604;Piæa
CRVENI BODEÈNJAK LEDO 525 g;94020;Ledo;0,5250;kg;7,99;15,22;;;7,99;3850116878478;Hrana
OKRUGL.SA ŠLJIVAMA LEDO 500 g;94022;Ledo;0,5000;kg;4,19;8,38;;;3,19;3850116876658;Hrana
NJOKI PREMIUM LEDO 500 g;94023;Ledo;0,5000;kg;3,59;7,18;;;2,99;3850116876177;Hrana
ÈOK.LINDT INTENSE MINT 100 g;94033;Lindt;0,1000;kg;;34,90;3,49;3,98;2,98;3046920028752;Hrana
JUŠNE OKRUGLICE S-BUDGET 220 g;94049;S-Budget;0,2200;kg;0,99;4,50;;;0,99;9100000044262;Hrana
OCAT BALSAM.KREM.TARTUF 250 ml;94067;Carandini;0,2500;l;6,59;26,36;;;6,59;8014347006849;Hrana
OCAT BALS.KREMA Š.VOÆE 250 ml;94068;Carandini;0,2500;l;6,59;26,36;;;6,59;8014347006825;Hrana
PANCETA DALMATINSKA CCA 350 g;94195;Dimmes;1,0000;kg;17,79;17,79;;;15,99;3859892362041;Hrana
Pršut Dimmes;94197;Dimmes;1,0000;kg;29,99;29,99;;;29,99;3859894303578;Hrana
PESTO SACLA RIKOLA 190 g;94445;Sacla;0,1900;kg;3,99;21,00;;;3,99;8001060005273;Hrana
NAMAZ ST.DALFOUR VIŠNJA 284 g;94448;St Dalfour;0,2840;kg;4,69;16,51;;;4,69;3492390007405;Hrana
BOMBONI PEZ DEXTROZE 30 g;94490;Pez;0,0300;kg;1,09;36,33;;;1,09;5997255705185;Hrana
ÈOKOLADA KINDER MAXI 126 g;94666;Kinder;0,1260;kg;2,99;23,73;;;2,69;80310167;Hrana
BRUSCH.MARETTI ŠPINAT/SIR 70 g;94671;Maretti;0,0700;kg;;11,29;0,79;0,95;0,89;3800205875000;Hrana
BRUSCH.MARET.4 VRSTE SIRA 70 g;94672;Maretti;0,0700;kg;;11,29;0,79;0,95;0,95;3800205875604;Hrana
BRUSCHETTE MARETTI 70 g;94673;Maretti;0,0700;kg;;11,29;0,79;0,89;0,89;3800205875307;Hrana
BRUSCHETTE MARETTI 70 g;94674;Maretti;0,0700;kg;;11,29;0,79;0,95;0,95;3800205875109;Hrana
PUREÆA ROLADA 600 g;95257;Vindon;0,6000;kg;5,49;9,15;;;5,49;3850339413203;Hrana
PILEÆI PANIRANI FRITESI 350 g;95263;Cekin;0,3500;kg;5,29;15,11;;;4,99;3850159140471;Hrana
MEDALJONI PILEÆI CEKIN 660 g;95482;Cekin;0,6600;kg;7,49;11,35;;;7,49;3850159141461;Hrana
Sir brie president;95511;President;1,0000;kg;20,99;20,99;;;20,99;3228024030040;Hrana
WC NET ZA BIOL.SEPT.JAME 288 g;95659;Wc Net;0,2880;kg;9,65;33,51;;;9,65;8004050193523;Sredstva za èišæenje
VINO ŽDREPÈEVA KRV 0,75 L;95715;;0,7500;l;4,28;5,71;;;4,28;8600102938083;Piæa
Šunka pureæa stancija ;95736;Gavrilovic;1,0000;kg;;13,99;13,99;16,19;16,19;3859892502942;Hrana
KRUH DESPAR DURUM NAREZ.400 g;95789;Despar;0,4000;kg;1,29;3,23;;;1,44;8001300701064;Hrana
ŠEÆER SMEÐI DESPAR 1 kg;95794;Despar;1,0000;kg;2,79;2,79;;;2,79;8001300701187;Hrana
INSTANT KAKAO S BUDGET 800 g;95943;S-Budget;0,8000;kg;5,49;6,86;;;4,49;9100000756349;Piæa
GEL ZA KOSU TAFT 150 ml;95976;Taft;0,1500;L;4,49;29,93;;;4,39;9000101723502;Kozmetika
BOJA ZA KOSU ICC C9;95978;Palette;1,0000;kom;4,25;4,25;;;4,25;3838824197197;Kozmetika
DVOPEK IZ CIJELOG ZRNA 225g;95998;;0,2250;kg;2,99;13,29;;;2,89;3858881324855;Hrana
TUNA PAŠTETA ARGETA SICIL.95 g;96144;Argeta;0,0950;kg;1,99;20,95;;;1,99;3838471015868;Hrana
TARTUFI I MASLINE ZIGANT.130 g;96343;Zigante;0,1300;kg;9,99;76,85;;;9,99;3859889179669;Hrana
KRASTAVCI ZVIJEZDA 350 g;96424;Zvijezda;0,1400;kg;2,59;18,50;;;2,59;3858882216005;Hrana
GRAŠAK ZVIJEZDA 400 g;96437;Zvijezda;0,2650;kg;1,55;5,85;;;1,59;3858882217057;Hrana
AJVAR ZVIJEZDA BLAGI 350 g;96441;Zvijezda;0,3500;kg;2,49;7,11;;;2,49;3858882216104;Hrana
KUKURUZ ŠEÆERAC ZVIJEZDA 340 g;96447;Zvijezda;0,2850;kg;1,69;5,93;;;1,79;3858882217071;Hrana
NEKTAR SPAR CRNI RIBIZ 1 L;96472;SPAR;1,0000;l;2,59;2,59;;;2,59;9100000115702;Piæa
KREMA BECUTAN VITAMIN.200 ml;96544;Becutan;0,2000;L;6,19;30,95;;;6,19;5310001204150;Kozmetika
Sir Planinski ;96552;Naturella;1,0000;kg;12,99;12,99;;;11,99;3858883222609;Hrana
MAHUNE ZELENE PODRAVKA 450 g;96554;Podravka;0,4500;kg;1,89;4,20;;;1,89;3858885111130;Hrana
CORNFLAKES S-BUDGET 750 g;96689;S-Budget;0,7500;kg;2,49;3,32;;;2,38;9100000847009;Hrana
ÈETK.ZA ZUBE SIGNAL ESSENTIAL;96711;Signal;1,0000;kom;2,69;2,69;;;2,99;8718114047928;Kozmetika
ŠAMPON ZA PSE 250 ml;96716;Vitakraft;0,2500;l;4,19;16,76;;;4,19;8007229350253;Proizvodi za kuæanstvo
POSUDA ZA MAÈKE 0,2 L;96718;Vitakraft;1,0000;kom;2,12;2,12;;;2,12;3023618523591;Proizvodi za kuæanstvo
POSL.MAÈKE VITAK.PUR.18 g;96734;Vitakraft;3,0000;kom;0,99;0,33;;;1,32;4008239182029;Proizvodi za kuæanstvo
POSL.ZA PSE VITAK.SUŠ.GOV.40 g;96757;Vitakraft;0,0400;kg;1,69;42,25;;;1,69;4008239230072;Proizvodi za kuæanstvo
POSLAS.ZA PSE BEEF STICKS 12 g;96765;;0,0120;kom;,69;57,50;;;0,69;4008239265036;Proizvodi za kuæanstvo
POSL.ZA PSE VITAK.HOT DOG 30 g;96766;Vitakraft;0,0300;kom;1,99;66,33;;;1,99;4008239234148;Proizvodi za kuæanstvo
PILJEVINA VK ZA GLODAVCE 15 L;96777;Vitakraft;15,0000;l;2,99;0,20;;;3,29;4008239106292;Proizvodi za kuæanstvo
LOPATICA ZA PIJESAK;96778;Vitakraft;1,0000;kom;1,89;1,89;;;1,85;4008239593436;Proizvodi za kuæanstvo
ÈETKA VK ZA PSE PLASTIÈNA;96792;Vitakraft;1,0000;kom;5,89;5,89;;;5,89;4008239313881;Proizvodi za kuæanstvo
IGRAÈKA VK APORT ZA PSE 15 cm;96798;Vitakraft;1,0000;kom;3,89;3,89;;;3,84;4008239396563;Proizvodi za kuæanstvo
HRANA VK ZA MALE PAPIGE 1 kg;96813;Vitakraft;1,0000;kg;4,99;4,99;;;4,99;4008239181022;Proizvodi za kuæanstvo
HRANA VK ZA SREDNJE PAPI. 1kg;96816;Vitakraft;1,0000;kg;6,39;6,39;;;6,39;4008239106216;Proizvodi za kuæanstvo
KREKER ZA KANARINCE VITA. 60 g;96827;Vitakraft;0,0600;kom;1,72;28,67;;;1,72;4008239212474;Proizvodi za kuæanstvo
NAMAZ S-BUDGET DUO 750 g;96943;S-Budget;0,7500;kg;3,69;4,92;;;3,79;9100000819136;Hrana
UMAK DESPAR MASLINE 400 g;96962;Despar;0,4000;kg;2,19;5,48;;;2,25;8001300223139;Hrana
UMAK DESPAR BOLOGNESE 400 g;96966;Despar;0,4000;kg;2,19;5,48;;;2,25;8001300223108;Hrana
PODLOGA ZA TORTE DESPAR 400 g;97022;Despar;0,4000;kg;4,49;11,23;;;4,24;8001300804758;Hrana
RIŽA DESPAR RIBE 1 kg;97023;Despar;1,0000;kg;3,49;3,49;;;3,49;8001300400509;Hrana
RIŽA DESPAR ORIGINARIO 1 kg;97024;Despar;1,0000;kg;2,99;2,99;;;2,99;8001300400516;Hrana
FRITESI PILEÆI CEKIN 600 g;97029;Cekin;0,6000;kg;7,89;13,15;;;7,99;3850159141478;Hrana
MINERALNA VODA MIVELA 0,5 L;97272;Mivela;0,5000;l;1,39;2,78;;;1,39;8600599002816;Piæa
ÈAJNA KOBASICA XXL 330 g VAK.;97326;Pik;0,3300;kg;6,89;20,88;;;6,89;3850139010619;Hrana
CAPPUCCINO FRANCK ÈOKOL.200 g;97358;Franck;0,2000;kg;3,59;17,95;;;3,29;3858881084476;Piæa
SIR TOPLJENI CLASSIC 140 g;97491;Zdenka;0,1400;kg;2,19;15,64;;;2,25;3858888590093;Hrana
SIR TOPLJENI ÈARDAŠ 140 g;97492;Zdenka;0,1400;kg;2,19;15,64;;;2,25;3858888590109;Hrana
CORDON BLEU PILEÆI CEKIN 600 g;97494;Cekin;0,6000;kg;9,29;15,48;;;9,49;3850159141522;Hrana
MELEM U STICKU 4,5 g ;97508;Melem;1,0000;kom;3,89;3,89;;;3,69;3856007902840;Kozmetika
VODA ZA USTA PARODONTAX 500 ml;97514;Parodontax;0,5000;L;;13,70;6,85;8,59;7,99;5054563205575;Kozmetika
SIR TOPLJENI ŠUNKA ZDEN.140 g ;97894;Zdenka;0,1400;kg;2,19;15,64;;;2,25;3858888590116;Hrana
SIR TOPLJENI SPECIAL 140 g ;97899;Zdenka;0,1400;kg;2,19;15,64;;;2,25;3858888590147;Hrana
PAP.MARAM.S BUDGET 10/1 ;97968;S-Budget;10,0000;kom;0,89;0,09;;;0,79;8033954559067;Toaletne potrepštine
DODATAK JELIMA FANT ÆUFTE 60 g;98268;Podravka;0,0600;kg;1,39;23,17;;;1,39;3850104248948;Hrana
DOD.JE.FANT ZAPEÈENI GRAH 60g;98271;Podravka;0,0600;kg;1,39;23,17;;;1,39;3850104248894;Hrana
TEX MEX TACOS KOTANY 40 g;98326;Kotanyi;0,0400;kg;1,79;44,75;;;1,69;9001414418130;Hrana
ASIA WOK KOTANYI 38 g;98329;Kotanyi;0,0380;kg;1,79;47,11;;;1,69;9001414418109;Hrana
ZAÈ.BILJE DALMA.KOTANYI 63 g;98333;Kotanyi;0,0630;kg;5,59;88,73;;;5,29;9001414573075;Hrana
ZAÈ.ORIGANO USIT.KOTANYI 42 g;98336;Kotanyi;0,0420;kg;4,79;114,05;;;4,79;9001414502600;Hrana
ZELENO ZA JUHU KOTANYI 95 g;98337;Kotanyi;0,0950;kg;5,59;58,84;;;5,29;9001414502556;Hrana
PRAŠ.PECIVO DR.OETK.12 g (6+2);98443;Dr. Oetker;0,0720;kg;;13,75;0,99;1,32;1,32;5997381375535;Hrana
PERŠIN KOTANYI USITNJENI 35 g;98450;Kotanyi;0,0350;kg;4,99;142,57;;;4,99;9001414102817;Hrana
Sir Trapist Varaždinski;98497;Vindija;1,0000;kg;12,49;12,49;;;12,49;3850108057331;Hrana
KAKAO DR.OETKER ZA KOLAÈE 70 g;98714;Dr. Oetker;0,0700;kg;1,49;21,29;;;1,59;5997381346917;Hrana
ŠARENE MRVICE DR.OET.80 g;98717;Dr. Oetker;0,0800;kg;1,39;17,38;;;1,69;5907707051272;Hrana
KAKAO MRVICE DR.OET.80g;98720;Dr. Oetker;0,0800;kg;1,59;19,88;;;1,89;5907707051289;Hrana
ÈIPS PRINGLES ORIGINAL 165 g;98743;Pringles;0,1650;kg;;10,85;1,79;1,99;3,49;5053990127726;Hrana
UMAK YOUWOK KET.MAN.INDO.250ml;98794;;0,2500;l;3,79;15,16;;;3,49;8717228380075;Hrana
UMAK POCOLOCO FAJITA 430 g;98800;Poco Loco;0,4300;kg;4,39;10,21;;;4,39;5412514999841;Hrana
UMAK POCOLOCO BURRITO 440 g;98802;Poco Loco;0,4400;kg;4,39;9,98;;;4,39;5412514999834;Hrana
ULJE MASL.DESPA PREMIUM 750 ml;98895;Premium;0,7500;L;13,99;18,65;;;13,99;8001300085713;Hrana
ARTIÈOKE PREM.MASL.ULJU 280 g;98898;SPAR PREMIUM;0,2800;kg;5,49;19,61;;;5,49;8001300235002;Hrana
RAJÈICA SUŠ.DESP.PREMIUM.280 g;98899;Despar;0,2800;kg;2,99;10,68;;;3,05;8001300234999;Hrana
VINO MADIRAZ.POŠIP-RUK.0,75 L;98904;;0,7500;l;12,49;16,65;;;11,49;3859889833066;Piæa
OS.PIÆE S-BUD.JABUKA 0,2 L 25%;98905;S-Budget;0,2000;L;0,45;2,25;;;0,45;9100000754031;Piæa
RAJÈ.PASIRANA S-BUDGET 500 g;98937;S-Budget;0,5000;kg;,79;1,58;;;0,79;9100000985312;Hrana
RAJÈICA PELAT S-BUDGET 400 g;98940;S-Budget;0,4000;kg;0,99;2,48;;;0,99;9100000775845;Hrana
RAJÈICA POLPA S-BUDGET 400 g;98943;S-Budget;0,4000;kg;0,99;2,48;;;0,99;9100000996158;Hrana
GRAŠAK S-BUDGET 400 g;98947;S-Budget;0,2500;kg;1,39;5,56;;;1,39;8033954551436;Hrana
KAPARI PREMIUM USOLJENI 140 g;98970;SPAR PREMIUM;0,1400;kg;2,09;14,93;;;2,09;8001300235026;Hrana
MRAM.KOLAÈ S-BUDGET BLOK  400g;99007;S-Budget;0,4000;kg;2,98;7,45;;;2,98;9100000864303;Hrana
NAMAZ SIR.LIGHT Z BREGOV 200 g;99155;Vindija;0,2000;kg;1,89;9,45;;;1,89;3850108059083;Hrana
LIGNJA PAT.OÈIŠÆENA LEDO 400 g;99193;Ledo;0,4000;kg;9,79;24,48;;;9,79;3850116877341;Hrana
MASKA ELSEVE TOTAL REP.300 ml;99195;Elseve;0,3000;L;6,95;23,17;;;6,95;3600523569762;Kozmetika
REG.ELSEVE TOT.REPAIR 5 200 ml;99198;Elseve;0,2000;L;4,49;22,45;;;4,39;3600521706473;Kozmetika
ŠAMPON ELSEVE TOTAL 250 ml;99200;Elseve;0,2500;L;4,49;17,96;;;4,39;3600521704677;Kozmetika
RAJÈICA PASIR.PODRAVKA 3x200 g;99228;Podravka;0,6000;kg;1,99;3,32;;;1,99;3850104238260;Hrana
BAKALAR BIANCO 80 g;99294;Trenton;0,0800;kg;2,55;31,88;;;2,55;3859888906877;Hrana
MLIJEKO UHT 2,8% S BUDGET 1 L;99299;S-Budget;1,0000;L;0,75;0,75;;;0,79;3858889116247;Hrana
SIR GRAN.PADAN.RIBANI DE.100 g;99347;Despar;0,1000;kg;2,49;24,90;;;2,29;8001300651130;Hrana
TIJES.ZA LASAGN.S BUDGET 500 g;99349;S-Budget;0,5000;kg;1,99;3,98;;;1,99;8057204094306;Hrana
SIR MASCARPONE DESPAR 250 g;99353;Despar;0,2500;kg;2,49;9,96;;;2,49;8001300621034;Hrana
SIR PARMIG.REGG.DESPAR 100 g;99359;Despar;0,1000;kg;3,49;34,90;;;2,79;8001300683292;Hrana
VRHNJE ZA KUH. S BUDGET 200 ml;99381;S-Budget;0,2000;L;0,99;4,95;;;1,05;8033954556691;Hrana
SIR MOZZARELLA S BUDGET 125 g;99383;S-Budget;0,1250;kg;1,15;9,20;;;1,09;9100000783017;Hrana
SIR GORGONZOLA DESPAR 200 g;99386;Despar;0,2000;kg;2,99;14,95;;;2,99;8001300651222;Hrana
NJOKI OD KRUMPIRA DESPAR 500 g;99391;Despar;0,5000;kg;1,49;2,98;;;1,49;8001300615132;Hrana
JOGURT DESPAR KAVA 2X125 g;99393;Despar;0,2500;kg;0,99;3,96;;;0,99;8001300660057;Hrana
PILEÆI RASJEK TOP FILE;99427;Cekin;1,0000;kg;7,69;7,69;;;7,69;3850159110658;Hrana
ÈIPS PRINGL.S.CREAM&ONI.165 g;99437;Pringles;0,1650;kg;;10,85;1,79;1,99;3,49;5053990127740;Hrana
ŽIT.NESTLE COOKIE CRISP 375 g;99560;Nestlé;0,3750;kg;4,59;12,24;;;4,39;5900020011886;Hrana
IGRAÈKA VK ZA PSE JEŽ 7,5 cm;99631;Vitakraft;1,0000;kom;2,79;2,79;;;2,79;4008239397522;Proizvodi za kuæanstvo
PRALINE SPAR MAGNIFICO 200 g;99708;SPAR;0,2000;kg;3,59;17,95;;;3,59;9100000863979;Hrana
ENER.NAPITAK SB BEZ ŠEÆ.0,25 L;99709;S-Budget;0,2500;l;,59;2,36;;;0,63;9100000049540;Piæa
POSEBNA PIL/PUR WUDY POP 500 g;99745;Wudy;0,5000;kg;2,09;4,18;;;1,89;8008110001049;Hrana
LASAGNE DESPAR 500 g;99746;Despar;0,5000;kg;2,99;5,98;;;2,99;8001300415244;Hrana
KUKURUZ DESPAR 3X160 g;99748;Despar;0,4200;kg;3,09;7,36;;;3,09;8001300211976;Hrana
PIVO PAN ZLATNI 0,5 L P.A.;99784;Pan;0,5000;l;1,19;2,38;;;1,19;3858887580507;Piæa
KUKURUZ S-BUDGET 340 g;99859;S-Budget;0,2850;kg;1,09;3,82;;;1,15;9100000007274;Hrana
Kobasica kranjska rnf;99951;Podravka;1,0000;kg;12,99;12,99;;;12,99;3856020259297;Hrana
SRE.ZA ÈIŠÈ.PERIL.SOMAT 250 ml;100058;Somat;0,2500;L;3,95;15,80;;;3,95;90003714;Sredstva za èišæenje
ÈAJ EARL GREY AHMAD 40 g;100504;Ahmad;0,0400;kg;3,45;86,25;;;3,45;0054881005517;Piæa
ÈAJ ZELENI/JASMIN AHMAD 40 g;100505;Ahmad;0,0400;kg;3,45;86,25;;;3,45;0054881005654;Piæa
ÈAJ ZELENI S MENTOM AHMAD 40 g;100509;Ahmad;0,0400;kg;3,45;86,25;;;3,45;0054881007511;Piæa
ÈAJ ZELENI S LIMUNOM AH. 40 g;100510;Ahmad;0,0400;kg;3,45;86,25;;;3,45;0054881007535;Piæa
WH.CHIVAS REGAL 12YO 1 L;100595;Chivas Regal;1,0000;l;45,89;45,89;;;43,52;0080432400432;Piæa
BOMB.FRU FRU VOÆNA KARA. 400 g;102190;Sumi;0,4000;kg;4,69;11,73;;;4,99;3838700040944;Hrana
GEL-ŠAMPON FA KIDS 250 ml;102251;Fa;0,2500;L;2,79;11,16;;;3,49;9000100662468;Kozmetika
NEKTAR PREMIUM MARELICA 1 L;102410;Fructal;1,0000;L;2,39;2,39;;;2,29;3838945508995;Piæa
NEKTAR FRUCTAL KRUŠKA 1 L;102411;Fructal;1,0000;l;2,39;2,39;;;2,39;3838945509008;Piæa
VATA CIK-CAK TOSAMA 100 g;102579;Cikcak;0,1000;kg;2,15;21,50;;;2,15;3838985292038;Toaletne potrepštine
BOMB.MENTOL EXTRA STRONG 100 g;102606;Kraš;0,1000;kg;0,89;8,90;;;0,89;3850102215621;Hrana
KEKS JAFFA DUO KRAŠ 250 g;102615;Kraš;0,2500;kg;;7,96;1,99;2,69;2,69;3850102922833;Hrana
NAMAZ LINO LADA DUO 2,5 kg;102625;Podravka;2,5000;kg;14,99;6,00;;;20,99;3850104019791;Hrana
VOÆNI EUFORIJA DESERT MIX150 g;102747;Vindija;0,1500;kg;0,95;6,33;;;0,95;3850108037609;Hrana
JOGURT PROB.FORTIA NATUR 150 g;102750;Vindija;0,1500;kg;0,69;4,60;;;0,69;3850108035896;Hrana
SIR SVJEŽI 20% Z BREGOV 250 g;102755;Vindija;0,2500;kg;1,69;6,76;;;1,69;3850108058345;Hrana
OSVJ.PIÆE FIS JABUKA 1 L;102775;;1,0000;l;1,09;1,09;;;1,19;3850108072907;Piæa
OSVJ.PIÆE FIS NARANÈA 1 L;102778;;1,0000;l;1,09;1,09;;;1,19;3850108072938;Piæa
NEKTAR VINDI JABUKA 1 L;102784;Vlastite potrebe;1,0000;l;1,29;1,29;;;1,59;3850108078756;Piæa
OSVJ.PIÆE MANDAR/NARANÈ 250 ml;102789;;0,2500;l;0,69;2,76;;;0,69;3850108076202;Piæa
OSVJ.PIÆE NAR/JAB.VINDI 250 ml;102790;;0,2500;l;0,69;2,76;;;0,69;3850108077209;Piæa
VOÆ.NEKTAR BRESKVA VINDI 2 L;102796;;2,0000;l;2,99;1,50;;;3,05;3850108079555;Piæa
POMMES FRITES LEDO 2,5 kg;102879;Ledo;2,5000;kg;8,49;3,40;;;8,49;3850116795478;Hrana
DEBRECINKA 440 g VAK;103160;Pik;0,4400;kg;;9,75;4,29;4,39;4,29;3850139330977;Hrana
MESO USITNJENO PILEÆE 500 g;103225;Cekin;0,5000;kg;2,49;4,98;;;2,49;3850159111853;Hrana
HRENOV.PIL.PRIR.OVIT 240 g ;103232;Cekin;0,2400;kg;2,75;11,46;;;3,35;3850159121302;Hrana
POSEBNA KOBASICA 1 kg CEKIN;103235;Cekin;1,0000;kg;3,65;3,65;;;3,65;3850159125522;Hrana
PUREÆA POSEBNA 1 kg;103240;Vindon;1,0000;kg;3,69;3,69;;;3,69;3850159128349;Hrana
KOBAS.POSEBNA PUREÆA 500 g;103241;Vindon;0,5000;kg;2,25;4,50;;;2,25;3850159128356;Hrana
PUREÆI PARIZER 500 g;103243;Vindon;0,5000;kg;1,99;3,98;;;1,99;3850159128561;Hrana
ÈOKOLADA SEKA ZVEÈEVO 75 g;105384;Seka I Braco;0,0750;kg;1,49;19,87;;;1,19;3858881064843;Hrana
ÈOKOLADA BRACO ZVEÈEVO 75 g;105385;Zvecevo;0,0750;kg;1,49;19,87;;;1,19;3858881064874;Hrana
KRUŠNE MRVICE 250 g;105414;Klara;0,2500;kg;1,29;5,16;;;1,29;3858881322059;Hrana
KRASTAVCI ZVIJEZDA DELIK.670 g;105480;Zvijezda;0,3500;kg;2,99;8,54;;;2,99;3856015303240;Hrana
CIKLA ZVIJEZDA 670 g;105482;Zvijezda;0,3600;kg;2,59;7,19;;;2,69;3856015303813;Hrana
MAJONEZA ZVIJEZDA 400 g;105485;Zvijezda;0,4000;kg;4,29;10,73;;;3,99;3858882219020;Hrana
BRAŠNO KUKURUZNO ÈAK.MLIN.1 kg;106018;;1,0000;kg;1,59;1,59;;;1,59;3858884170169;Hrana
KRASTAVAC DOORA EXCLUS.350 g;106243;Doora;0,1700;kg;2,49;14,65;;;3,19;3858894540297;Hrana
KRASTAVCI DOORA 6-9 cm 670 g;106246;Doora;0,3300;kg;;5,12;1,69;2,49;2,49;3858894541348;Hrana
AJVAR DOORA BLAGI 350 g;106250;Doora;0,3500;kg;2,89;8,26;;;2,89;3858894541539;Hrana
SRED.ZA ÈIŠÆ.ODVODA FLUX 1 L;107571;Flux;1,0000;L;3,89;3,89;;;3,49;3859888110892;Sredstva za èišæenje
ULJE MASL.EK.DJ.MARINA 0,5 L;107622;Marina;0,5000;L;11,49;22,98;;;12,99;3859888295032;Hrana
ULJE ZA KOSU ÈIÈKOVO 60 ml;107635;Olival;0,0600;L;5,39;89,83;;;4,59;3859892751999;Kozmetika
ULJE AVOKADOVO ZA KOSU 60 ml;107636;Olival;0,0600;L;5,39;89,83;;;4,59;3859888345072;Kozmetika
ULJE ZA KOSU ORAHOVO 60 ml;107638;Olival;0,0600;L;5,39;89,83;;;4,59;3859888345126;Kozmetika
ULJE BADEMOVO ZA KOSU 60 ml;107639;Olival;0,0600;L;5,39;89,83;;;4,59;3859888345133;Kozmetika
SERUM ZA KOSU SILIKONSKI 30 ml;107643;Olival;1,0000;kom;5,99;5,99;;;5,99;3859888345256;Kozmetika
KREMA ZA RUKE I NOKTE 75 ml;107657;Olival;0,0750;L;3,29;43,87;;;3,09;3859888345591;Kozmetika
VINO ROSO PELJEŠAC 1 L;107753;;1,0000;l;5,69;5,69;;;5,59;3859888568112;Piæa
VINO ANTUNOVIÆ PLAVAC 0,75 L;107880;;0,7500;l;5,69;7,59;;;5,69;3859889063029;Piæa
KEKSI ZOBELIX  BEZ ŠEÆ.200 g;107884;Delicia;0,2000;kg;3,39;16,95;;;3,39;3859889106122;Hrana
TARTUFI I MASLINE ZIGANTE 80 g;107891;Zigante;0,0800;kg;6,99;87,38;;;6,99;3859889179652;Hrana
LISTOVI ZA SAVIJ.PAN PEK 500 g;108300;Pan Pek;0,5000;kg;1,99;3,98;;;1,85;3859890733102;Hrana
KUPUS KIS.REZANI 500 g;108429;;0,4350;kg;1,09;2,51;;;1,06;3859891493036;Hrana
KUPUS KIS.MIX ZA SARMU 1 kg;108636;;1,0000;kg;3,49;3,49;;;3,29;3859891493098;Hrana
VINO HERCEG ŽILAVKA 0,75 L;108700;;0,7500;l;4,49;5,99;;;4,69;3870083000696;Piæa
VL.MAR.BABY CARE VIOLETA 72/1;108709;Violeta;72,0000;kom;2,09;0,03;;;2,09;3870128000957;Toaletne potrepštine
GAZIRANO PIÆE SKY COLA 2 L;108763;Sky;2,0000;l;1,79;0,90;;;1,79;3871059000481;Piæa
SKY ORANGE 2 L;108764;Sky;2,0000;l;1,79;0,90;;;1,79;3871059000504;Piæa
KIKIRIKI EUROCOMPANY SL.250 g;108782;EUROCOMPANY;0,2500;kg;2,15;8,60;;;1,83;3872084000033;Hrana
ZOB.MEKE PAHULJ.KOELLN 500 g;108874;Kölln;0,5000;kg;2,99;5,98;;;2,99;4000540080100;Hrana
PIVO ERDIN.PP 2BOCE+ÈAŠA;109005;Erdinger;1,0000;kom;6,55;6,55;;;6,55;4002103294917;Piæa
MARCIPAN ZENTIS 100 g;109040;Zentis;0,1000;kg;;14,90;1,49;1,99;1,99;4062432006759;Hrana
MAR.DR.BECKMANN ZA UPIJ.B.24/1;109767;Dr. Beckmann;24,0000;kom;4,59;0,19;;;4,59;4008455500614;Proizvodi za kuæanstvo
RUM OLD PASCAS WHITE RUM 0,7L;110489;Old Pascas;0,7000;l;11,99;17,13;;;11,99;4062400171304;Piæa
LIKER JAGERMEISTER 1,75 L;110491;;1,7500;L;36,99;21,14;;;36,99;4067700015006;Piæa
ZUB.KONAC OB SUPERFLOSS 50TH.;110502;;1,0000;kom;;1,99;1,99;4,25;4,25;8700216538961;Kozmetika
WHISKY JAMESON 0,7L + 2 ÈAŠE;111269;Jameson;0,7000;l;;32,84;22,99;23,99;24,02;0080432103821;Piæa
PIVO O´HARA CRVENO IRSKO 0,5 L;112110;Oharas;0,5000;l;3,02;6,04;;;3,02;5391500600025;Piæa
PIVO O´HARA TAMNO IRSKO 0,5 L;112111;Oharas;0,5000;l;3,02;6,04;;;3,02;5391500600032;Piæa
TORTILL.POCO LOCO 6X25cm 370 g;112290;Poco Loco;0,3700;kg;2,69;7,27;;;2,69;5412514350000;Hrana
TORTILL.POCO LOCO 8X20cm 320 g;112291;Poco Loco;0,3200;kg;2,49;7,78;;;2,49;5412514555559;Hrana
UMAK POCOLOCO SOUR CREAM 300 g;112292;Poco Loco;0,3000;kg;3,49;11,63;;;3,49;5412514930530;Hrana
UMAK POCOLOCO BARBECUE 330 g;112293;Poco Loco;0,3300;kg;3,09;9,36;;;3,09;5412514930936;Hrana
ÈAJ TEEKA. PLANINSKI RAJ 36 g;112568;Teekanne;0,0360;kg;1,89;52,50;;;1,65;5901086001491;Piæa
MAGNUM CAW MULTIPACK 6x55 ml;112910;Magnum;0,3300;L;7,99;24,21;;;7,19;8711327609082;Hrana
VINO GATO NEGRO CS 0,75 L;114460;;0,7500;l;5,6;7,47;;;5,6;7804300010638;Piæa
LIZALICE FLOPITO COLA 400 g;114529;Flopito;0,4000;kg;3,99;9,98;;;3,99;7896321004253;Hrana
LIKER LIMONCE 0,5L;114709;Stock;0,5000;l;10,02;20,04;;;10,02;8000440112815;Piæa
STOCK 84 0,7 L +2 ÈAŠE;114712;Stock;0,7000;L;;19,99;13,99;19,38;19,38;8000440600022;Piæa
LIMUN S BUDGET 500 g;116710;S-BUDGET;0,5000;kg;1,39;2,78;;;0,99;8475843257966;Hrana
DVOPEK MISURA FIBREXTRA 320 g;119154;Misura;0,3200;kg;2,52;7,88;;;2,52;8002590043148;Hrana
DVOP.MISURA BEZ DODAN.ŠEÆ.320g;119155;Misura;0,3200;kg;2,52;7,88;;;2,52;8002590043155;Hrana
ŠPINAT 400 g;128943;;0,4000;kg;1,99;4,98;;;1,99;8012566013426;Hrana
OCAT BALSAMICO U KREMI 250 ml;128976;Carandini;0,2500;l;5,49;21,96;;;5,49;8014347006801;Hrana
FLIPS MB CLIPSY DINI KEÈ.30 g;142304;Marbo;0,0300;kg;0,95;31,67;;;0,99;8606103039255;Hrana
UM.YOUWOK THAI.SW.CHIL.250 ml;143448;;0,2500;l;3,79;15,16;;;3,49;8717228380020;Hrana
UMAK YOUWOK SWEET&SOUR 250 ml;143449;;0,2500;l;3,79;15,16;;;3,49;8717228380044;Hrana
UMAK YOUWOK SWEET CHILLI 250ml;143450;;0,2500;l;3,79;15,16;;;3,49;8717228380051;Hrana
SOJINE KLICE YOUWOK  330 g;143452;Youwok.Com;0,3300;kg;2,39;7,24;;;2,39;8717228380099;Hrana
TJES.RIŽA YOUWOK VERMIC. 250 g;143454;;0,2500;kg;3,49;13,96;;;3,18;8717228380174;Hrana
GEL ZA KOSU TAFT POW.E.250 ml;144127;Taft;0,2500;L;5,39;21,56;;;4,79;9000101723588;Kozmetika
KRASTAVAC SALATAR kom;148952;;1,0000;kom;1,29;1,29;;;0,99;8058056199577;Hrana
Lastavica balavica 200-400 g;149070;;1,0000;kg;7,49;7,49;;;13,49;93856024303005;Hrana
Jabuka Zlatni Delišes rfs;149127;;1,0000;kg;1,69;1,69;;;1,59;3859889267847;Hrana
Jabuka Idared rfs;149147;S-BUDGET;1,0000;kg;1,69;1,69;;;1,39;3858893252429;Hrana
Kruška Nashi rfs;149228;;1,0000;kg;3,49;3,49;;;2,12;111;Hrana
Jabuka Fuji rfs;149317;;1,0000;kg;1,79;1,79;;;1,39;3859889267908;Hrana
KUPUS KIS. GLAVE OGULIN;149398;;1,0000;kg;1,99;1,99;;;1,99;3859891493012;Hrana
Lubenica rfs;149499;;1,0000;kg;1,79;1,79;;;2,29;171;Hrana
Rotkva crna rfs;149704;;1,0000;kg;1,09;1,09;;;1,09;3858885876411;Hrana
PUREÆI ZABATAK MINI;149759;Vindon;1,0000;kg;10,59;10,59;;;10,59;3850339403006;Hrana
ŠAMPON SCHAUMA Q10 400 ml;150831;Schauma;0,4000;L;2,99;7,48;;;2,79;3838824193106;Kozmetika
SPUŽVA TIP-TOP 3/1;151011;;3,0000;kom;3,29;1,10;;;3,29;4003790023996;Proizvodi za kuæanstvo
SOJA PUDING ALP.TA.ÈOK.4X125 g;151096;Alpro;0,5000;kg;3,69;7,38;;;3,69;5411188094159;Piæa
SLA.TWICE ŠUM.V-VAN-PUNÈ 1,7 L;151121;Ledo;1,7000;L;4,49;2,64;;;4,49;3850116867519;Hrana
Plavica HR;151152;;1,0000;kg;3,99;3,99;;;3,59;;Hrana
Sir kravlji Špin;151169;Agrolaguna;1,0000;kg;18,99;18,99;;;24,49;3858881190757;Hrana
Trlja od kamena 100-200 g;151214;;1,0000;kg;20,99;20,99;;;26,99;93856024301520;Hrana
INTIMNI SAPUN CHILLY 250 ml;151369;Chilly;0,2500;L;4,85;19,40;;;4,85;8002410031973;Toaletne potrepštine
ÈOK.KIT KAT NESTLE 200 g;151383;Nestlé;0,2000;kg;4,19;20,95;;;4,69;5000189974579;Hrana
OCAT VOÆNI PONTI 250 ml;151399;Ponti;0,2500;l;3,99;15,96;;;3,59;8001010076568;Hrana
UMAK TABASCO ILHENNY 150 ml;151400;Mc Ilhenny;0,1500;l;9,28;61,87;;;9,28;0011210000155;Hrana
UMAK KIKKOMAN OD SOJE 150 ml;151401;Kikkoman;0,1500;l;5,89;39,27;;;5,89;8715035110106;Hrana
ÈOBANAC PODRAVKA 400 g;151405;Podravka;0,4000;kg;5,09;12,73;;;4,39;3858886463863;Hrana
Kobasica kranjska rnf;152026;Gavrilovic;1,0000;kg;9,79;9,79;;;9,79;3858892720707;Hrana
DOMAÆI BREND 0,10 L ZVEÈEVO;152054;;0,1000;l;1,62;16,20;;;1,65;3858894171323;Piæa
Hamburger rolani vac 1/2;152164;;1,0000;kg;;13,99;13,99;15,59;15,59;3858881223660;Hrana
RAKIJA KOMOVICA VINOPLOD 0,1 L;152256;;0,1000;L;1,75;17,50;;;1,75;3859890650133;Piæa
RAKIJA TRAVARICA VINOPL. 0,1 L;152257;;0,1000;L;1,75;17,50;;;1,75;3859890650119;Piæa
Kobasica srijem.maxi;152258;Gavrilovic;1,0000;kg;;14,99;14,99;20,99;20,99;3858892725610;Hrana
Naranèa Natalia rfs;152288;;1,0000;kg;1,99;1,99;;;1,99;60;Hrana
INS.KAVA NESCAFE CLASSIC 2 g;152290;Nescafe;0,0020;kom;0,49;245,00;;;0,45;7613036442275;Piæa
Mesni narezak ;152295;Gavrilovic;1,0000;kg;11,99;11,99;;;11,99;3858881229068;Hrana
MEKSIÈKI MIX BONDUELLE 400 g;152326;Bonduelle;0,4000;kg;2,29;5,73;;;2,29;3083680585903;Hrana
MAK NADJEV ŠAFRAM 200 g;152369;Safram;0,2000;kg;;7,15;1,43;2,39;2,38;3859890104674;Hrana
ORAH NADJEV ŠAFRAM 200 g ;152370;;0,2000;kg;;10,45;2,09;3,49;3,58;3859890104681;Hrana
RAKIJA ŠLJIVOVICA ST.DOM. ÈUTU;152411;;0,7000;l;19,02;27,17;;;19,02;3850158301002;Piæa
KAVA MLJEVENA 175 g ARABESCA;152784;Arabesca;0,1750;kg;3,99;22,80;;;3,99;3858886801924;Piæa
PELINKOVAC 0,10 L ZVEÈEVO;152963;;0,1000;l;1,62;16,20;;;1,65;3858894170982;Piæa
PRSNI VRŠAK SUHI VP;153010;Pik;1,0000;kg;7,99;7,99;;;7,99;3850139330748;Hrana
PIVO BUDWEISER SVIJ. PA. 0,5 L;153054;Budweiser Budvar;0,5000;l;1,35;2,70;;;1,35;8594403705294;Piæa
VINO POSTUP MATUŠKO 0,75 L;153088;;0,7500;l;12,29;16,39;;;12,88;3859889396158;Piæa
KOMPOT S-BUDGET VIŠ.BK.680 g;160024;S-Budget;0,3400;kg;1,85;5,44;;;1,85;3858889110504;Hrana
BOMBONI DESPAR GUM.DUDIC.175 g;160092;Despar;0,1750;kg;0,99;5,66;;;0,99;8001300741619;Hrana
BOMBONI DESPAR MENTA 200 g;160094;Despar;0,2000;kg;1,79;8,95;;;1,79;8001300741534;Hrana
BOM.DESPAR GUMENI COLA 175 g;160096;Despar;0,1750;kg;0,99;5,66;;;0,99;8001300741602;Hrana
BOMBONI DESPAR ANIS 200 g;160098;Despar;0,2000;kg;1,59;7,95;;;1,59;8001300741510;Hrana
PRALINE JELLY KANDIT 200 g;160137;Kandit;0,2000;kg;2,79;13,95;;;2,79;3858881041233;Hrana
PRALINE ŽELE CHOCO JELLY 200 g;160142;Kandit;0,2000;kg;2,79;13,95;;;2,79;3858881041257;Hrana
ÈOKOLADA TWIX EXTRA 75 g;160145;Twix;0,0750;kg;1,49;19,87;;;1,49;5900951312250;Hrana
COUS COUS NATUR PUR 500 g;160174;Natur pur;0,5000;kg;1,99;3,98;;;1,99;9100000037486;Hrana
KUKURUZNI GRIS NATUR PUR 500 g;160186;Natur pur;0,5000;kg;1,39;2,78;;;1,39;9100000913858;Hrana
PAH.ZOB.NATUR PUR KRUPN.500 g;160197;Natur pur;0,5000;kg;1,79;3,58;;;1,85;9100000027302;Hrana
PAHULJICE PIR NATUR PUR 500 g;160198;Natur pur;0,5000;kg;2,79;5,58;;;2,79;9100000027265;Hrana
SALA.FRANCUSKA ZVIJEZDA 500 g;160229;Zvijezda;0,5000;kg;4,49;8,98;;;4,59;3856015300331;Hrana
PRALINE KANDIT 200 g;160247;Kandit;0,2000;kg;2,79;13,95;;;2,79;3858881041219;Hrana
PROSSECO BLU 0,75 L;160262;Ekskluzivno za SPAR;0,7500;l;5,62;7,49;;;5,62;8000468542458;Piæa
SIR EDAMAC ZDENKA 400 g;160328;Zdenka;0,4000;kg;5,79;14,48;;;5,79;3858888590475;Hrana
SIR SVJ.POSNI ZDENKA 500 g;160338;Zdenka;0,5000;kg;2,89;5,78;;;2,89;3858888590215;Hrana
MAJONEZA U TUBI DESPAR 143 g;160346;Despar;0,1430;kg;1,19;8,32;;;1,19;8001300243144;Hrana
GEL VENEFORTE 250 ml;160347;Encian;0,2500;L;4,19;16,76;;;4,19;3859891205899;Kozmetika
KREMA COREGA NEUTRAL 40g;160355;Corega;1,0000;kom;5,99;5,99;;;7,29;5054563203106;Kozmetika
UMAK TARTAR DESPAR 250 ml;160356;Despar;0,2500;L;2,29;9,16;;;2,29;8001300274025;Hrana
MIJEŠANA SALATA S-BUDGET 670 g;160365;S-Budget;0,3600;kg;1,59;4,42;;;1,99;3858889112287;Hrana
DRINK DANONINO JAGODA 4X100 g;160402;Danone;0,4000;kg;2,79;6,98;;;2,59;5941209010849;Hrana
ÈIPS PRINGLES HOT&SPICY 165 g;160557;Pringles;0,1650;kg;;10,85;1,79;1,99;3,49;5053990127665;Hrana
PRIMA BRAND BADEL 1862 0,7 L;160593;Prima;0,7000;l;9,55;13,64;;;8,92;3850112141323;Piæa
LED.ÈAJ DESPAR BRESK. 3X200 ml;160597;Despar;0,6000;l;1,45;2,42;;;1,45;8001300151180;Piæa
LED.ÈAJ DESPAR LIMUN 3X200 ml;160599;Despar;0,6000;l;1,45;2,42;;;1,45;8001300151173;Piæa
LIKER CHERRICA ÈUTURA 0,7L;160646;Maraska;0,7000;l;14,02;20,03;;;14,02;3850158401122;Piæa
MARAM.ZEWA 3D ZOO BOX 60/1 ;160768;Zewa;60,0000;kom;1,99;0,03;;;1,98;7322540413977;Toaletne potrepštine
ŽITARICE LINO CRUNCH 225 g;160793;Podravka;0,2250;kg;3,29;14,62;;;3,29;3850104250972;Hrana
MASLAC ZDENKA 250 g;160916;Zdenka;0,2500;kg;3,29;13,16;;;3,29;3858888590345;Hrana
DES.SVJ.SIR DUKATINO 6x50 g;160968;Dukat;0,3000;kg;2,79;9,30;;;2,49;3850354015116;Hrana
TORTELLI.AURELIA 4 SIRA 250 g;161016;Aurelia;0,2500;kg;2,79;11,16;;;2,79;3859890561019;Hrana
TORTELLINI AURELIA PRŠUT 250 g;161017;Aurelia;0,2500;kg;2,79;11,16;;;2,79;3859890561071;Hrana
KRASTAVCI DROGA DELIK.680 g;161288;Droga Kolinska;0,3600;kg;3,49;9,69;;;3,49;3830042561897;Hrana
RAJÈICA PASIRANA DESPAR 500 g;161330;Despar;0,5000;kg;0,99;1,98;;;0,99;8001300223207;Hrana
RAJÈICA POLPA DESPAR 2X210 g;161331;Despar;0,4200;kg;1,79;4,26;;;1,79;8001300223160;Hrana
KOMPOT DESPAR VOÆNI MIX 415 g;161333;Despar;0,2500;kg;2,09;8,36;;;2,09;8001300293279;Hrana
ŠAMPON SCHAUMA AD INT.400 ml;161387;Schauma;0,4000;L;3,99;9,98;;;3,79;3838824208985;Kozmetika
DEO STICK DOVE COMFORT 50 ml;161487;Dove;1,0000;kom;5,20;5,20;;;5,20;59099710;Kozmetika
GEL ZA TUŠ.DOVE MEN 250 ml;161514;Dove;0,2500;L;2,99;11,96;;;2,99;8720181313417;Kozmetika
DEO SPRAY DOVE MEN 150 ml;161522;Dove;0,1500;L;5,20;34,67;;;5,20;8720181284335;Kozmetika
ROLL ON DOVE COOL FRESH 50 ml;161523;Dove;0,0500;L;5,20;104,00;;;5,20;59092605;Kozmetika
ROLL ON DOVE CLEAN 50 ml;161525;Dove;0,0500;L;5,20;104,00;;;5,20;59092575;Kozmetika
BOMBONIJERA GRIOTTE 204 g;161633;Griotte;0,2040;kg;5,70;27,94;;;5,76;3850102125821;Hrana
PEL.PAMPERS PREMIUM CARE 52/1;161760;Pampers;52,0000;kom;14,99;0,29;;;14,99;4015400278818;Toaletne potrepštine
PEL.PAMPERS PREMIUM CARE 60/1;161761;Pampers;60,0000;kom;14,99;0,25;;;14,99;4015400274780;Toaletne potrepštine
PEL.PAMPERS PREMIUM CARE 44/1;161762;Pampers;44,0000;kom;14,99;0,34;;;14,99;4015400278870;Toaletne potrepštine
SIR SVJ.ZAGREBAÈKI DUKAT 375 g;161785;Dukat;0,3750;kg;;6,37;2,39;2,99;2,99;3850355002498;Hrana
VODA ZA USTA LISTERINE 500 ml;161830;Listerine;0,5000;L;6,49;12,98;;;6,29;5010123703585;Kozmetika
VODA ZA USTA LISTERINE 500 ml;161833;Listerine;0,5000;L;6,49;12,98;;;6,29;5010123703547;Kozmetika
LAK ZA KOSU SYOSS 300 ml;161846;Syoss;0,3000;L;;8,17;2,45;4,95;4,95;9000100590464;Kozmetika
LAK ZA KOSU SYOSS 300ml;161851;Syoss;0,3000;L;4,95;16,50;;;4,95;9000100590242;Kozmetika
LAK ZA KOSU SYOSS 300 ml;161853;Syoss;0,3000;L;4,95;16,50;;;4,95;9000100589956;Kozmetika
PJENA ZA KOSU SYOSS 250ml;161855;Syoss;0,2500;l;6,19;24,76;;;6,19;9000100590891;Kozmetika
VODA ZA USTA LISTERINE 250 ml;161861;Listerine;0,2500;L;4,79;19,16;;;4,69;5010123703431;Kozmetika
VODA ZA USTA LISTERINE 250 ml;161862;Listerine;0,2500;L;4,79;19,16;;;4,69;5010123703509;Kozmetika
VINO ERDUTSKI TRAMINAC 0,75 L;161928;;0,7500;l;4,99;6,65;;;6,02;3859889193016;Piæa
NEKTAR S-BUDGET NARANÈA 2 L;161973;S-Budget;2,0000;l;1,79;0,90;;;1,95;3858889111938;Piæa
NEKTAR S-BUDGET JABUKA 2 L;161974;S-Budget;2,0000;l;1,79;0,90;;;1,75;3858889111921;Piæa
NEKTAR S-BUDGET MULTIVITAM.2 L;161975;S-Budget;2,0000;l;1,99;1,00;;;1,85;3858889111945;Piæa
GIN LORDSON DRY 0,7 L;162052;;0,7000;L;8,09;11,56;;;8,49;3228825150848;Piæa
VINO PLAVAC MALI DUB.PO.0,75 L;162380;;0,7500;L;9,99;13,32;;;9,58;3859890164104;Piæa
ULJE MASLINOVO OL ISTRIA 0,5 L;162434;Ol Istria;0,5000;L;16,49;32,98;;;14,99;3858881192706;Hrana
ULJE MASLINOV.OL ISTRIA 0,75 L;162435;Ol Istria;0,7500;L;22,59;30,12;;;20,49;3858881192713;Hrana
DESERT KINDER PINGUI 4X30 g;162536;Kinder;0,1200;kg;2,69;22,42;;;2,39;8000500119716;Hrana
KAŠA HAJDINSKA MGP 1 kg;162617;Mgp;1,0000;kg;4,99;4,99;;;5,04;3859889377010;Hrana
KAŠA JEÈMENA MGP 1kg;162619;Mgp;1,0000;kg;1,29;1,29;;;1,29;3859889377034;Hrana
ZAÈIN VEGETA STAKLO 400 g;162622;Podravka;0,4000;kg;3,79;9,48;;;3,79;3850104249600;Hrana
PUDING ÈOKOLADA PREMIUM 53 g;162643;Podravka;0,0530;kg;;13,96;0,74;0,99;0,99;3850104249464;Hrana
PUDING BURBON PODRAVKA 37 g;162645;Podravka;0,0370;kg;0,99;26,76;;;0,99;3850104249471;Hrana
ŠEÆER RUM DOLCELA 10 g;162649;Podravka;0,0100;kg;0,29;29,00;;;0,39;3850104249495;Hrana
ZAÈ.BILJE NA DALMATINSKI 14 g;162653;Kotanyi;0,0140;kg;1,19;85,00;;;0,99;9001414218037;Hrana
ZAÈIN WOK KOTANYI 84 g;162655;Kotanyi;0,0840;kg;3,29;39,17;;;2,99;9001414541494;Hrana
ZAÈIN VEGETA NATUR 150 g;162657;Podravka;0,1500;kg;2,19;14,60;;;2,19;3850104248832;Hrana
BOJA ZA KOSU CASTING 360;162853;LOREAL;1,0000;kom;7,99;7,99;;;6,59;3600521373002;Kozmetika
MUES.5 VRSTA VOÆA VIOLA 500 g;162980;Viola;0,5000;kg;4,99;9,98;;;4,99;4000446017705;Hrana
MLIJEKO UHT 0,9% MEGGLE 1 L ;162986;Meggle;1,0000;L;1,05;1,05;;;1,19;3870085010105;Hrana
MEDITERAN.MJEŠAVI.KOTANYI 40 g;163017;Kotanyi;0,0400;kg;3,99;99,75;;;3,99;9001414541371;Hrana
ZAÈIN PAPRIKA SLATKA 35 g;163019;Kotanyi;0,0350;kg;1,09;31,14;;;0,92;9001414119204;Hrana
ŠAMPINJONI SPAR 1.KLASA 280 g;163056;SPAR;0,1700;kg;1,59;9,35;;;1,59;9100000749563;Hrana
ŠAMPINJONI SPAR 2.KLASA 330 g;163057;SPAR;0,2000;kg;1,89;9,45;;;1,89;9100000749587;Hrana
ŽITARI.NESTLE FITNESS LS 375 g;163593;Nestlé;0,3750;kg;4,99;13,31;;;4,69;7613032853815;Hrana
KUKURUZ ŠEÆ.BONDUELLE 340 g;163761;Bonduelle;0,2850;kg;1,69;5,93;;;1,69;3083680053303;Hrana
FLAST.LOLA CARE CLASSIC 20/1;163766;Lola;20,0000;kom;1,59;0,08;;;1,59;3858881104099;Toaletne potrepštine
PRO SPORT IZOTON.NARANÈA0,75 L;163843;;0,7500;l;1,59;2,12;;;1,59;3858884603957;Piæa
VRHNJE KISELO Z BREGOV 900 g;163974;Vindija;0,9000;kg;3,99;4,43;;;3,99;3850108036473;Hrana
KREMA ROSAL FAMILY 250 ml;164339;Rosal;0,2500;L;4,49;17,96;;;4,79;3856007903359;Kozmetika
SOK SKY COLA 0,5 L GAZIRANI;164348;Sky;0,5000;l;,99;1,98;;;0,99;3871059000146;Piæa
MARG.NAMAZ MARGARITA 500 g;164386;Bakina Kuhinja;0,5000;kg;1,79;3,58;;;1,59;3858883227406;Hrana
SIR RIBANI PAŠKI 40 g;164395;Paska Sirana;0,0400;kg;0,99;24,75;;;0,99;3859889426138;Hrana
UMAK POCO LOCO GUACAMOLE 300 g;164462;Poco Loco;0,3000;kg;3,99;13,30;;;3,99;5412514999957;Hrana
SLAD.MINI QUATTRO CLASS.900 ml;164473;Ledo;0,9000;l;4,99;5,54;;;4,99;3850116036359;Hrana
VINO II BARONE MERLOT 0,75 L;164512;Weingut Schloss Fels;0,7500;l;3,21;4,28;;;3,21;9100300100354;Piæa
VINO II BAR.CHARDONNAY 0,75 L;164513;Weingut Schloss Fels;0,7500;L;3,62;4,83;;;3,62;9100000106366;Piæa
ÈAJNA KOBASICA NAR 100 g ;164522;Pik;0,1000;kg;;23,90;2,39;2,65;2,65;3850139010435;Hrana
DES.KINDER MILCHSCHNITT.5x28 g;164954;Kinder;0,1400;kg;;20,64;2,89;3,39;2,99;8000500062654;Hrana
JUHA S MESN. I GRIS OKR.52 g;165193;Podravka;0,0520;kg;1,49;28,65;;;1,49;3850104249662;Hrana
PILEÆI MINI FILE 400 g;165199;Cekin;0,4000;kg;6,29;15,73;;;6,29;3850159110900;Hrana
DEO SPR.GARNIER EXTREME 150 ml;165226;Garnier;0,1500;L;4,79;31,93;;;4,59;3600540889584;Kozmetika
DEO ROLL ON GARNIER EXTR.50 ml;165238;Garnier;0,0500;L;4,79;95,80;;;4,59;3600540893154;Kozmetika
BRITVICE GILL.VENUS 3 PLUS 3/1;165262;Gillette;3,0000;kom;3,79;1,26;;;3,69;7702018018116;Kozmetika
ZAÈ.PAPAR+SOL GRATIS 185 g;165269;Kotanyi;0,1850;kg;3,99;21,57;;;3,44;9001414130148;Hrana
ENERGETS.PIÆE RED BULL 0,355 L;165362;Red Bull;0,3550;l;2,39;6,73;;;2,39;9002490210939;Piæa
NAPITAK NATUR PUR SOJA 1 L;165424;Natur pur;1,0000;l;1,99;1,99;;;1,99;9100000090726;Piæa
GRAŠAK MRKVA SPAR 800 g;165447;SPAR;0,5300;kg;2,59;4,89;;;2,59;9100000074108;Hrana
GRAŠAK MRKVA SPAR 400 g;165448;SPAR;0,2650;kg;1,79;6,75;;;1,79;9100000073002;Hrana
TORTA ROÐENDANSKA LEDO 1 kg;165537;Ledo;1,0000;kg;19,99;19,99;;;17,99;3850116875873;Hrana
ŠPINAT SPAR NATUR PUR 450 g;165605;Natur pur;0,4500;kg;2,49;5,53;;;2,49;9100000301532;Hrana
MLIJEKO UHT 2,8% Z BREG.6x1 L;165653;Vindija;6,0000;L;5,99;1,00;;;5,34;3850108020588;Hrana
SL.CONTE VAN.S-BUDGET 6x120 ml;165689;S-Budget;0,7200;L;2,99;4,15;;;2,99;9100000760582;Hrana
VINO ROSO PLAVAC 0,75 L;165871;;0,7500;l;5,69;7,59;;;5,69;3859888568068;Piæa
SIR MASCARPONE GALBANI 500 g;165916;Galbani;0,5000;kg;6,99;13,98;;;6,49;8606002113476;Hrana
SPLENDID SRE.ZA ÈIŠ.KUP.750 ml;166159;Splendid;0,7500;l;2,59;3,45;;;2,59;9100000727080;Sredstva za èišæenje
SPLENDI.SR.ZA ÈIŠ.STAKLA750 ml;166160;Splendid;0,7500;L;1,99;2,65;;;1,89;9100000727103;Sredstva za èišæenje
KAŠICA HIPP TJESTEN.NAP.250 g;166167;Hipp;0,2500;kg;2,38;9,52;;;2,38;4062300462229;Hrana
ZUBNA PASTA SENSODYNE 75 ml;166196;Sensodyne;0,0750;L;7,49;99,87;;;5,59;5999518581956;Kozmetika
Tlaèenica;166217;Medven;1,0000;kg;6,49;6,49;;;6,49;3859893170928;Hrana
PIVO STAROPRAMEN 0,5 L P.A.;166566;Staropramen;0,5000;l;1,29;2,58;;;1,29;3850131001790;Piæa
PREZ.DUREX FEEL ULTRA THIN 3/1;166583;Durex;3,0000;kom;4,89;1,63;;;5,49;5038483866047;Toaletne potrepštine
VODA MIN.STUDENAC 1 L NAVOJNI;166599;;1,0000;l;0,62;0,62;;;0,62;3856022300867;Piæa
ÈOKOLADA MILKA ALPSKO ML. 80 g;166884;Milka;0,0800;kg;1,03;12,88;;;0,99;7622300424695;Hrana
KEKSI MILKA CHOCO MALINA 147 g;166885;Milka;0,1470;kg;1,19;8,10;;;1,05;7622300479107;Hrana
KEKS MILKA CHO.ÈOK.MOUS.128 g;166886;Milka;0,1280;kg;1,19;9,30;;;1,05;7622300479084;Hrana
KEKS MILKA CHOCO NARANÈA 147 g;166887;Milka;0,1470;kg;1,19;8,10;;;1,05;7622300479138;Hrana
Bio dagnja;166915;;1,0000;kg;4,99;4,99;;;4,19;;Hrana
JEGER SLJEME 600 g;166936;Sljeme;0,6000;kg;4,29;7,15;;;4,29;3850139331134;Hrana
JUHA BISTRA PODRAVKA 52 g;166999;Podravka;0,0520;kg;0,99;19,04;;;0,99;3850104252518;Hrana
SLA.S BUDGET CONTE LJ 6x120 ml;167015;S-Budget;0,7200;L;2,99;4,15;;;2,99;9100000756448;Hrana
SOMERSBY APPLE CIDER 0,33 L;167044;Somersby;0,3300;l;1,68;5,09;;;1,68;7310070764973;Piæa
BU SALVETE 1-SL BIJELE 100/1;167052;S-BUDGET;100,0000;kom;0,69;0,01;;;0,69;3859891806669;Proizvodi za kuæanstvo
Sir Gouda Dukat;167188;Dukat;1,0000;kg;6,49;6,49;;;6,49;3850355002726;Hrana
BRITVICE GILLETTE BLUE 10+4;167354;Gillette;10,0000;kom;7,19;0,72;;;7,19;7702018466979;Kozmetika
KAKAO PLOÈA SPAR FF 100 g;167380;SPAR free from;0,1000;kg;4,69;46,90;;;4,69;9100000046068;Hrana
MLIJEKO KOZJE ´Z BREGOV 1 L;167385;Vindija;1,0000;L;2,59;2,59;;;2,59;3850108026108;Hrana
PILEÆI RAŽNJIÆI KIDS 450 g;167470;Vindija;0,4500;kg;7,29;16,20;;;7,29;3850159150128;Hrana
WHISKEY THE FAMO.GROUSE 0,7 L;167476;Famous Grouse;0,7000;L;18,52;26,46;;;18,52;5010314700003;Piæa
ŽITNA KAŠICA VANILINO 200 g;167486;Lino;0,2000;kg;2,29;11,45;;;2,29;3850104251917;Hrana
SALAMA PANONA NAR 100 g ;167540;Pik;0,1000;kg;2,99;29,90;;;2,89;3850139010855;Hrana
VINO KUPINOVO ÈUKOVIÆ 0,75 L;167547;;0,7500;l;10,79;14,39;;;9,42;3859890123033;Piæa
OCAT JABUÈNI ORAH 0,5 L;167552;Mautner Markhof;0,5000;l;3,79;7,58;;;3,79;9011900195063;Hrana
PJENUŠ.ROBBY BUBB. BERRY0,75 L;167583;Robby Bubble;0,7500;l;;3,72;2,79;3,88;3,88;8595004610420;Piæa
NEKTAR MARASKA AMARENA 1 L;167592;Maraska;1,0000;L;3,09;3,09;;;2,59;3850158600709;Piæa
SOK BEBIVITA JABUKA 500 ml;167721;Bebivita;0,5000;l;1,99;3,98;;;1,89;4018852032755;Piæa
MLIJ. ZA KAVU 3,8% Z BREG.1 L;167887;;1,0000;L;2,05;2,05;;;2,05;3850108023404;Hrana
TJEST.RAGUSA KRPICE 400 g;167902;Paradiso;0,4000;kg;1,59;3,98;;;1,59;3859889154079;Hrana
KRUH TRAJNI DINKEL VITAL 500 g;167926;SPAR Vital;0,5000;kg;1,59;3,18;;;1,59;9100000139975;Hrana
OSVJ.WC BREF POWER AKTIV 50 g;168112;Bref;0,0500;kg;;39,80;1,99;2,29;3,19;9000100625074;Sredstva za èišæenje
OSVJ.WC BREF POWER AKTIV 50 g ;168115;Bref;0,0500;kg;;39,80;1,99;2,29;3,19;9000100625104;Sredstva za èišæenje
JOG.SENSIA SNACK VAN.ŽIT.190 g;168213;Dukat;0,1900;kg;1,69;8,89;;;1,69;3850354006152;Hrana
KAŠICA FRUTEK JAB.BRE.190 g;168447;Fructal;0,1900;kg;1,75;9,21;;;1,75;3838945016452;Hrana
Janjetina bez glave;168492;;1,0000;kg;12,49;12,49;;;14,49;;Hrana
SOK JUI. FRUITS LIMUNADA 0,5 L;168499;Juicy;0,5000;l;1,09;2,18;;;1,09;3858890975215;Piæa
SOK JUICY FRUITS LIMUNAD.1,5 L;168500;Juicy;1,5000;L;1,69;1,13;;;1,62;3858890975185;Piæa
BOJA ZA KOSU PALETTE ICC R2;168588;Palette;0,1000;L;4,25;42,50;;;4,25;3838824218557;Kozmetika
CARS.DROBLJENAC DR.OETKER 160g;168682;Dr. Oetker;0,1600;kg;;10,69;1,71;2,29;2,39;5997381347587;Hrana
MESNI RAGU PODRAVKA 400 g;168767;Podravka;0,4000;kg;3,99;9,98;;;3,99;3858886465768;Hrana
SIRUP NATUR PUR AGAVA 350 g;168777;Natur pur;0,3500;kg;3,69;10,54;;;3,69;9100000092546;Hrana
Odojak;168787;;1,0000;kg;5,49;5,49;;;5,69;3858881616912;Hrana
Prasetina;168788;;1,0000;kg;7,99;7,99;;;7,99;3859892369828;Hrana
ENERG.NAPITAK SB COLA 0,25 L;168913;S-Budget;0,2500;l;,69;2,76;;;0,63;9100000049595;Piæa
VINO II BARONE PINOT GR.0,75 L;169119;Weingut Schloss Fels;0,7500;L;3,32;4,43;;;3,32;9100000106625;Piæa
ÈETK.AQUAFRESH 2/1;169145;Aquafresh;2,0000;kom;3,99;2,00;;;3,99;5054563931771;Kozmetika
ZUB.PASTA PARODONTAX 75 ml;169147;Parodontax;0,0750;L;;62,00;4,65;5,85;5,59;5054563949141;Kozmetika
NAMAZ PHILAD.SA ZAÈ.BILJ.175 g;169193;Philadelphia;0,1750;kg;3,39;19,37;;;3,39;7622300756413;Hrana
PIÆE OSV.MULTIV.S-BUDGET 1,5 L;169248;S-Budget;1,5000;l;1,49;0,99;;;1,02;3856021216879;Piæa
PIÆE O.S OK.NARA.S-BUDGET1,5 L;169249;S-Budget;1,5000;l;1,09;0,73;;;1,02;3856021217302;Piæa
PIÆE OSVJ.JABUKA S-BUDGET1,5 L;169250;S-Budget;1,5000;l;1,09;0,73;;;1,02;3856021217326;Piæa
VI.KRAUT.45,3 PAR.GRAŠ.0,75 L;169251;;0,7500;l;;6,65;4,99;6,79;6,79;3859892481018;Piæa
VINO KRAUT.45,3 PAR.ROS.0,75 L;169252;;0,7500;l;;6,65;4,99;6,79;6,79;3859892481117;Piæa
VI.KRAUT.45,3 PAR.CRNO 0,75 L;169253;;0,7500;l;;6,65;4,99;6,89;6,89;3859892481124;Piæa
VI.KRAUT.45,3 PAR.PINOT 0,75 L;169254;;0,7500;l;;6,65;4,99;6,79;6,79;3859892481049;Piæa
VINO KRAUT.45,3 PAR.SAUV.0,75L;169255;;0,7500;l;;6,65;4,99;6,79;6,79;3859892481063;Piæa
MLIJEK.UHT 3,8% VIT.D HDPE 1 L;169259;Dukat;1,0000;L;1,69;1,69;;;1,75;3850354006091;Hrana
MLIJEK.UHT 2,8% DUKAT HDPE 1 L;169260;Dukat;1,0000;L;1,02;1,02;;;1,02;3850354006053;Hrana
VRHNJE 15% KIS. SPAR FF 250 g;169273;SPAR free from;0,2500;kg;0,99;3,96;;;0,99;9100000863801;Hrana
MLIJE.PROD.SVJ.1,5%SPAR FF 1 L;169276;SPAR free from;1,0000;L;1,49;1,49;;;1,49;9100000863689;Hrana
ŽVAKE AIRWAVES DRAŽEJE 14 g;169309;Wrigley;0,0140;kg;,99;70,71;;;0,99;42189633;Hrana
PJENA ZA KOSU TAFT CURL 200 ml;169427;Taft;0,2000;L;4,59;22,95;;;3,89;9000100613644;Kozmetika
BOJA ZA KOSU SYOSS 5-8;169437;Syoss;0,1150;L;6,19;53,83;;;5,59;9000100633345;Kozmetika
BOJA ZA KOSU SYOSS 4-8;169438;Syoss;0,1150;L;6,19;53,83;;;5,59;9000100633314;Kozmetika
BOJA ZA KOSU SYOSS 8-7 ;169439;Syoss;0,1150;L;6,19;53,83;;;5,59;9000100633260;Kozmetika
BOJA ZA KOSU SYOSS 9-5;169445;Syoss;0,1150;L;6,19;53,83;;;5,59;9000100633048;Kozmetika
FARBA SYOSS 1-4;169446;Syoss;0,1150;L;6,19;53,83;;;4,77;9000100633000;Kozmetika
BOJA ZA KOSU SYOSS 4-2;169450;Syoss;0,1150;L;6,19;53,83;;;5,59;9000100632867;Kozmetika
BOJA ZA KOSU SYOSS 4-1;169453;Syoss;0,1150;L;6,19;53,83;;;5,59;9000100632744;Kozmetika
BOJA ZA KOSU SYOSS 3-1;169454;Syoss;0,1150;L;6,19;53,83;;;5,59;9000100632706;Kozmetika
BOJA ZA KOSU SYOSS 1-1;169455;Syoss;0,1150;L;6,19;53,83;;;5,59;9000100632669;Kozmetika
Janjeæa glava HR;169484;;1,0000;kg;2,19;2,19;;;2,19;;Hrana
UMAK MC ILHENNY CHIPOTLE 60 ml;169500;Mc Ilhenny;0,0600;l;4,64;77,33;;;4,64;0011210607040;Hrana
PAŠTETA ARGETA KOKOŠJA 3X95 g;169515;Argeta;0,2850;kg;4,35;15,26;;;3,19;3838975567214;Hrana
ŽI.NESTLE CHOCAPIC ŠKOLJ.375 g;169756;Nestlé;0,3750;kg;4,59;12,24;;;4,39;5900020013927;Hrana
BAKERY WRAPS NATUR.4X25cm 245g;169813;Poco Loco;0,2450;kg;2,45;10,00;;;2,45;5412514932060;Hrana
PAŠTETA ARG.JUN.SUPERTUNA 95 g;169825;Argeta;0,0950;kg;1,99;20,95;;;1,99;3838471019057;Hrana
ŽIT.NESTLE ÈOK.LOPTICE 375 g;169837;Nestlé;0,3750;kg;4,59;12,24;;;4,39;5900020013668;Hrana
PRELJ.ÈOKO.SPAR ZA TORTE 200 g;170062;SPAR;0,2000;kg;;13,95;2,79;3,99;3,99;9100000048635;Hrana
PRELJ.ÈOKO.SPAR ZA TORTE 200 g;170063;SPAR;0,2000;kg;;13,95;2,79;3,99;3,99;9100000048437;Hrana
PRELJEV ÈO.SPAR ZA TORTE 200 g;170064;SPAR;0,2000;kg;;13,95;2,79;3,99;3,99;9100000048802;Hrana
BEAUTY KISS LIP BALM CLA.4,8 g;170100;Beauty Kiss;1,0000;kom;0,95;0,95;;;0,95;9100000756905;Kozmetika
BEAUTY KISS LIP BALM SEN.4,8 g;170101;Beauty Kiss;1,0000;kom;0,95;0,95;;;0,95;9100000985671;Kozmetika
BEAUTY KISS LIP B.MI&HON 4,8 g;170102;Beauty Kiss;1,0000;kom;0,95;0,95;;;0,95;9100000985695;Kozmetika
PIVO ZLATNI PAN LIMENKA  0,5 L;170107;Pan;0,5000;l;;1,98;,99;1,19;1,48;3858887580644;Piæa
VRHNJE ZA KUHANJE Z BREGOV 1 L;170144;Vindija;1,0000;L;6,99;6,99;;;5,99;3850108033526;Hrana
SIRNI NAMAZ Z BREGOV ŠUN.150 g;170145;Vindija;0,1500;kg;1,59;10,60;;;1,59;3850108059410;Hrana
OKRUGLICE JUŠNE LEIMER 200 g;170153;Leimer;0,2000;kg;2,29;11,45;;;2,29;4000186032778;Hrana
VINO PRODAN CAB.SAUV.0,75 L;170231;;0,7500;l;8,68;11,57;;;8,68;3859890283676;Piæa
ZUBNA PASTA COLGATE 75 ml;170264;Colgate;0,0750;L;4,19;55,87;;;3,98;8714789531915;Kozmetika
CHAMPAG.POMM.BRUT ROYAL 0,75L;170293;Pommery;0,7500;L;;66,65;49,99;65,02;65,02;3352370002830;Piæa
ZAÈ.DALM.BILJE KOTANYI 15 g;170312;Kotanyi;0,0150;kg;2,19;146,00;;;1,98;9001414041444;Hrana
DEO SPR.FA MYSTIC MOMEN.150 ml;170345;Fa;0,1500;L;3,29;21,93;;;3,20;9000100634113;Kozmetika
GEL ZA TUŠIRANJE FA M.250 ml;170346;Fa;0,2500;L;2,69;10,76;;;2,75;9000100634007;Kozmetika
CILLIT BANG S&M TRIGGER 750 ml;170403;Cilit;0,7500;L;4,99;6,65;;;4,99;3059940003609;Sredstva za èišæenje
ŽITAR.SPAR NOUGAT BITES 500 g;170551;SPAR;0,5000;kg;3,79;7,58;;;3,79;9100000693019;Hrana
PUTER ZAGREBAÈKI 250 g;170557;Euro Milk;0,2500;kg;3,69;14,76;;;3,99;3859889770408;Hrana
UMAK KUHNE CURRY 250 ml;170620;Kuehne;0,2500;l;2,59;10,36;;;3,29;40804941;Hrana
GUSTIN DR.OETKER+25%GRAT.250 g;170775;Dr. Oetker;0,2000;kg;1,89;9,45;;;1,89;5997381348584;Hrana
KAP. DG ESPRESSO INTENSO 128 g;170902;Nescafe;0,1280;kg;5,49;42,89;;;6,49;7613036867436;Piæa
Janjetina HR;171430;;1,0000;kg;17,99;17,99;;;15,99;3859892958886;Hrana
Janjetina;171434;;1,0000;kg;12,49;12,49;;;13,99;3858891521121;Hrana
Odojak bez glave;171441;;1,0000;kg;5,49;5,49;;;5,69;;Hrana
MLIJEKO UHT 0,9% Z BREGOV 2 L;171668;Vindija;2,0000;L;2,79;1,40;;;2,79;3850108021264;Hrana
KAVA BARCAFFE 500 g;171845;Barcaffe;0,5000;kg;10,99;21,98;;;7,99;3838471021272;Piæa
ŠAMPON ELSEVE TOTAL R.5 400 ml;171941;Elseve;0,4000;L;5,89;14,73;;;5,89;3600521929421;Kozmetika
DESERT MLIJ.MONTE ZOTT 150 g;171946;Zott;0,1500;kg;1,19;7,93;;;1,19;4014500516646;Hrana
ÈAJ FRANCK KAMILICA MAXI 40 g;172199;Franck;0,0400;kg;2,79;69,75;;;2,79;3858881086098;Piæa
ÈAJ FRANCK ŠIPAK MAXI 120 g;172202;Franck;0,1200;kg;2,99;24,92;;;2,99;3858881086081;Piæa
BISKVIT BARNI 30 g MILK;172604;Baron de Ley;0,0300;kg;0,79;26,33;;;0,79;5906747318345;Hrana
BISKVIT BARNI 30 g CHOCO;172605;Barni;0,0300;kg;0,79;26,33;;;0,79;5906747314118;Hrana
BISKVIT BARNI MILK 150 g;172606;Barni;0,1500;kg;3,49;23,27;;;3,49;7622300511814;Hrana
BISKVIT BARNI CHOCO 150 g ;172607;Barni;0,1500;kg;3,49;23,27;;;3,49;7622300509606;Hrana
VRH.ZA KUH.MEGGLE 10%MM 500 ml;172611;Meggle;0,5000;L;3,29;6,58;;;3,39;3870085021828;Hrana
KRUH PANJ PAK.400 g;172649;;0,4000;kg;1,49;3,73;;;1,49;3858884924144;Hrana
BAKALAR 600/1000 PREŠANI;172952;;1,0000;kg;67,99;67,99;;;54,99;;Hrana
DIMLJENI PRSNI VRŠCI VP;172953;Medven;1,0000;kg;8,19;8,19;;;8,29;3859892460143;Hrana
REBRA DIMLJENA VP;172954;Medven;1,0000;kg;11,99;11,99;;;10,69;3859893326042;Hrana
VINO MERLOT SAN MARTINO 0,75 L;172959;;0,7500;l;8,49;11,32;;;7,69;3859892237028;Piæa
VINO MALVAZ.SAN MARTINO 0,75 L;172963;;0,7500;l;8,99;11,99;;;8,99;3859892237011;Piæa
PILEÆA POSEBNA S BUDGET 400 g;172974;S-Budget;0,4000;kg;1,59;3,98;;;1,79;3858889110474;Hrana
Dimljene kosti rnf;172977;Medven;1,0000;kg;3,29;3,29;;;3,29;3859892460563;Hrana
SAL.ZIMSKA S BUDGET 660 g;172992;S-Budget;0,6600;kg;8,49;12,86;;;8,49;3858889110450;Hrana
BAKALAR SUŠENI 200 g-400 g;173032;;1,0000;kg;41,99;41,99;;;41,99;;Hrana
ÈAJ AGRISTAR KAMILICA XXL 40 g;173042;Agristar;0,0400;kg;2,29;57,25;;;2,29;3858886503934;Piæa
ÈAJ AGRISTAR KOPRIVA 60 g ;173043;Agristar;0,0600;kg;2,59;43,17;;;2,59;3858886503927;Piæa
SIR KOLAN GLIGORA CCA 500 g;173075;Sirana Gligora;1,0000;kg;24,99;24,99;;;22,99;3858891771533;Hrana
JOGURT ÈVRS.3,2% Z BREGO.900 g;173101;Vindija;0,9000;kg;2,29;2,54;;;2,29;3850108030174;Hrana
SIR ŽIGLJEN GLIGORA CCA.600g;173240;;1,0000;kg;29,99;29,99;;;29,99;3858891771274;Hrana
JUNEÆE TRIPICE 500 g;173284;;0,5000;kg;3,99;7,98;;;3,69;3858881619067;Hrana
ŠUNKA U OVITKU 350 g PODRAVKA;173412;Podravka;0,3500;kg;4,69;13,40;;;4,49;3858886465713;Hrana
GIN BOMBAY SAPPHIRE 0,7L;173424;;0,7000;l;;27,84;19,49;27,19;26,02;5010677714006;Piæa
ÈOK.MIKADO RIŽA 225 g;173427;Mikado;0,2250;kg;3,89;17,29;;;3,35;3858888570477;Hrana
VINO BARON D ARIG.CAB.S.0,75 L;173569;;0,7500;l;3,99;5,32;;;3,99;3263286342593;Piæa
VINO BARON D ARI.MERLOT 0,75 L;173570;;0,7500;l;3,99;5,32;;;3,99;3263280115926;Piæa
KEKS SPAR MASLAC.TAM.ÈOK.125 g;173617;SPAR;0,1250;kg;1,99;15,92;;;1,69;8710671003232;Hrana
ÈET.OB 3EFFECT NATURALS 1+1;173748;Oral B;1,0000;kom;2,52;2,52;;;2,52;3014260022839;Kozmetika
HRANA ZA STER.MAÈ.FRIS.1,5 kg;173753;Friskies;1,5000;kg;7,16;4,77;;;7,16;7613287147141;Proizvodi za kuæanstvo
MEDENJACI SPAR VOÆ.PUNJ.200 g;173755;SPAR Qualitätsmarke;0,2000;kg;1,35;6,75;;;1,35;9100000899275;Hrana
MEDENJACI SPAR TAM.ÈOK.500 g;173757;SPAR;0,5000;kg;2,99;5,98;;;2,99;9100000899299;Hrana
SRED.SANITAR FRESH 650 ml;173764;Sanitar;0,6500;L;2,99;4,60;;;2,49;3850111503405;Sredstva za èišæenje
ÈOKOLADNO JAJE BLAZE 20 g;173807;DUPIN;0,0200;kg;1,39;69,50;;;1,39;80737797;Hrana
SRED.SUPER JON STAKLO 650 ml;173819;Super Jon;0,6500;L;2,09;3,22;;;1,99;3850111503382;Sredstva za èišæenje
SRED.SANITAR STRONG 650 ml;173820;Sanitar;0,6500;L;2,99;4,60;;;2,49;3850111503399;Sredstva za èišæenje
KAVIJAR CRNI AGUSTSON 50 g;173822;Klarom;0,0500;kg;3,39;67,80;;;3,99;5709505800027;Hrana
KAVIJAR CRNI KAPELIN 100 g;173823;Klarom;0,1000;kg;5,79;57,90;;;6,39;5709505830024;Hrana
KAVIJAR CRVENI AGUSTSON 50 g;173824;Klarom;0,0500;kg;3,39;67,80;;;3,99;5709505800034;Hrana
KAVIJAR CRVENI AGUSTSON 100 g;173826;Klarom;0,1000;kg;5,79;57,90;;;6,49;5709505830031;Hrana
TUNA RIO MARE MASL.ULJE 2X80 g;173829;Rio Mare;0,1040;kg;5,09;48,94;;;5,09;8004030100213;Hrana
KOBASICA TIROLSKA 350 g;174101;Podravka;0,3500;kg;3,79;10,83;;;3,79;3858886465744;Hrana
PLO.NESTL.FITNESS CHOCO 23,5 g;174139;Nestlé;0,0235;kg;0,99;42,13;;;0,89;5900020008121;Hrana
KIKIRIKI OLJUŠTENI PRŽE. 400 g;174148;Natura;0,4000;kg;3,09;7,73;;;3,09;3859891427468;Hrana
KIKIRIKI NATURA SLANI 200 g;174149;Natura;0,2000;kg;2,19;10,95;;;2,19;3859891427451;Hrana
LASAGNE DESPAR 250 g;174151;Despar;0,2500;kg;1,29;5,16;;;1,29;9100000750729;Hrana
VINO BABIÆ 0,187L;174168;;0,1870;l;2,99;15,99;;;2,99;3859888129658;Piæa
PIVO ZLATNI PAN PET 2 L;174327;Pan;2,0000;L;3,42;1,71;;;3,42;3858887580675;Piæa
GIN EMPIRE MARASKA 1 L;174328;Maraska;1,0000;l;13,52;13,52;;;13,52;3850158200879;Piæa
AMARO ZARA 30% 1 L;174660;Amaro;1,0000;l;11,49;11,49;;;11,92;3850158400002;Piæa
SJAJILO ZA PERIL.FINISH 400 ml;175015;Finish;0,4000;L;3,99;9,98;;;3,99;5999109581938;Sredstva za èišæenje
SRED.SUPER JON KUHINJA 650 ml;175037;Super Jon;0,6500;L;3,48;5,35;;;3,29;3850111503436;Sredstva za èišæenje
MARAMICE LOVELY 4SL.30x10;175153;Lovely;30,0000;kom;3,99;0,13;;;3,99;9100000161303;Toaletne potrepštine
REF.DUCK FRESH DISC.LIME 72 ml;175173;Duck;0,7200;L;5,25;7,29;;;2,85;5000204341621;Sredstva za èišæenje
MUSLI PLOÈ.CORNY ÈOK.KEKS 50 g;175181;Corny;0,0500;kg;1,19;23,80;;;1,19;4011800572518;Hrana
ÈOKO.NESTLE ZA KUH.CORSE 200 g;175373;Nestlé;0,2000;kg;3,99;19,95;;;4,99;7613035898646;Hrana
LIKER AMARO 18 ISOLAB.0,7 L;175454;;0,7000;l;11,89;16,99;;;11,32;8001110017034;Piæa
ZAÈIN VEGETA NATUR PODRA.300 g;175470;Podravka;0,3000;kg;3,49;11,63;;;3,49;3850104254444;Hrana
Salama panona;175607;Pik;1,0000;kg;16,99;16,99;;;22,99;3850139613254;Hrana
PIVO HOLSTEN 2 L PET;175627;Holsten;2,0000;l;2,72;1,36;;;2,72;3858887580484;Piæa
DEO SPRAY AXE EXCITE 150 ml;175723;Axe;0,1500;L;4,89;32,60;;;4,55;8718114650708;Kozmetika
DEO ROLL ON NIVEA IN.B.W.50 ml;175754;Nivea;0,0500;L;4,99;99,80;;;4,99;42240563;Kozmetika
DEO SPR.NIVEA INVISIBLE 150 ml;175757;Nivea;0,1500;L;2,99;19,93;;;4,99;4005808729746;Kozmetika
PILEÆA JETRA SA SRCEM 500 g;175792;Vindija;0,5000;kg;2,09;4,18;;;2,39;3850159110931;Hrana
PILEÆI ŽELUCI 500 g ;175794;Vindija;0,5000;kg;2,65;5,30;;;2,65;3850159110948;Hrana
GEL ZA TUŠ.AXE EXCITE M.250 ml;175796;Axe;0,2500;L;2,49;9,96;;;2,99;8710447276587;Kozmetika
HRENOVKE FRANKFURTER 200 g;175922;Gavrilovic;0,2000;kg;2,55;12,75;;;2,55;3858881224933;Hrana
KEKS OREO 66 g;175956;Oreo;0,0660;kg;0,95;14,39;;;0,75;7622210766175;Hrana
ZAÈ.MUŠKATN.ORAŠÈ.KOTANYI 13 g;175972;Kotanyi;0,0130;kg;2,39;183,85;;;2,19;9001414015384;Hrana
ZAÈ.PAPAR CRNI KOTANYI 17 g;175973;Kotanyi;0,0170;kg;1,72;101,18;;;1,72;9001414015452;Hrana
SENF SPAR DIJON 200 g;175974;SPAR;0,2000;kg;2,19;10,95;;;2,19;9100000766010;Hrana
ŽIT.S-BUDGET ÈOK.LOPTICE 750 g;175978;S-Budget;0,7500;kg;3,19;4,25;;;2,91;9100000976860;Hrana
KOLAÈ BROWNIES SPAR 366 g;176044;SPAR;0,3660;kg;1,73;4,73;;;2,49;9100000751702;Hrana
KOLAÈ MUFFINS SPAR ÈOKOL.300 g;176046;SPAR;0,3000;kg;1,73;5,77;;;2,49;9100000751689;Hrana
KVASAC SVJEŽI 2X25 g;176051;;0,0500;kg;;7,80;0,39;0,45;0,46;3850114203142;Hrana
GEL SANITAR TORPEDO 1 L;176212;Sanitar;1,0000;L;3,79;3,79;;;3,49;3850111501128;Sredstva za èišæenje
KREMA ZA RUKE I NOKTE 100 ml;176214;Afrodita;0,1000;L;3,89;38,90;;;3,25;3831070655725;Kozmetika
Gavun ;176226;;1,0000;kg;10,99;10,99;;;17,49;;Hrana
MUESLI S-BUDGET VOÆNI 1 kg;176229;S-Budget;1,0000;kg;3,49;3,49;;;3,49;9100000692906;Hrana
LAK ZA KOSU ELEGANS 300 ml;176399;Elegans;0,3000;L;3,59;11,97;;;3,59;8008423114399;Kozmetika
SJAJIL.FINISH RINSE AID 800 ml;176515;Finish;0,8000;L;6,27;7,84;;;6,27;5999109581914;Sredstva za èišæenje
SREDSTVO VIM CITRO 500 g;176594;Vim;0,5000;kg;1,85;3,70;;;1,84;3850105136404;Sredstva za èišæenje
VINO KALAZ.CAB.SAUVIGN.0,75 L;176629;;0,7500;l;7,39;9,85;;;5,98;3858886364283;Piæa
VINO KALAZIÆ PINOT CR.0,75 L;176630;;0,7500;l;7,39;9,85;;;5,98;3858886364627;Piæa
VINO KALAZIÆ R.RIZLING 0,75 L;176631;;0,7500;L;8,39;11,19;;;6,82;3858886364016;Piæa
VINO KALAZIÆ TRAMI.VRH.0,75 L;176641;;0,7500;l;9,09;12,12;;;7,62;3858886364085;Piæa
MUESLI S-BUDGET GROŽ/LJEŠ.1 kg;177053;S-Budget;1,0000;kg;3,49;3,49;;;3,79;9100000692883;Hrana
VINO KORTA KATAR.PLAVAC 0,75 L;177059;;0,7500;l;34,48;45,97;;;34,48;3859891637386;Piæa
PUDING ÈOK./ŠLAG SPAR 175 g;177074;Dukat;0,1750;kg;0,45;2,57;;;0,45;3856021223372;Hrana
SIR TOPLJENI NATUR SPAR 140 g;177075;SPAR;0,1400;kg;1,49;10,64;;;1,39;3858889110146;Hrana
VRHNJE ZA KUHANJE DUK.3X200 g;177124;Dukat;0,6000;kg;4,29;7,15;;;4,29;3850354007975;Hrana
ULOŠCI DNEVNI CAREFREE 48/1;177163;Carefree;48,0000;kom;3,25;0,07;;;2,99;3574661487618;Toaletne potrepštine
SET ZA PRANJE PODA ULTRAMAX;177231;;1,0000;kom;50,43;50,43;;;28,99;4023103143890;Proizvodi za kuæanstvo
VRHNJE KIS.DUK.12%M.M.3x200 g;177366;Dukat;0,6000;kg;2,69;4,48;;;2,69;3850354006336;Hrana
PUDING PODRAV.NOUGAT 48 g    ;177381;Podravka;0,0480;kg;;15,42;0,74;0,99;0,99;3850104254727;Hrana
RUM ZACAPA 23YO 0,7 L;177394;Zacapa;0,7000;l;49,99;71,41;;;58,99;7406341000052;Piæa
PIVO KARLOV.RADLER LIMUN 0,5 L;177403;Karlovacko;0,5000;l;1,25;2,50;;;1,25;3850103002213;Piæa
PIVO KARL.RADLER 0,5 L LIM;177404;Karlovacko;0,5000;L;1,65;3,30;;;1,56;3850103002190;Piæa
TAMP.O.B PRO COMFORT PLUS 16/1;177602;o.b.;16,0000;kom;4,39;0,27;;;4,19;3574661476391;Toaletne potrepštine
RAHATLOK.S ORASIMA ADRIA 180 g;177702;Adria;0,1800;kg;1,28;7,11;;;1,28;3858890261868;Hrana
RAHA.S AROMOM RUŽE ADRIA 180 g;177705;Adria;0,1800;kg;1,15;6,39;;;1,28;3858890261844;Hrana
RIBLJI ŠTAPIÆI S-BUDGET 250 g;177771;S-Budget;0,2500;kg;1,19;4,76;;;1,19;3858889110108;Hrana
UMAK MC ILHENNY GARLIC 60 ml;177842;Mc Ilhenny;0,0600;l;4,64;77,33;;;4,64;0011210007253;Hrana
PRIP.ZA ŠLAG BILJ.MEGG.200 ml;177934;Meggle;0,2000;L;0,99;4,95;;;0,99;8585002510600;Hrana
Teleæa rebra / prsa / flam;178228;;1,0000;kg;7,99;7,99;;;9,59;3859892958909;Hrana
PRELJEV ZA TORTE JAGODA 12g;178235;Dr. Oetker;0,0120;kg;0,99;82,50;;;0,99;5997381348782;Hrana
VINO MARAŠTINA PUTNIK.0,75 L;178239;;0,7500;l;5,59;7,45;;;5,59;3859889291613;Piæa
VINO PLAVAC MALI PUTNIK.1 L;178245;;1,0000;l;4,99;4,99;;;4,99;3859889291071;Piæa
VINO PLAVAC MALI PUTNIK.0,75 L;178246;;0,7500;l;5,99;7,99;;;5,59;3859889291088;Piæa
VINO PELJEŠAC PUTNIK. 0,75 L;178251;;0,7500;l;5,69;7,59;;;5,69;3859889291040;Piæa
VINO PELJEŠAC PUTNIKOVIÆ 1 L;178252;;1,0000;l;4,89;4,89;;;4,89;3859889291019;Piæa
LIKER BADEL PELINKOVAC 0,7 L;178263;;0,7000;l;12,52;17,89;;;12,52;3850112110756;Piæa
SALVETE 38X38cm,25/1,LILA ;178269;;1,0000;kom;1,69;1,69;;;1,69;3870128003651;Proizvodi za kuæanstvo
ÈAJ FRANCK ŠUMSKO VOÆE 55 g;178284;Franck;0,0550;kg;2,29;41,64;;;2,49;3858881083813;Piæa
ÈAJ FRANCK JAGODA-VAN. 55 g;178285;Franck;0,0550;kg;2,29;41,64;;;2,49;3858881083837;Piæa
FLIPS TIP TOP VESELI PRIJ.45 g;178289;Chio;0,0450;kg;0,89;19,78;;;1,09;3856021303722;Hrana
Sir mladi trapist Gligora;178311;Sirana Gligora;1,0000;kg;18,99;18,99;;;15,89;3859891864072;Hrana
Sir Kozlar Gligora;178313;;1,0000;kg;31,99;31,99;;;31,99;3859891864089;Hrana
ŠTRUKLI SA SV.SIROM SPAR 600 g;178330;SPAR;0,6000;kg;3,99;6,65;;;3,99;3858889110085;Hrana
WHISKEY JACK DANIELS 0,5L;178369;Jack Daniels;0,5000;l;19,79;39,58;;;19,52;5099873046067;Piæa
TJES.S-BUDGET TANKI REZAN.1 kg;178376;S-Budget;1,0000;kg;2,65;2,65;;;2,65;9100000763668;Hrana
TJEST.S-BUDGET KRPICE 1 kg;178378;S-Budget;1,0000;kg;2,65;2,65;;;2,65;9100000763682;Hrana
TJEST.S-BUDGET ROGIÆI 1 kg;178380;S-Budget;1,0000;kg;2,65;2,65;;;2,65;9100000763705;Hrana
TJEST.S-BUDGET FUSILLI 1 kg;178381;S-Budget;1,0000;kg;2,65;2,65;;;2,65;9100000763743;Hrana
TJEST.S-BUDGET SPAETZLE 500 g;178382;S-Budget;0,5000;kg;1,79;3,58;;;1,79;9100000749662;Hrana
TJEST.S-BUDGET SPAGHETTI 1 kg;178383;S-Budget;1,0000;kg;2,49;2,49;;;2,65;9100000763729;Hrana
SALATA KRISTAL kom;178386;;1,0000;kom;0,89;0,89;;;0,99;3858893252887;Hrana
SALATA PUTARICA kom;178387;;1,0000;kom;0,99;0,99;;;1,09;3859889267472;Hrana
SALATA ICEBERG kom;178388;;1,0000;kom;1,49;1,49;;;1,59;8032140222013;Hrana
VINO MATUŠKO PLAVAC 0,75 L;178413;;0,7500;L;9,49;12,65;;;8,02;3859889396257;Piæa
POSEBNA S BUDGET 500 g;178586;S-Budget;0,5000;kg;2,35;4,70;;;2,59;3858889111495;Hrana
ŽVAKE CHUPA CHUPS 27,6 g;178664;Chupa Chups;0,0276;kg;0,69;25,00;;;0,69;80757092;Hrana
BOMBONI MENTOS DUG.BOJE 37,5 g;178667;Mentos;0,0375;kg;0,89;23,73;;;0,89;87311396;Hrana
TORTILLA ÈIPS ROŠTILJ 200 g;178684;;0,2000;kg;;8,95;1,79;2,39;2,39;5412514934866;Hrana
ÈAJ AHMAD CEYLON 2X20 g;178693;Ahmad;0,0400;kg;3,45;86,25;;;3,45;0054881005630;Piæa
ÈAJ AHMAD ZELENI 2X20 g;178696;Ahmad;0,0400;kg;3,45;86,25;;;3,45;0054881008945;Piæa
SIR SVJ. POSNI PRESIDENT 200 g;178792;Dukat;0,2000;kg;1,49;7,45;;;1,49;3850355002993;Hrana
SRE.SUPER JON NAMJEŠTAJ 650 ml;178804;Super Jon;0,6500;L;3,48;5,35;;;3,29;3850111503450;Sredstva za èišæenje
ÈET.ZA ZUB.SIGNAL CLASSIC 1/1;178841;Signal;1,0000;kom;2,59;2,59;;;2,99;8413300264270;Kozmetika
SOMERSBY KRUŠKA 0,33 L;178896;Somersby;0,3300;l;1,68;5,09;;;1,68;7310070748423;Piæa
ÈETKICA ZA ZUBE S BUDGET 4/1;178921;S-Budget;4,0000;kom;0,89;0,22;;;0,89;8033954559272;Kozmetika
SL.CONTE JAG.S-BUDGET 6x120 ml;178922;S-Budget;0,7200;L;2,99;4,15;;;2,99;9100000760568;Hrana
NEKTAR S BUDGET KRUŠ.-JABU.2 L;178935;S-Budget;2,0000;l;1,75;0,88;;;1,75;3858889111549;Piæa
SPUŽVA REKORD MULTICOLOR 2/1;179190;;2,0000;kom;1,69;0,85;;;1,69;3858882683456;Proizvodi za kuæanstvo
INOX ŽICA ZA POSUÐE+PVC DRŠKA;179195;;1,0000;kom;1,99;1,99;;;1,99;3858882683425;Proizvodi za kuæanstvo
PIVO PITT.RAD.LIM.2,5%0,5 L;179253;Pittinger;0,5000;l;,85;1,70;;;0,82;9100000037851;Piæa
SLAD.LEDO FUN TIME 6x110 ml;179286;Ledo;0,6600;L;4,99;7,56;;;4,99;3850116008622;Hrana
ÈAJ AGRISTAR KOPRIVA LIST 50 g;179310;Agristar;0,0500;kg;1,79;35,80;;;1,79;3858886500438;Piæa
ÈAJ AGRISTAR ZELENI 30 g;179311;Agristar;0,0300;kg;1,55;51,67;;;1,55;3858886500070;Piæa
BRITVICE GIL.S.VENUS 2 4+2 kom;179321;Gillette;4,0000;kom;3,79;0,95;;;3,79;7702018069316;Kozmetika
TP.VIOLETA LAVANDA 3SL 16/1;179335;Violeta;16,0000;kom;4,49;0,28;;;6,59;3859892288051;Toaletne potrepštine
PAP.RUÈ.TETA VIOLETA 2/1;179355;Violeta;2,0000;kom;2,49;1,25;;;2,29;3859892288136;Proizvodi za kuæanstvo
ŠAMPON GLISS 250 ml;179377;Gliss Kur;0,2500;L;4,29;17,16;;;4,29;9000100801416;Kozmetika
ZAMJENSKO MLIJEKO HIPP1 600 g;179386;Hipp;0,6000;kg;12,42;20,70;;;12,42;4062300414327;Hrana
TJEST.SHAN SHI ZA WOK 250 g;179416;Shan shi;0,2500;kg;3,99;15,96;;;3,99;9002600282399;Hrana
UMAK SHAN SHI THAI 120 g;179417;Shan shi;0,1200;kg;2,99;24,92;;;2,99;9002600283198;Hrana
PIVO OŽUJSKO LIMUN 0,5 L P.A.;179429;Ožujsko;0,5000;l;1,25;2,50;;;1,25;3850131002094;Piæa
PIVO OŽUJSKO LIMUN 0,5 L LIM.;179432;Ožujsko;0,5000;l;1,59;3,18;;;1,55;3850131002063;Piæa
TJEST.SHAN SHI OD RIŽE 250 g;179445;Shan shi;0,2500;kg;4,29;17,16;;;4,29;9002600282214;Hrana
KOKOS MLIJEKO SHAN SHI 168g;179447;Shan shi;0,1650;l;2,29;13,88;;;2,29;9120012041691;Hrana
UMAK SHAN SHI TERYAKI 120 g;179448;Shan shi;0,1200;kg;2,99;24,92;;;2,99;9002600283099;Hrana
TJES.SHAN SHI VERMICELLI 100 g;179449;Shan shi;0,1000;kg;2,39;23,90;;;2,39;9120012040137;Hrana
Brokula karfiol;179568;SPAR enjoy;1,0000;kg;7,49;7,49;;;7,49;;Hrana
SLA.PREMIUM SPAR VAN/KA 500 ml;179577;SPAR PREMIUM;0,5000;L;5,99;11,98;;;3,99;9100000068862;Hrana
SLAD.PREMIUM SPAR MACAD.500 ml;179579;SPAR PREMIUM;0,5000;L;5,99;11,98;;;4,99;9100000068886;Hrana
POMMES FRITES SPAR 1 kg;179614;SPAR;1,0000;kg;2,79;2,79;;;2,79;9100000033006;Hrana
POMMES FRITES S BUDGET 2,5 kg;179617;S-Budget;2,5000;kg;4,89;1,96;;;4,89;9100000908434;Hrana
Mortadela san giorgio ;179804;Gavrilovic;1,0000;kg;;8,49;8,49;13,79;13,79;3858881227026;Hrana
Mortad.San Giorgio s masl.1/2;179807;Gavrilovic;1,0000;kg;;8,49;8,49;14,19;14,19;3858892720530;Hrana
ZU.PASTA SENSODYNE REPAI.75 ml;180003;Sensodyne;0,0750;L;7,49;99,87;;;5,59;5054563103789;Kozmetika
OSVJ.PIÆE YIPPY  MULTI 0,33 L;180094;;0,3300;l;1,39;4,21;;;1,39;9008700141963;Piæa
SPRAY PITROID 300 ml;180194;;0,3000;L;3,69;12,30;;;3,69;3856007903618;Proizvodi za kuæanstvo
KAVA DESPAR CLASSICO 250 g;180242;Despar;0,2500;kg;4,89;19,56;;;3,99;8001300500261;Piæa
KAVA DESPAR ESPRESSO 250 g;180250;Despar;0,2500;kg;5,45;21,80;;;3,99;8001300500315;Piæa
BIO SOK SPAR NARANÈA 1 L;180346;SPAR Natur*pur;1,0000;L;2,69;2,69;;;2,69;9100000115979;Piæa
NAMAZ LJEŠNJAK NATUR PUR 400 g;180348;Natur pur;0,4000;kg;5,49;13,73;;;5,49;9100000824710;Hrana
Hamburger special S Budget;180387;S-Budget;1,0000;kg;6,99;6,99;;;6,99;3859892633820;Hrana
NEKTAR BRAVO JABUKA 2 L;180450;Bravo;2,0000;l;;1,12;2,23;3,19;2,99;9008700124195;Piæa
AROMA MENTA AROMAR 15ml;180572;Aromar;0,0150;l;1,69;112,67;;;1,59;3859888333093;Hrana
GEL ŠAMPON FA KIDS 250 ml;180619;Fa;0,2500;L;2,79;11,16;;;3,49;9000100662550;Kozmetika
UMAK BARILLA ARRABBIATA 400 g;180663;Barilla;0,4000;kg;3,29;8,23;;;3,29;8076809569118;Hrana
PIVO PAN RADL. LIMUN 0,5 L P.A;180911;Pan;0,5000;L;1,25;2,50;;;1,35;3858887580828;Piæa
VINO MIRAZ FRANKOVKA 0,75L;180928;;0,7500;l;14,02;18,69;;;14,02;3859892201067;Piæa
VINO DIKA CHARDONAY 0,75L;180929;;0,7500;l;6,32;8,43;;;6,32;3859892201210;Piæa
ABRAZIVNO SREDS.FROSCH 500 ml;180943;Frosch;0,5000;L;2,29;4,58;;;2,29;4009175186782;Sredstva za èišæenje
KAP.INS.KAKAO DG CHOCO. 270 g;181045;Nescafe;0,2700;kg;5,49;20,33;;;6,49;7613035690660;Piæa
BRUSCHETTE MARETTI 70g;181136;Maretti;0,0700;kg;;11,29;0,79;0,89;0,95;3800205870517;Hrana
SALAMA ZIMSKA 330 g;181211;Pik;0,3300;kg;7,99;24,21;;;7,99;3850139010626;Hrana
SIR MOZZARELLA MEGGLE 125 g;181336;Meggle;0,1250;kg;1,99;15,92;;;1,89;3870085050019;Hrana
MLIJEKO ÈOKOL.MEGGLE 200 ml;181338;Meggle;0,2000;L;0,89;4,45;;;0,89;3870085010235;Hrana
PIVO PITT.BEZALK.0,5%LIM.0,5 L;181356;Pittinger;0,5000;l;,75;1,50;;;0,72;9100000037790;Piæa
PIVO PITT.PŠENI.5,3% LIM.0,5 L;181357;Pittinger;0,5000;l;,99;1,98;;;0,98;9100000042169;Piæa
ULOŠ. NATUREL.THICK NIGHT 14/1;181419;Naturella;14,0000;kom;2,45;0,18;;;2,45;4015400437932;Toaletne potrepštine
ULOŠ.NATURELLA THICK MAXI 16/1;181420;Naturella;16,0000;kom;2,45;0,15;;;2,45;4015400318026;Toaletne potrepštine
ULOŠ.NATURELLA THICK NORM.18/1;181421;Naturella;20,0000;kom;2,45;0,12;;;2,45;8001090850638;Toaletne potrepštine
ULOŠ.NATURELL.ULTRA NIGHT 14/1;181422;Naturella;14,0000;kom;2,45;0,18;;;2,45;8001090585394;Toaletne potrepštine
DŽEM BONNE MAMAN SMOKVA 370 g;181423;Bonne Maman;0,3700;kg;4,99;13,49;;;6,59;3608580705192;Hrana
UMAK KIKKOMAN OD SOJE 250 ml;181426;Kikkoman;0,2500;l;6,59;26,36;;;6,59;8715035150300;Hrana
UMAK KIKKOMAN OD SOJE 250 ml;181439;Kikkoman;0,2500;l;6,79;27,16;;;6,79;8715035130302;Hrana
UMAK KIKKOMAN WOK 250 ml;181444;Kikkoman;0,2500;l;6,79;27,16;;;6,79;8715035230309;Hrana
UMAK KUHNE BBQ 250 ml;181445;Kuehne;0,2500;l;2,59;10,36;;;3,29;4012200383803;Hrana
MAHUNA 500 g kom;181449;;0,5000;kg;2,49;4,98;;;2,59;8032140214414;Hrana
ÈAJNA KOBASICA 80 g;181489;Gavrilovic;0,0800;kg;;27,38;2,19;2,29;2,35;3858881227613;Hrana
KOBASICA SRIJEMSKA 80 g;181494;Gavrilovic;0,0800;kg;1,79;22,38;;;2,19;3858881227620;Hrana
ZIMSKA GAVRILOVIÆ 80 g;181495;Gavrilovic;0,0800;kg;2,59;32,38;;;2,69;3858881227637;Hrana
TJ.VALDIGRANO LINGUINE 500 g;181552;Valdigrano;0,5000;kg;2,25;4,50;;;2,25;8025202314825;Hrana
TJ.VALDIGRA.PENNE RIGATE 500 g;181553;Valdigrano;0,5000;kg;2,25;4,50;;;2,25;8025202312982;Hrana
TJ.VALDIGRAN.MEZZE MANIC.500 g;181554;Valdigrano;0,5000;kg;2,25;4,50;;;2,25;8025202314900;Hrana
TJ.VALDIGRANO FUSILI 500 g;181555;Franciacorta;0,5000;kg;2,25;4,50;;;2,25;8025202314887;Hrana
TJ.VALDIGRANO CELENTANI 500 g;181557;Valdigrano;0,5000;kg;2,25;4,50;;;2,25;8025202314894;Hrana
PAŠTETA ARGETA JUNIOR ORI.95 g;181699;Argeta;0,0950;kg;1,49;15,68;;;1,39;3838975567016;Hrana
INST.KAKAO KRAŠ EXPRESS 800 g;181723;Kraš;0,8000;kg;7,15;8,94;;;7,15;3850102126927;Piæa
BOMB.GUM.SPAR TROPSKO VO.200 g;181724;SPAR;0,2000;kg;1,19;5,95;;;1,19;9100000985114;Hrana
SIR TOPLJENI S TARTUFIMA 140 g;182057;Zdenka;0,1400;kg;3,45;24,64;;;3,45;3858888590390;Hrana
SIR TOPLJENI CLASSIC 280 g;182061;Zdenka;0,2800;kg;3,79;13,54;;;3,79;3858888590802;Hrana
ÈOKO.S-BUDGET ZA KUHANJE 400 g;182128;S-Budget;0,4000;kg;4,20;10,50;;;4,99;9100000048017;Hrana
FLIPS SMOKI 225 g;182144;Smoki;0,2250;kg;1,99;8,84;;;1,99;8600939507094;Hrana
FLIPS SMOKI 40 g;182145;Smoki;0,0400;kg;0,59;14,75;;;0,53;8600939507070;Hrana
FLIPS SMOKI 130 g;182146;Smoki;0,1300;kg;1,29;9,92;;;1,34;8600939507087;Hrana
VILJAM.PIRCHER SA KRUŠ.0,70L;182164;Pircher;0,7000;l;35,99;51,41;;;34,52;8009375000181;Piæa
RAKIJA WILLIAMS PIRCHER 0,7 L;182167;Pircher;0,7000;L;27,49;39,27;;;25,82;80120643;Piæa
PESTO PREMIUM BOSILJAK 190 g;182217;Premium;0,1900;kg;2,99;15,74;;;2,99;8001300223283;Hrana
INST.KAKAO KRAŠ EXPRESS 200 g;182287;Kraš;0,2000;kg;2,65;13,25;;;2,65;3850102126903;Piæa
MESNI NAREZAK PIVAC 100 g;182300;Pivac;0,1000;kg;0,79;7,90;;;0,89;3858884991085;Hrana
REF.GLADE MICROSPRAY 2X10 ml;182302;Glade;1,0000;kom;7,99;7,99;;;9,39;3858889570032;Sredstva za èišæenje
TUNA RIO MARE 3X80 g+80 g;182329;Rio Mare;0,2080;kom;5,89;28,32;;;5,57;8004030383562;Hrana
PILEÆA POSEBNA 1000 g S BUDGET;182353;S-Budget;1,0000;kg;2,89;2,89;;;2,92;3858889112027;Hrana
KRUH SCHAR PANE CASER.BG.240 g;182521;Schar;0,2400;kg;4,39;18,29;;;4,39;8008698002599;Hrana
KEKSI SCHAR TAM.ÈOKOLADA 150 g;182523;Schar;0,1500;kg;3,99;26,60;;;3,99;8008698005347;Hrana
VAFL SCHAR NOCCIOLI BG.63 g;182526;Schar;0,0630;kg;2,89;45,87;;;2,89;8008698004708;Hrana
KREKERI SCHAR BG.150 g;182535;Schar;0,1500;kg;3,09;20,60;;;3,09;8008698007303;Hrana
PERECI SCHAR SALINIS BG.60 g;182536;Schar;0,0600;kg;1,85;30,83;;;1,86;8008698002070;Hrana
TORTICA PAUSA SCHAR BG.35 g;182538;Schar;0,0350;kg;0,89;25,43;;;0,94;8008698001318;Hrana
ÈOKOLA.KINDER BUENO WHITE 39 g;182566;Kinder;0,0390;kg;1,29;33,08;;;1,19;80761761;Hrana
PIVO PAN RADLER 0,5 LIMUN;182595;Pan;0,5000;l;1,68;3,36;;;1,68;3858887580842;Piæa
ÈOK.MILKA CHOCO KEKS 300 g;182601;Milka;0,3000;kg;5,99;19,97;;;5,99;7622210275516;Hrana
LEDENI ÈAJ  BRESKVA 3X0,2 L;182679;;0,4000;L;1,72;4,30;;;1,72;3850108077292;Piæa
NAM.S-BUDGET KAKAOCREME 750 g;182778;S-Budget;0,7500;kg;3,69;4,92;;;3,79;9100000750705;Hrana
ÈIPS PLAVI SPAR PREMIUM 100 g;182780;SPAR PREMIUM;0,1000;kg;;19,90;1,99;2,19;2,19;9100000765594;Hrana
ÈOK.SPAR PREM.PISTACIJE 100 g;182784;SPAR PREMIUM;0,1000;kg;3,49;34,90;;;2,49;9100000765617;Hrana
TJES.RAVIOLI AURELIA SIR 250 g;182816;Aurelia;0,2500;kg;2,89;11,56;;;2,89;3859890561293;Hrana
TJEST.RAV.TARTUF AURELIA 250 g;182817;Aurelia;0,2500;kg;3,19;12,76;;;2,99;3859890561309;Hrana
REZANCI SVJ.ZELEN.AURELIA 250g;182819;Aurelia;0,2500;KG;2,79;11,16;;;2,79;3859890561163;Hrana
KRUH INTEGRALNI NAREZANI 400 g;182823;Mulino;0,4000;kg;2,29;5,73;;;2,29;8076809582483;Hrana
KRUH BIJELI NAREZANI 400 g;182824;Mulino;0,4000;kg;2,29;5,73;;;2,29;8076809504720;Hrana
SNACK NATUREL RIŽA PROSO 100 g;182853;Naturel;0,1000;kg;1,59;15,90;;;1,59;8606012163164;Hrana
BOMBON NATUREL JAGODA 39 g;182856;Naturel;0,0390;kg;0,69;17,69;;;0,69;5999038501854;Hrana
BOMBON NATUREL NARANÈA 39 g;182857;Naturel;0,0390;kg;0,69;17,69;;;0,69;5999038501847;Hrana
KAŠICA HIPP ŠLJIVA JAB.125 g;182858;Hipp;0,1250;kg;1,15;9,20;;;1,15;9062300140672;Hrana
KREMA VRAŽJA KANDŽA 250 ml;182862;Encian;0,2500;L;4,19;16,76;;;4,39;3859891205868;Kozmetika
KEKSI S BUDGET PETIT 1 kg;182948;S-Budget;1,0000;kg;2,49;2,49;;;2,59;3858889112096;Hrana
ÈAJ S BUDGET ŠIPAK 30 g;182949;S-Budget;0,0300;kg;0,69;23,00;;;0,69;3858889111983;Piæa
ÈAJ S BUDGET VOÆNI 30 g;182950;S-Budget;0,0300;kg;0,89;29,67;;;0,75;3858889112003;Piæa
ÈAJ S BUDGET KAMILICA 20 g;182951;S-Budget;0,0200;kg;0,55;27,50;;;0,55;3858889111990;Piæa
CAPUCCINO SPAR ÈOKOLADA 200 g;182952;SPAR;0,2000;kg;2,39;11,95;;;2,39;3856021215513;Piæa
CAPPUCCINO SPAR CLASSIC 200 g;182953;SPAR;0,2000;kg;2,39;11,95;;;2,39;3856021215490;Piæa
CAPPUCCINO SPAR VANILIJA 200 g;182954;SPAR;0,2000;kg;2,39;11,95;;;2,39;3856021215476;Piæa
MLIJE.UHT 2,8% DUK.8x1 L HDPE;183049;Dukat;8,0000;L;7,99;1,00;;;7,99;3850354006077;Hrana
SPUŽVA ABRAZIVNA 3/1 SWIRL ;183053;;3,0000;kom;1,99;0,66;;;2,29;4006508164721;Proizvodi za kuæanstvo
KVASAC DR.OETKER 100 g;183078;Dr. Oetker;0,1000;kg;1,39;13,90;;;1,39;8690770323045;Hrana
KEKS DIGESTIVE McVITIE´S 400 g;183097;McVities;0,4000;kg;3,59;8,98;;;3,59;5000396037937;Hrana
KRPA MAGIÈNA 50X60cm;183134;;1,0000;kom;3,99;3,99;;;3,99;3858882683814;Proizvodi za kuæanstvo
TOAST KRUH PANCARRE 430 g;183306;Mulino;0,4300;kg;2,15;5,00;;;2,15;8076809582162;Hrana
LIZAL.CHUPA CHUPS BEST OF 12 g;183338;Chupa Chups;0,0120;kg;0,59;49,17;;;0,49;49814521;Hrana
VINO GALIÆ GRAŠEVINA 0,75 L;183400;;0,7500;L;14,99;19,99;;;15,79;3859891991020;Piæa
KAŠICA FRUTEK MLIJ.KAKAO 190 g;183408;Fructal;0,1900;kg;1,75;9,21;;;1,75;3838945020565;Hrana
KAŠICA FRUTEK MLIJ.VAN.190 g;183442;Fructal;0,1900;kg;1,75;9,21;;;1,75;3838945020541;Hrana
DEO SPR. DOVE INVISIBLE 150 ml;183443;Dove;0,1500;L;5,20;34,67;;;5,20;8720181284373;Kozmetika
POSEBNA S BUDGET 1000 g;183484;S-Budget;1,0000;kg;4,99;4,99;;;5,39;3858889112010;Hrana
RIŽA ZLATO POLJE PARABOI.800 g;183610;Zlato Polje;0,8000;kg;3,49;4,36;;;3,49;3838700540383;Hrana
PIVO DESPERADOS 0,33 L;183614;Desperados;0,3300;l;1,79;5,42;;;1,68;9028800150580;Piæa
OCAT DESPAR VINSK.BIJELI 0,5 L;183658;Despar;0,5000;l;2,19;4,38;;;2,19;8001300241010;Hrana
OCAT DESPAR VINS.CRVENI 0,5 L;183660;Despar;0,5000;l;2,19;4,38;;;2,19;8001300241027;Hrana
ULJE YOUWOK WOK 250 ml;183682;Salvia;0,2500;l;5,29;21,16;;;5,3;8717228380105;Hrana
ZASL.S-BUDGET 1200 KOM;183738;S-Budget;0,0720;kg;1,39;19,31;;;2,19;9100000093048;Hrana
PIVO CORONA EXTRA 0,355 L;183967;Corona;0,3550;l;2,22;6,25;;;2,22;75032814;Piæa
DET.PUR TOTAL LEMON 450 ml;183976;Pur;0,4500;L;1,49;3,31;;;1,55;90005596;Sredstva za èišæenje
DET.PUR BALZA.HAND&NAIL 450 ml;183977;Pur;0,4500;L;1,49;3,31;;;1,55;90407031;Sredstva za èišæenje
DET.PUR BALZA.ALOE VERA 450 ml;183978;Pur;0,4500;L;1,49;3,31;;;1,55;90407024;Sredstva za èišæenje
VREÆE ZA OTPAD 10/1 120L;184006;;10,0000;kom;2,19;0,22;;;1,72;3870075004022;Proizvodi za kuæanstvo
CROISS.7 DAY S MIDI DOUBLE 60g;184021;7 Day's;0,0600;kg;0,85;14,17;;;0,85;7622201389383;Hrana
KEKS DOMAÆICA ORIGI.KRAŠ 300 g;184088;Kraš;0,3000;kg;3,19;10,63;;;2,49;3850102314126;Hrana
NAPOLITA.CHOCOLATE CREAM 840 g;184089;Kraš;0,8400;kg;4,99;5,94;;;4,99;3850102326150;Hrana
NAPOLITANKE NOUGAT KRAŠ 840 g;184090;Kraš;0,8400;kg;4,99;5,94;;;4,99;3850102326198;Hrana
NAPOLITANKE NOUGAT 420 g;184091;Kraš;0,4200;kg;2,39;5,69;;;3,19;3850102326174;Hrana
NAPOLIT.CHOCOLATE CREAM 420 g;184099;Kraš;0,4200;kg;2,39;5,69;;;3,19;3850102326143;Hrana
BOMBONI ORBIT FRESH MINT 30 g;184118;Wrigley;0,0300;kg;0,99;33,00;;;0,99;42211501;Hrana
BOMB.ORBIT STRONG MINT 30 g;184119;Wrigley;0,0300;kg;0,99;33,00;;;0,99;42211631;Hrana
SALATA ENDIVIJA kom;184145;;1,0000;kom;1,09;1,09;;;1,39;873;Hrana
PANIRANI KOLUTIÆI LEDO 400 g;184182;Ledo;0,4000;kg;3,99;9,98;;;3,99;3850116779485;Hrana
ZAÈ.PAPRIKA SLATKA KOTAN.45 g;184526;Kotanyi;0,0450;kg;1,09;24,22;;;0,92;9001414119242;Hrana
ZAÈ.PAPRIKA LJUTA KOTANYI 35 g;184527;Kotanyi;0,0350;kg;1,09;31,14;;;0,92;9001414119211;Hrana
MUSLI GRAN.NATUREL CHOCOL.350g;184528;Naturel;0,3500;kg;2,49;7,11;;;3,59;3858887245055;Hrana
MUSLI GRAN.NATUREL FRUIT 350 g;184530;Naturel;0,3500;kg;2,49;7,11;;;3,59;3858887245062;Hrana
RIŽA PREMIUM MEDITERAN 250 g;184626;Premium;0,2500;kg;1,99;7,96;;;1,98;9100000765013;Hrana
RIŽA PREMIUM BASMATI 250 g;184627;Premium;0,2500;kg;1,99;7,96;;;1,98;9100000765037;Hrana
RIŽA PREMIUM BASMATI 500 g;184649;Despar;0,5000;kg;2,99;5,98;;;2,99;8001300400431;Hrana
RIŽA PREMIUM CARNAROLI 1 kg;184652;Despar;1,0000;kg;4,99;4,99;;;4,99;8001300400455;Hrana
OCAT BALSAMICO DESPAR 250 ml;184653;Premium;0,2500;l;;19,96;4,99;7,96;7,96;8001300240839;Hrana
ÈOK.SV.NIKOLA RIEGELEIN 60 g;184935;Riegelein;0,0600;kg;;16,50;0,99;1,09;1,29;4013900975749;Hrana
PIJESAK FIFFY ZA PTICE  2,5 kg;184988;Fiffy;2,5000;kg;2,09;0,84;;;2,09;9100000098777;Proizvodi za kuæanstvo
ÈAJ AGRISTAR CRNI 30 g;185024;Agristar;0,0300;kg;1,85;61,67;;;1,85;3858886500308;Piæa
ÈAJ AGRISTAR NARODNI XXL 60 g;185026;Agristar;0,0600;kg;2,69;44,83;;;2,69;3858886504047;Piæa
SAVIJ.VAN.ŠUM.VOÆ. LEDO 500 g;185127;Ledo;0,5000;kg;3,99;7,98;;;4,19;3850116888972;Hrana
VINO ÈOBANKOVIÆ GRAŠEVI.0,75 L;185186;;0,7500;l;4,99;6,65;;;4,78;3859891286027;Piæa
VINO ÈOBANK.ZEL.SILVAN.0,75 L;185194;;0,7500;l;4,99;6,65;;;4,78;3859891286522;Piæa
VINO ÈOBANKOV.CHARDON.0,75 L;185198;;0,7500;l;5,59;7,45;;;4,99;3859891286126;Piæa
ÈOKOLADA SCHOGETTEN LJEŠ.100 g;185206;Schogetten;0,1000;kg;1,75;17,50;;;1,29;4000607851001;Hrana
VANI.ŠEÆ.BOURBON KOTANYI 20 g;185217;Kotanyi;0,0200;kg;0,65;32,50;;;0,92;9001414410127;Hrana
DŽEM PREMIUM EKST.VIŠNJA 220 g;185415;Premium;0,2200;kg;2,65;12,05;;;2,65;3858889112188;Hrana
DŽEM PREMIUM EKST.SMOKVA 220 g;185459;Premium;0,2200;kg;2,65;12,05;;;2,65;3858889112171;Hrana
DŽE.PREMIUM EKS.MARELICA 220 g;185467;Premium;0,2200;kg;2,65;12,05;;;2,65;3858889112201;Hrana
TJEST.PREMIUM MAKARUNI 500 g;185628;Premium;0,5000;kg;2,99;5,98;;;2,99;3858889112294;Hrana
TJEST.PREMIUM SPIRALE 400 g;185631;Premium;0,4000;kg;2,79;6,98;;;2,79;3858889112324;Hrana
TJEST.PREMIUM REZANCI 400 g;185632;Premium;0,4000;kg;2,99;7,48;;;2,99;3858889112317;Hrana
TJESTENINA PREMIUM FUŽI 500 g;185633;Premium;0,5000;kg;3,19;6,38;;;3,19;3858889112300;Hrana
TJESTENI.PREMIUM ŠURLICE 500 g;185635;Premium;0,5000;kg;2,99;5,98;;;2,99;3858889112331;Hrana
PUDER ZA KOSU TAFT VOLUM.10 g;185666;Taft;1,0000;kom;4,19;4,19;;;4,19;9000100672825;Kozmetika
AFTER SHAVE DENIM 100 ml;185682;Denim;0,1000;L;5,79;57,90;;;6,15;8008970004051;Kozmetika
AFTER SHAVE DENIM 100ml;185684;;100,0000;ml;5,79;0,06;;;5,99;8008970004068;Kozmetika
KREMA S ULJEM SMILJA 50 ml;185892;Olival;0,0500;L;10,99;219,80;;;10,08;3859888345935;Kozmetika
VL.TOAL.PAP.VIOLETA DJEÈ.60/1;185946;Violeta;60,0000;kom;2,25;0,04;;;2,25;3870128007833;Toaletne potrepštine
ÈOKOLADA KINDER 150 g;185961;Kinder;0,1500;kg;;14,60;2,19;2,39;2,59;4008400203829;Hrana
ÈAJ FRANCK ŠUM.VOÆE MAXI 110 g;185965;Franck;0,1100;kg;3,89;35,36;;;3,89;3858881085695;Piæa
ÈAJ FRANCK ZELENI MAXI 70 g;185967;Franck;0,0700;kg;3,29;47,00;;;3,29;3858881086661;Piæa
SIR TRAPIST PREMIUM 300 g;185974;Premium;0,3000;kg;4,19;13,97;;;4,19;3858889112577;Hrana
JOG.VOÆ.JOGOBELLA ZOTT 400 g;185976;Zott;0,4000;kg;1,69;4,23;;;1,72;4014500506159;Hrana
SRED.FROSCH LAVANDA 1 L;186003;Frosch;1,0000;L;2,99;2,99;;;2,99;4009175907844;Sredstva za èišæenje
KOKOS BRAŠNO SPAR 200 g;186006;SPAR;0,2000;kg;;6,95;1,39;1,99;1,59;9100000049205;Hrana
MAK SPAR 200 g;186010;SPAR;0,2000;kg;;5,55;1,11;1,59;1,59;9100000049403;Hrana
LJEŠNJACI CIJELI SPAR 200 g;186012;SPAR;0,2000;kg;4,49;22,45;;;3,49;9100000049052;Hrana
BADEM JEZGRA SPAR 200 g;186013;SPAR;0,2000;kg;;11,45;2,29;2,59;2,59;9100000049304;Hrana
ORAH SPAR RIBANI 200 g;186018;SPAR;0,2000;kg;;9,75;1,95;2,79;2,39;9100000048970;Hrana
SRED.ZA PEÆ.PERMETAL 650 ml;186019;Permetal;0,6500;L;3,89;5,98;;;3,29;3850111753619;Sredstva za èišæenje
LJEŠNJAK SPAR RIBANI 200 g;186026;SPAR;0,2000;kg;2,79;13,95;;;2,99;9100000049700;Hrana
ULJE MAS.EX..DJ.PREMIUM 500 ml;186027;Premium;0,5000;L;7,99;15,98;;;7,99;3858889112539;Hrana
INÆUN SLANI PREMI.FILET 212 g;186032;SPAR PREMIUM;0,1150;kg;7,99;69,48;;;7,49;3858889112560;Hrana
BLAZINICE PAM. LOLA BABY 60/1;186033;Lola;60,0000;kom;3,29;0,05;;;3,29;3858881100411;Toaletne potrepštine
BADEM SPAR RIBANI 200 g;186036;SPAR;0,2000;kg;;6,95;1,39;1,99;1,99;9100000049755;Hrana
ORAH SPAR JEZGRA 200 g;186038;SPAR;0,2000;kg;;13,45;2,69;2,99;2,99;9100000049601;Hrana
BJELILO ZA KAVU ANAMARIA 150 g;186081;Anamarija;0,1500;kg;2,09;13,93;;;2,09;3858881772977;Piæa
KRPA SPUŽVASTA 8+2;186088;;10,0000;kom;11,69;1,17;;;11,69;3838447000195;Proizvodi za kuæanstvo
DŽEM DIDA BOŽA VIŠNJA 240 g;186281;Dida Boza;0,2400;kg;3,69;15,38;;;3,69;3859891515301;Hrana
DŽEM DIDA BOŽA SMOKVA 240 g;186286;Dida Boza;0,2400;kg;4,19;17,46;;;3,69;3859891515011;Hrana
DŽEM DIDA BOŽA SMOKVA 240 g;186295;Dida Boza;0,2400;kg;3,49;14,54;;;3,69;3859891515226;Hrana
DŽEM DIDA BOŽA MARELICA 240 g;186297;Dida Boza;0,2400;kg;4,19;17,46;;;3,69;3859891515523;Hrana
DŽEM DIDA BOŽA KUPINA 240 g;186299;Dida Boza;0,2400;kg;4,19;17,46;;;3,69;3859891515240;Hrana
DŽEM DIDA BOŽA JAGODA 240 g;186303;Dida Boza;0,2400;kg;3,69;15,38;;;3,69;3859891515325;Hrana
PEKMEZ DIDA BOŽA ŠLJIVA 240 g;186307;Dida Boza;0,2400;kg;3,69;15,38;;;3,69;3859891515110;Hrana
ŠAMPINJONI PODRAVKA REZ.200 g;186340;Podravka;0,1150;kg;1,59;13,83;;;1,59;3850104257841;Hrana
LIZALICE NIMM2 120 g;186347;Nimm 2;0,1200;kg;2,35;19,58;;;2,35;4014400930054;Hrana
TOFFIFEE 200 g;186349;Toffifee;0,2000;kg;4,25;21,25;;;4,49;4014400900651;Hrana
PAŠTETA ARGETA EXC.GOVEÐA 95 g;186598;Argeta;0,0950;kg;2,59;27,26;;;2,59;3838471021203;Hrana
KAVA FRANCK JUBILARNA 175 g;186660;Franck;0,1750;kg;4,39;25,09;;;4,39;3858881085589;Piæa
VINO PZ DINGAÈ 0,75 L;186707;;0,7500;l;;19,99;14,99;18,69;18,69;3859888108011;Piæa
VINO PZ DINGAÈ PLAVAC 0,75 L;186709;;0,7500;L;6,79;9,05;;;6,19;3859888108042;Piæa
VINO PZ DINGAÈ PELJEŠAC 0,75 L;186710;;0,7500;l;6,19;8,25;;;6,19;3859888108035;Piæa
VINO PZ DINGAÈ PLAVAC 1 L;186711;;1,0000;l;6,19;6,19;;;6,19;3859888108066;Piæa
VINO PZ DINGAÈ PELJEŠAC 1 L;186712;;1,0000;l;6,19;6,19;;;6,19;3859888108059;Piæa
VINO PZ DINGAÈ POSTUP 0,75 L;186713;;0,7500;l;14,29;19,05;;;14,29;3859888108028;Piæa
VINO SKAR.PLAVAC PREM.0,75 L;186715;;0,7500;l;9,29;12,39;;;7,79;3859888214101;Piæa
VINO PRODAN ROSE CS 0,75L;186720;;0,7500;l;6,58;8,77;;;6,58;3859890283409;Piæa
KOLJENICE VP PIVAC;186748;Pivac;1,0000;kg;6,99;6,99;;;7,96;3858884991207;Hrana
ÈAJNA VP 300 g;186749;Podravka;0,3000;kg;5,89;19,63;;;5,89;3858886466260;Hrana
KULEN VP 300 g;186750;Podravka;0,3000;kg;5,99;19,97;;;5,89;3858886466383;Hrana
Sir Gouda dim.Zdenka 45% m.m;186765;Zdenka;1,0000;kg;13,99;13,99;;;13,99;3858888593377;Hrana
Slanina suha bijela;186778;Medven;1,0000;kg;6,99;6,99;;;7,99;3859893326639;Hrana
PANETTONE VECCHIO FORNO 1000 g;186814;;1,0000;kg;10,99;10,99;;;4,99;8002734000594;Hrana
MLIJEKO UHT 2,8% M.M SPAR 1 L;186817;SPAR;1,0000;L;0,77;0,77;;;0,85;3858889112119;Hrana
JUICE CAPPY NARAN. 100% 0,33 L;186862;Cappy;0,3300;l;1,75;5,30;;;1,75;90492341;Piæa
SOK CAPPY JABUKA 100% 0,33 L;186863;Cappy;0,3300;l;1,35;4,09;;;1,29;50112234;Piæa
ZUBNA PASTA COLGATE 100 ml;186890;Colgate;0,1000;L;2,69;26,90;;;2,39;7891024132074;Kozmetika
STUDENTSKI MIKS NP 200 g;186899;Natur pur;0,2000;kg;3,09;15,45;;;3,05;9100000047607;Hrana
ÈIPS OD BANANE NATUR PUR 125 g;186900;Natur pur;0,1250;kg;1,19;9,52;;;1,19;9100000047652;Hrana
HRANA ZA PAPIGE FIFFY 500 g;186950;Fiffy;0,5000;kg;1,59;3,18;;;1,59;9100000098722;Proizvodi za kuæanstvo
HRANA ZA HRÈKE FIFFY 500 g;186951;Fiffy;0,5000;kg;1,49;2,98;;;1,49;9100000098326;Proizvodi za kuæanstvo
HRANA ZA ZAMORCE FIFFY 1 kg;186952;Fiffy;1,0000;kg;2,69;2,69;;;2,69;9100000098807;Proizvodi za kuæanstvo
HR.ZA PATULJ.KUNIÆE FIFFY 1 kg;186953;Fiffy;1,0000;kg;2,69;2,69;;;2,69;9100000098869;Proizvodi za kuæanstvo
POVRTNI NAMAZ NATUREL 75 g;186977;Naturel;0,0750;kg;1,79;23,87;;;1,79;3858887246243;Hrana
POVR.NAMAZ NATUREL ŠAMP.75 g;186980;Naturel;0,0750;kg;1,79;23,87;;;1,79;3858887246236;Hrana
POVR.NAMAZ NATUREL PAPR.75 g;186981;Naturel;0,0750;kg;1,79;23,87;;;1,79;3858887246212;Hrana
DŽEM MACKAY´S BOROV.RIBIZ340 g;187025;Mackays;0,3400;kg;5,49;16,15;;;5,49;0637793002517;Hrana
LIZALICA CANDY CANES 14 g;187064;Candy;0,0140;kg;0,49;35,00;;;0,49;54083127;Hrana
TP VIOLETA PAMUK 3SL 16/1;187072;Violeta;16,0000;kom;4,49;0,28;;;6,59;3859892288075;Toaletne potrepštine
KAVA FRANCK JUBILARNA 400 g;187286;Franck;0,4000;kg;8,29;20,73;;;8,29;3858881085596;Piæa
PAŠTETA PODR.KOKOŠ.PIKANT 50 g;187289;Podravka;0,0500;kg;0,85;17,00;;;0,80;38502361;Hrana
KOBASICA DEBRECINSKA 200 g;187325;Gavrilovic;0,2000;kg;2,39;11,95;;;2,39;3858881221277;Hrana
PILJEVINA ZA ŽIVOT.FIFFY 900 g;187340;Fiffy;0,9000;kg;2,19;2,43;;;2,19;9100000099064;Proizvodi za kuæanstvo
KREMA ERDAL NEUTRALNA 55 ml;187365;Erdal;0,0550;L;;40,91;2,25;2,35;1,95;4009175111456;Proizvodi za kuæanstvo
KREMA ERDAL SMEÐA 55 ml;187366;Erdal;0,0550;L;1,95;35,45;;;1,95;4009175111463;Proizvodi za kuæanstvo
SIR DRAGEC DIMLJENI 450 g;187522;Euro Milk;0,4500;kg;7,59;16,87;;;6,99;3859889770507;Hrana
OSVJ.ZA WC BREF AKTIV 2X50 g;187528;Bref;0,1000;kg;2,79;27,90;;;3,95;9000100656832;Sredstva za èišæenje
OSVJ.ZA WC BREF AKTIV 2X50 g;187530;Bref;0,1000;kg;2,79;27,90;;;3,95;9000100656801;Sredstva za èišæenje
BOMBONI GUMENI KIKI MEDO 90 g;187532;Kiki;0,0900;kg;1,19;13,22;;;1,29;3850102216369;Hrana
BOMBONI 505 S CRTOM 100 g;187533;Kraš;0,1000;kg;1,09;10,90;;;1,09;3850102216147;Hrana
ÈOKOLADA BANANA BANANKO 30 g;187534;Kraš;0,0300;kg;0,55;18,33;;;0,55;3850102127252;Hrana
VINO KRAUTH.ROSE CUVEE 0,75 L;187715;;0,7500;l;11,49;15,32;;;11,49;3859892481100;Piæa
PAPALINA LEDO 500 g;188031;Ledo;0,5000;kg;2,99;5,98;;;2,49;3850116887678;Hrana
FILET OSLIÆA PANIR. LEDO 400 g;188033;Ledo;0,4000;kg;6,49;16,23;;;5,99;3850116881973;Hrana
LIGNJA PAT.KO. I KR.LEDO 400 g;188037;Ledo;0,4000;kg;9,79;24,48;;;9,79;3850116892313;Hrana
ÈAJNI KOLUTIÆI S BUDGET 1 kg;188226;S-Budget;1,0000;kg;2,59;2,59;;;2,59;8056149082683;Hrana
KRUH HRSKAVI PREMIUM 200 g;188306;SPAR PREMIUM;0,2000;kg;2,49;12,45;;;2,37;9100000764610;Hrana
VINO MADIRAZZA POŠIP 0,75 L;188310;;0,7500;l;15,79;21,05;;;15,79;3859889833462;Piæa
TUNA DIMLJENA 100 g;188346;Bek Pušnica;0,1000;kg;;39,90;3,99;4,99;4,99;3859892100148;Hrana
REG.ELSEVE ARGININE 200 ml;188348;Elseve;0,2000;L;4,49;22,45;;;4,39;3600522087533;Kozmetika
ŠAMP.ELSEVE ARGININE 250 ml;188349;Elseve;0,2500;L;4,49;17,96;;;4,39;3600522087496;Kozmetika
OSVJ.ZRAKA SPLENDID 3X15 ml;188479;Splendid;1,0000;kom;3,89;3,89;;;3,89;3830053561619;Sredstva za èišæenje
OSVJ.ZRAKA SPLENDID 3X15 ml;188480;Splendid;1,0000;kom;3,89;3,89;;;3,89;3830053561626;Sredstva za èišæenje
OSV.ZRAKA SPLENDID REF.3X15 ml;188481;Splendid;1,0000;kom;3,15;3,15;;;3,15;3830053561640;Sredstva za èišæenje
OSV.ZRAKA SPLENDID REF.3X15 ml;188482;Splendid;1,0000;kom;3,65;3,65;;;3,65;3830053561633;Sredstva za èišæenje
OSV.TEK.ZA WC SPLENDID 3X55 ml;188483;Splendid;0,1650;L;2,19;13,27;;;2,19;3830053561596;Sredstva za èišæenje
OSV.TEK.ZA WC SPLENDID 3X55 ml;188485;Splendid;0,1650;L;2,19;13,27;;;2,19;3830053561589;Sredstva za èišæenje
OSV.TEK.ZA WC SPLENDID 3X55 ml;188486;Splendid;0,1650;L;2,19;13,27;;;2,19;3830053561602;Sredstva za èišæenje
PIZZA SALAMA SPAR 320 g;188527;SPAR;0,3200;kg;2,79;8,72;;;2,69;9100000733845;Hrana
PIZZA SPAR ŠUNKA 330 g;188528;SPAR;0,3300;kg;2,79;8,45;;;2,69;9100000733883;Hrana
NAREZAK GAVRILOVIÆ ŠUNKA 150 g;188539;Gavrilovic;0,1500;kg;2,59;17,27;;;2,59;3858881227927;Hrana
HRANA ZA MAÈKE KITEKAT 1,8 kg;188554;Kitekat;1,8000;kg;9,59;5,33;;;9,59;5900951137877;Proizvodi za kuæanstvo
HRANA ZA MAÈKE KITEKAT 1,8 kg;188558;Kitekat;1,8000;kg;9,59;5,33;;;9,59;5900951137884;Proizvodi za kuæanstvo
PATRONE GILLETTE FUS.PROG.4/1;188568;Gillette;4,0000;kom;25,59;6,40;;;25,61;7702018085514;Kozmetika
WHISKEY GOLDEN ARMS 0,7 L;188599;;0,7000;L;8,69;12,41;;;8,69;3228825121077;Piæa
CVJETAÈA kom;188648;;1,0000;kom;1,79;1,79;;;1,99;8430697302095;Hrana
ŠAMP.SYOSS DRY VOL.LIFT 200ml;188657;Syoss;0,2000;L;6,49;32,45;;;6,49;9000100695848;Kozmetika
ŠAMP.SYOSS DRY ANTI GRE.200 ml;188658;Syoss;0,2000;L;6,49;32,45;;;4,49;9000100695800;Kozmetika
MESNI DORUÈAK GAVRIL.2X150 g;188659;Gavrilovic;0,3000;kg;2,99;9,97;;;3,99;3859892502744;Hrana
VODA ZA USTA LISTERINE 1 L;188767;Listerine;1,0000;L;7,99;7,99;;;7,99;3574661731049;Kozmetika
WHISKY JACK DANIELS+ÈAŠE 0,7 L;188785;;0,7000;l;;38,56;26,99;28,49;28,52;5099873045848;Piæa
MLIJEKO UHT 2,8% DUKAT 0,5 L;188791;Dukat;0,5000;L;1,09;2,18;;;0,99;3850354006817;Hrana
SRED.SANITAR ORIGINAL 750 ml;188866;Sanitar;0,7500;L;2,45;3,27;;;2,25;3850111501517;Sredstva za èišæenje
SRED.FROSCH UNIVERZALNO 500 ml;188871;Frosch;0,5000;L;3,19;6,38;;;3,19;4009175953674;Sredstva za èišæenje
ZAÈIN MJ.VEGETA PODRAVKA 200 g;188963;Podravka;0,2000;kg;2,39;11,95;;;2,39;3850104255274;Hrana
Sir Džiugas 6 mjes.cca 4,5 kg ;189065;Džiugas;1,0000;kg;13,99;13,99;;;13,99;38550005234939;Hrana
KAŠICA BEBIVITA ŠLJIVA 190 g;189078;Bebivita;0,1900;kg;1,19;6,26;;;1,28;9007253102469;Hrana
KAŠICA BEBIVITA BRESKVA 190 g;189080;Bebivita;0,1900;kg;1,19;6,26;;;1,28;9007253102476;Hrana
BOJA ZA KOSU COLOR SEN.111 1/1;189081;Garnier;1,0000;kom;5,29;5,29;;;4,99;3600541136137;Kozmetika
BOJA ZA KO.COLOR SEN.9.13 ;189084;Garnier;1,0000;kom;5,29;5,29;;;4,99;3600541136106;Kozmetika
BOJA ZA KOSU COLOR SEN.8 1/1;189085;Garnier;1,0000;kom;5,29;5,29;;;4,99;3600541136090;Kozmetika
BOJA ZA KOSU COLOR SEN.7.0 1/1;189086;Garnier;1,0000;kom;5,29;5,29;;;4,99;3600541136083;Kozmetika
BOJA ZA KOS.COLOR SEN.6.35 1/1;189089;Garnier;1,0000;kom;5,29;5,29;;;4,99;3600541136052;Kozmetika
BOJA COLOR SENSATION 6.0;189090;Garnier;1,0000;kom;5,29;5,29;;;4,99;3600541136045;Kozmetika
BOJA ZA KOSU COLOR SEN.5.0 1/1;189092;Garnier;1,0000;kom;5,29;5,29;;;4,99;3600541136021;Kozmetika
BOJA ZA KOS.COLOR SEN.4.60 1/1;189093;Garnier;1,0000;kom;5,29;5,29;;;4,99;3600541136014;Kozmetika
BOJA ZA KOS.COLOR SEN.4.15 1/1;189094;Garnier;1,0000;kom;5,29;5,29;;;4,99;3600541136007;Kozmetika
BOJA ZA KOSU COLOR SEN.3.0 1/1;189097;Garnier;1,0000;kom;5,29;5,29;;;4,99;3600541135970;Kozmetika
BOJA ZA KOSU COLOR SEN.1.0 1/1;189099;Garnier;1,0000;kom;5,29;5,29;;;4,99;3600541135956;Kozmetika
ŠPINAT BONDUELLE 400 g;189117;Bonduelle;0,4000;kg;2,59;6,48;;;2,59;3083681007428;Hrana
RIŽA S-BUDGET BASMATI 1 kg;189142;S-Budget;1,0000;kg;2,95;2,95;;;3,99;9100000804934;Hrana
KAVA MLJEVENA PREMIUM 250 g;189218;SPAR PREMIUM;0,2500;kg;7,25;29,00;;;5,89;8001300500384;Piæa
SAPUN PALMOLIVE MILK 90 g;189247;Palmolive;0,0900;kg;1,25;13,89;;;1,25;8693495034258;Kozmetika
SAP.PALMOLIVE CAMMOMILLE 90 g;189249;Palmolive;0,0900;kg;0,72;8,00;;;0,72;8693495033770;Kozmetika
SAPUN PALMOLIVE ALOE 90 g;189250;Palmolive;0,0900;kg;1,25;13,89;;;1,25;8693495033985;Kozmetika
ÈIPS PREMIUM RAJ./BOSILJ.100 g;189254;SPAR PREMIUM;0,1000;kg;;19,90;1,99;2,19;2,19;9100000736020;Hrana
KRPA SPUŽVASTA MAGIÈNA 17X23cm;189257;;1,0000;kom;1,99;1,99;;;1,99;3858882683807;Proizvodi za kuæanstvo
JOG.ÈVRSTI DUKAT 3,2%MM 800 g;189295;Dukat;0,8000;kg;2,15;2,69;;;2,15;3850354009924;Hrana
BOMBONI MENTOS MINT 38 g;189347;Mentos;0,0380;kg;0,89;23,42;;;0,89;87108019;Hrana
ZAÈIN ORIGANO NADALINA 12g;189368;Nadalina;0,0120;kg;0,99;82,50;;;0,99;3858881580251;Hrana
ZAÈIN ÈEŠNJAK NADALINA 30 g;189370;Nadalina;0,0300;kg;1,59;53,00;;;1,59;3858881580275;Hrana
ZAÈIN PERŠIN NADALINA 8g;189371;;0,0080;kg;0,99;123,75;;;0,99;3858881580299;Hrana
MARMELADA PREMIUM LIMUN 350 g;189375;Premium;0,3500;kg;2,99;8,54;;;2,99;8001300501206;Hrana
MARMEL.PREMIUM MANDARINA 350 g;189376;Premium;0,3500;kg;2,99;8,54;;;2,99;8001300501213;Hrana
BOMBON MENTOL LEDENI 100 g;189383;Kandit;0,1000;kg;0,85;8,50;;;0,85;3858881043503;Hrana
NAMAZ SA ŠAMPINJONIMA 2X50 g;189487;Vegetariana;0,1000;kg;1,89;18,90;;;1,89;3859892560294;Hrana
NAMAZ SA TARTUFIMA 2X50 g;189493;Vegetariana;0,1000;kg;3,49;34,90;;;3,49;3859892560324;Hrana
ÈAJ MAJÈINA DUŠICA FRANCK 30 g;189562;Franck;0,0300;kg;2,49;83,00;;;2,49;3858881086777;Piæa
ÈAJ KOMORAÈ FRANCK 30 g;189563;Franck;0,0300;kg;2,49;83,00;;;2,49;3858881086753;Piæa
ÈAJ FRANCK UVIN 30 g OMOT;189565;Franck;0,0300;kg;2,49;83,00;;;2,49;3850291049786;Piæa
MARAM.VLAŽNE BECUTAN 72/1;189688;Becutan;72,0000;kom;1,79;0,02;;;1,69;5310001910730;Toaletne potrepštine
KIKIR.OLJUŠT.PRŽENI SLANI RFS;189744;;1,0000;kg;5,89;5,89;;;5,89;3858889331442;Hrana
KAVA INSTANT S BUDGET 200 g;189752;S-Budget;0,2000;kg;6,99;34,95;;;6,89;9100000837901;Piæa
MLIJE.UHT 3,8% HDP DUKAT 0,5 L;189756;Dukat;0,5000;L;1,09;2,18;;;1,09;3850354006831;Hrana
ZAÈIN KOTANY BURRITO 40 g;189814;Kotanyi;0,0400;kg;1,79;44,75;;;1,69;9001414011546;Hrana
ZAÈ.KOTANY FAJITA KOTANYI 40 g;189816;Kotanyi;0,0400;kg;1,79;44,75;;;1,69;9001414011539;Hrana
ŠEÆER LIMUN DOLCELA 10 g;189898;Podravka;0,0100;kg;0,29;29,00;;;0,39;3850104259340;Hrana
SUNCOKRET SJEMENKE NATU.150 g;189900;Natura;0,1500;kg;1,19;7,93;;;0,99;3859891427666;Hrana
ÈOK.KINDER JAJE SUPRISE 3X20 g;190041;Kinder;0,0600;kg;3,89;64,83;;;3,39;5905408021013;Hrana
ZEC KINDER 55 g;190042;Kinder;0,0550;kg;1,59;28,91;;;0,49;4008400524023;Hrana
MLIJ.UHT ALP.BEZ LAK 1,5%MM 1L;190043;Ljubljanske Mlekarne;1,0000;L;2,19;2,19;;;2,19;3838800049922;Hrana
VRHNJE KIS.DOM.BRZO&FINO 300 g;190044;Dukat;0,3000;kg;1,99;6,63;;;1,89;3850354008729;Hrana
VODA KALA PRIROD.MINER 0,5 L;190062;Kala;0,5000;l;,82;1,64;;;0,82;3850322007624;Piæa
VINO CUVEE BENKOVAC 0,75 L;190092;;0,7500;l;7,09;9,45;;;7,09;3850112170675;Piæa
VODKA LUKSUSOVA 1L;190361;Luksusowa;1,0000;l;13,02;13,02;;;13,02;5900191011456;Piæa
ŠTAPIÆI ZA RAŽNJIÆE 100/1;190396;;100,0000;kom;1,69;0,02;;;1,69;4008033565202;Proizvodi za kuæanstvo
KEKSI FREE FROM RIŽA KAK.250 g;190413;SPAR free from;0,2500;kg;3,59;14,36;;;3,59;9100000764450;Hrana
JAVOROV SIRUP NATUR PUR 250 ml;190414;Natur pur;0,2500;L;6,99;27,96;;;6,99;9100000997438;Hrana
PAŠTETA ARG.JUN.ORIG.3X95 g;190525;Argeta;0,2850;kg;4,35;15,26;;;3,19;3838471013185;Hrana
MARGARIN KLASIK ZVIJEZDA 250 g;190836;Zvijezda;0,2500;kg;0,99;3,96;;;0,85;3856015301901;Hrana
Sir Bayerntaler Zott;190921;Zott;1,0000;kg;15,39;15,39;;;15,39;4014500143453;Hrana
CIKLA DOORA REZANA 1,6 kg;190932;Doora;0,9000;kg;6,89;7,66;;;6,89;3858894541010;Hrana
PAPIR ZA PEÈENJE 20 LISTOVA;190945;;1,0000;kom;5,99;5,99;;;5,99;4823071655810;Proizvodi za kuæanstvo
DŽEM PREMIUM EKST.JAGODA 220 g;190948;Premium;0,2200;kg;2,65;12,05;;;2,65;3858889114687;Hrana
PALENTA INSTANT FRANCK 200 g;190955;Franck;0,2000;kg;0,99;4,95;;;0,99;3858881086456;Hrana
ŽIT.LINO PILLOW.TAM.PUNJ 250 g;190960;Podravka;0,2500;kg;3,39;13,56;;;3,49;3850104258978;Hrana
DOD.JEL.FANT ZAPEÈ.TJEST.40 g;190963;Podravka;0,0400;kg;1,39;34,75;;;1,39;3850104295126;Hrana
PJENUŠAC TORLEY GALA S.0,75 L;190989;Torley Gala;0,7500;l;5,49;7,32;;;5,49;5998815750607;Piæa
PJENA TAFT VOLUMEN MEGA 200 ml;191034;Taft;0,2000;L;4,59;22,95;;;3,89;9000100728249;Kozmetika
LAK TAFT VOLUMEN MEGA 250 ml;191035;Taft;0,2500;L;3,55;14,20;;;2,99;9000100728201;Kozmetika
GEL TAFT HOLD SPEED LOO.150 ml;191036;Taft;0,1500;L;4,49;29,93;;;4,39;9000101723083;Kozmetika
DEOSPRAY FA SPORT E.B.150 ml;191044;Fa;0,1500;L;3,29;21,93;;;3,20;9000100736763;Kozmetika
GEL ZA TUŠ.FA SPORT MUŠ.250 ml;191057;Fa;0,2500;L;;5,40;1,35;1,99;2,75;9000100729505;Kozmetika
ÈAÈKALICE 200/1 HIGIJENSKE;191214;;200,0000;kom;2,99;0,01;;;2,99;3858884122229;Proizvodi za kuæanstvo
VATA HIGIJ.BEAUTY KISS 100 g;191221;Beauty Kiss;0,1000;kg;1,09;10,90;;;1,09;3830053561657;Toaletne potrepštine
VINO CUVEE ROUGE ANTUN.0,75 L;191285;;0,7500;l;7,99;10,65;;;9,32;3859892364175;Piæa
VINO GRAŠEVINA ANTUN.0,75 L;191286;;0,7500;l;8,99;11,99;;;11,99;3859892364083;Piæa
VINO MUŠKAT ANTUNOVIÆ 0,75 L;191287;;0,7500;l;13,69;18,25;;;13,69;3859892364069;Piæa
VINO ANTUNOV.CHARDONNAY 0,75 L;191288;Antunovic;0,7500;l;13,99;18,65;;;18,82;3859892364090;Piæa
VINO CUVEE BLANC ANTUNO.0,75 L;191289;;0,7500;l;9,32;12,43;;;9,32;3859892364168;Piæa
INST.KAVA NES.CLASSIC LIM200 g;191359;Nescafe;0,2000;kg;10,99;54,95;;;9,99;7891000255025;Piæa
MLIJ.KIS.ZBREGOV 3,2%MM 900 g;191623;Vindija;0,9000;kg;2,39;2,66;;;2,39;3850108031812;Hrana
JOGURT 2,8%MM ZBREG T-REX 1 kg;191625;Vindija;1,0000;kg;2,39;2,39;;;2,29;3850108030297;Hrana
Sir Dimek polutvrdi dimljeni;191627;Vindija;1,0000;kg;13,99;13,99;;;13,99;3850108057751;Hrana
CROISSANT 7 DAY´S FAMILY 185g;191646;7 Day's;0,1850;kg;2,65;14,32;;;2,65;7622202213984;Hrana
TUNA FILET PREM.DESPAR 200 g;191748;SPAR PREMIUM;0,1400;kg;5,49;39,21;;;5,49;8001300285106;Hrana
APEROL 0,7 L;191799;Aperol;0,7000;l;;19,99;13,99;18,99;18,79;8002230000302;Piæa
VINO PRODAN MALVAZIJA 1 L;191813;;1,0000;l;5,99;5,99;;;6,12;3859890283058;Piæa
RAKIJA PRODAN MEDICA 0,5L;191814;;0,5000;l;10,28;20,56;;;10,28;3859890283164;Piæa
MLIJEKO KOKOSOVO YOUWOK 400 ml;191884;;0,4000;kg;3,49;8,73;;;3,18;8717228380242;Hrana
TJEST.DE CECCO TAGLIATELLE500g;191893;De Cecco;0,5000;kg;4,29;8,58;;;4,29;8001250152039;Hrana
INSTANT KAVA BIO NP 100 g;192008;Spar Natur pur;0,1000;kg;6,25;62,50;;;6,25;9100000121505;Piæa
PIVO OŽUJSKO GREJP 0,5 L P.A;192012;Ožujsko;0,5000;L;1,25;2,50;;;1,25;3850131002520;Piæa
PREPEÈENAC GRANETTI 280 g;192034;Barilla;0,2800;kg;2,79;9,96;;;2,79;8076809527033;Hrana
PREPEÈENAC GRANETTI 280g;192036;;0,2800;kg;2,79;9,96;;;2,63;8076809527026;Hrana
AJVAR DOORA LJUTI 350 g;192147;Doora;0,3500;kg;2,89;8,26;;;2,89;3858894541553;Hrana
SIR VOÆNI SVJEŽI 6X50 g;192160;Danone;0,3000;kg;2,79;9,30;;;2,49;4009700035783;Hrana
LIMUNSKA KISEL.S-BUDGET 200 ml;192192;SPAR;0,2000;l;0,59;2,95;;;0,52;9100000698793;Hrana
ROLL ON FA POWER BOOST M.50 ml;192198;Fa;0,0500;L;3,29;65,80;;;3,20;9000100736817;Kozmetika
TJES.PREMIUM ZELE.REZANC.400 g;192225;Premium;0,4000;kg;3,19;7,98;;;3,19;3858889113352;Hrana
TJE.PREMIUM CRNI REZANCI 400 g;192227;Premium;0,4000;kg;3,99;9,98;;;3,99;3858889113369;Hrana
MLIJEKO ÈOKOLAD.DUKAT HDPE 1 L;192404;Dukat;1,0000;L;2,29;2,29;;;2,39;3850354007661;Hrana
PIVO OŽUJSKO GREJP LIM.0,5L;192566;Ožujsko;0,5000;l;1,59;3,18;;;1,55;3850131002551;Piæa
LIKER PATRIK BOROVNICA 0,50 L;192567;Patrik;0,5000;l;13,22;26,44;;;11,99;3859890672722;Piæa
OSVJ.PIÆE YIPPI JABUKA 0,33 L;192569;;0,3300;l;1,39;4,21;;;1,39;9008700141918;Piæa
OSVJ.PIÆE YIPPY NARANÈA 0,33 L;192570;;0,3300;l;1,39;4,21;;;1,39;9008700141949;Piæa
ÈOKOLADA ANIDOR TAMNA 70% 85 g;192638;Anidor;0,0850;kg;2,45;28,82;;;2,65;5941047821645;Hrana
ÈOKOLADA ANIDOR TAM.NARAN.85 g;192641;Anidor;0,0850;kg;2,45;28,82;;;2,65;5941047821584;Hrana
KREKER CROCO BIG SLANI 200 g;192649;Croco;0,2000;kg;1,89;9,45;;;1,89;5941194002553;Hrana
KREKER CROCO PIZZA 400 g;192651;Croco;0,4000;kg;3,09;7,73;;;3,09;5941194000078;Hrana
PECIVO MIJEŠANO CROCO 500 g;192654;Croco;0,5000;kg;;4,98;2,49;3,49;3,49;5941194000917;Hrana
NAPITAK ALPRO BADEM 1 L;192663;Alpro;1,0000;l;3,79;3,79;;;2,39;5411188110835;Piæa
SPRAY NIVEA SUN  ZF20 200ml;192689;Nivea;0,2000;L;14,99;74,95;;;14,99;4005809804510;Kozmetika
SPRAY NIVEA SUN  ZF30 200ml;192693;Nivea;0,2000;L;15,99;79,95;;;15,99;4006000130651;Kozmetika
RAKIJA OD VOÆA FELSER 1 L;192706;Weingut Schloss Fels;1,0000;l;12,99;12,99;;;11,82;9100300105007;Piæa
GIN SILVER CROWN 0,7 L;192708;SPAR;0,7000;l;6,59;9,41;;;6,52;9100300165995;Piæa
BARBOSSA SUPERIOR 0,7 L;192709;Barbossa;0,7000;l;6;8,57;;;6;9100300166015;Piæa
KEKS MOTO KAKAO 288 g;192720;Moto;0,2880;kg;2,99;10,38;;;2,99;3850102522859;Hrana
VRHNJE ZA KUHANJE HDPE 500 g;192751;Dukat;0,5000;kg;3,49;6,98;;;3,39;3850354008606;Hrana
SRDELA FROZY 1000 g;192759;Frozy;1,0000;kg;3,79;3,79;;;2,99;3859891927579;Hrana
POVR.ZA FRAN.SAL.S-BUDG.1000 g;192761;S-Budget;1,0000;kg;1,79;1,79;;;2,39;3858889113260;Hrana
PAPALINA S-BUDGET IQF 1000 g;192764;S-Budget;1,0000;kg;3,49;3,49;;;2,99;3858889113239;Hrana
SALATA HRASTOV LIST kom;192813;;1,0000;kom;1,09;1,09;;;1,39;3859892408039;Hrana
VINO CASA DE C.CS RES 0,75 L;192857;;0,7500;l;5,29;7,05;;;5,29;7804661041234;Piæa
VINO EL CAMPO CAB.SAUVI.0,75 L;192860;;0,7500;l;4,22;5,63;;;4,22;7804661041241;Piæa
VINO EL CAMPO MERLOT 0,75 L;192863;;0,7500;l;4,22;5,63;;;4,22;7804661041258;Piæa
BOMB.NIMM2 KARAMELA VOÆNA 90 g;192993;Nimm 2;0,0900;kg;1,25;13,89;;;1,25;4014400910810;Hrana
BOMBONI GUMENI NIMM2 100 g;192994;Nimm 2;0,1000;kg;1,25;12,50;;;1,25;4014400907278;Hrana
MASLINE SPAR PREM.VEL.950 g;192997;SPAR PREMIUM;0,6300;kg;5,99;9,51;;;5,99;8001300235217;Hrana
ÈETKICA ELMEX JUNIOR 1/1;193014;Elmex;1,0000;kom;3,45;3,45;;;3,45;7610108043583;Toaletne potrepštine
PASTA  ELMEX  JUNIOR 75 ml;193016;Elmex;0,0750;L;3,85;51,33;;;3,85;8718951470583;Kozmetika
PASTA ELMEX KIDS 50 ml;193017;Elmex;0,0500;L;3,15;63,00;;;3,15;8718951470644;Kozmetika
ZUBNA PASTA ELMEX  75 ml;193018;Elmex;0,0750;L;4,39;58,53;;;4,39;8718951477575;Kozmetika
PASTA ELMEX  SENSITIVE 75 ml;193020;Elmex;0,0750;L;4,39;58,53;;;4,39;8718951470613;Kozmetika
PIVO STAROÈEŠ.SVIJ.LAGER 0,5 L;193222;Staroèesko;0,5000;l;1,19;2,38;;;1,19;3859892222017;Piæa
SOK JUICY 100% JABUKA 1 L;193252;Juicy;1,0000;l;2,29;2,29;;;2,19;3858890970210;Piæa
PIK ŠUNKA FINA NAR.150 g;193382;Pik;0,1500;kg;3,29;21,93;;;3,25;3850139250671;Hrana
PIKO PARIZER NAR.200 g;193384;Piko;0,2000;kg;2,85;14,25;;;2,85;3850139190892;Hrana
ROŠTILJSKA KOBASICA 460 g;193390;Pik;0,4600;kg;;10,85;4,99;5,29;4,99;3850139171587;Hrana
TARTUFATA SPAR PREMIUM 100 g;193542;Zigante;0,1000;kg;10,99;109,90;;;10,99;3858889114663;Hrana
SIR PAŠKI SPAR PREMIUM 325 g;193544;Premium;0,3250;kg;18,99;58,43;;;18,99;3859893066580;Hrana
PIVO HEINEKEN 4X0,5 L;193567;Heineken;2,0000;l;6,45;3,23;;;6,07;3830001714715;Piæa
ŠAMP.ELSEVE COLOR VIVE 400 ml;193641;Elseve;0,4000;L;5,89;14,73;;;5,89;3600522069829;Kozmetika
DŽEMFIX SUPER 3:1 25 g;193715;Dr. Oetker;0,0250;kg;1,59;63,60;;;1,59;5997381370929;Hrana
DEO SPR.BOROTALCO INVIS.150 ml;193722;Borotalco;0,1500;L;3,99;26,60;;;3,50;8002410041866;Kozmetika
DEO SPR.BOROTALCO ORIGI.150 ml;193723;Borotalco;0,1500;L;3,99;26,60;;;3,50;8002410040388;Kozmetika
ROLL ON BOROTALCO INV.50 ml;193727;Borotalco;0,0500;L;3,99;79,80;;;3,50;80844044;Kozmetika
DEO ROLL ON BOROTALCO FR.50 ml;193729;Borotalco;0,0500;L;3,99;79,80;;;3,50;80453000;Kozmetika
KAŠA RIBANA KOLEDA 400 g;193756;Koleda;0,4000;kg;1,99;4,98;;;2,25;3859888433151;Hrana
REZANCI ŠIR.S MRK.KOLEDA 400 g;193758;Koleda;0,4000;kg;1,99;4,98;;;2,25;3859888433144;Hrana
REZ.KOLED.JUŠ.S JAJ.I MR.400 g;193760;Koleda;0,4000;kg;1,99;4,98;;;2,25;3859888433076;Hrana
REZANCI ŠIR.S JAJ.KOLEDA 400 g;193761;Koleda;0,4000;kg;1,99;4,98;;;2,25;3859888433090;Hrana
REZAN.JUŠNI S JAJ.KOLEDA 400 g;193762;Koleda;0,4000;kg;1,99;4,98;;;2,25;3859888433083;Hrana
KRPICE KOLEDA S JAJIMA 400 g;193764;Koleda;0,4000;kg;1,99;4,98;;;2,25;3859888433502;Hrana
SIRUTKA MARAKUJA S BUDG.0,5 L;193863;S-Budget;0,5000;L;0,99;1,98;;;0,99;9100000007670;Hrana
SIRUTKA MANGO S BUDGET 0,5 L;193865;S-Budget;0,5000;L;0,99;1,98;;;0,99;9100000007656;Hrana
Sir Mozzarella Milram;193871;Milram;1,0000;kg;11,99;11,99;;;11,99;9860001585330;Hrana
VAFEL HANUTA T2x18 44 g;193969;Ferrero;0,0440;kg;1,09;24,77;;;0,99;8000500273555;Hrana
NAMAZ NUTELLA LJEŠNJAK 15 g;193999;Nutella;0,0150;kg;0,55;36,67;;;0,49;80751151;Hrana
ŽIT.LINO PILLOW.BIJ.PUNJ.250 g;194001;Podravka;0,2500;kg;3,39;13,56;;;3,49;3850104259616;Hrana
ŽELIN DOLCELA 75 g;194002;Podravka;0,0750;kg;2,69;35,87;;;2,29;3850104259333;Hrana
BOMB.RONDO C XXL 61,5 g;194110;Rondo C;0,6150;kg;1,69;2,75;;;1,59;3850322008331;Hrana
VINO BELJE KV.GRAŠEVINA 0,75 L;194133;;0,7500;l;7,05;9,40;;;7,05;3850257019020;Piæa
PAP.RUÈ.VIOLETA CLEV.C.2/1 ;194136;Violeta;2,0000;kom;1,89;0,95;;;1,99;3859892288488;Proizvodi za kuæanstvo
VODKA SVAROG 0,7L;194140;;0,7000;l;20,02;28,60;;;18,29;3850112142795;Piæa
VINO MILIÈIÆ POŠIP 1 L;194141;;1,0000;l;5,88;5,88;;;5,88;3859888400306;Piæa
DESPAR GRISSINI FRIABILI 250 g;194146;Despar;0,2500;kg;1,49;5,96;;;1,52;8001300802792;Hrana
KEKSI CHOCOLIX BEZ ŠEÆ.200 g;194204;Delicia;0,2000;kg;3,59;17,95;;;3,69;3859889106177;Hrana
KAŠICA HIPP SPAGH.BOLOG.250 g;194226;Hipp;0,2500;kg;2,66;10,64;;;2,66;4062300375178;Hrana
VODA MINERALNA KISELJAK 0,5 L;194277;Sarajevski Kiseljak;0,5000;l;,79;1,58;;;0,79;3871059000023;Piæa
ŠTAPIÆI PRIMA KIKIRIKI 100 g;194283;Prima;0,1000;kg;0,99;9,90;;;0,89;8600939212295;Hrana
MASLAC PRES.S MORS.SOLI 250 g;194315;President;0,2500;kg;4,29;17,16;;;4,35;3155250367094;Hrana
BOMBONI VAU VAU 20 g;194318;Cedevita;0,0200;kg;1,55;77,50;;;1,39;3850322000564;Hrana
BOMBONI PERLY 40 g;194331;Perla;0,0400;kg;0,79;19,75;;;0,86;3395503218579;Hrana
DŽEM SPAR EXTRA ŠUM.VOÆE 450 g;194335;SPAR;0,4500;kg;2,79;6,20;;;2,79;9100000967844;Hrana
KEKS PAPRENJAK ADRIA 150 g;194371;DUPIN;0,1500;kg;3,69;24,60;;;3,69;3858890260915;Hrana
MLIJEKO ÈOK.DUKAT HDPE  0.5 L;194386;Dukat;0,5000;L;1,69;3,38;;;1,69;3850354006879;Hrana
JOG.TEKUÆI DUKAT 2,8%M.M.230 g;194388;Dukat;0,2300;kg;0,75;3,26;;;0,75;3850354009177;Hrana
NAMAZ MLIJEÈNI DUKATELA 250 g;194390;Dukat;0,2500;kg;2,79;11,16;;;2,45;3850354015031;Hrana
JOGURT DUKATINO GRIC 122 g;194392;Dukat;0,1220;kg;1,49;12,21;;;1,39;3850354003694;Hrana
LIZ.VOÆ.CHUPA CHUPS 12 g;194435;Chupa Chups;0,0120;kg;0,39;32,50;;;0,49;84461223;Hrana
PIJESAK ZA MAÈKE MOLLY 10 kg;194526;Molly;10,0000;kg;4,99;0,50;;;4,99;9100000089904;Proizvodi za kuæanstvo
MJEŠAVINA ZA KRUH FR.FROM 1 kg;194529;SPAR free from;1,0000;kg;4,49;4,49;;;4,49;9100000766782;Hrana
DET.ZA PR.RUBLJA S BUDGET 3 kg;194641;SPAR;3,0000;kg;4,55;1,52;;;3,98;3858889114762;Sredstva za èišæenje
SIR EDAMAC PANIRANI 600 g;194677;Vindija;0,6000;kg;7,19;11,98;;;7,19;3850159141812;Hrana
MINERAL.VODA ROMERQUELLE 0,5 L;194748;Römerquelle;0,5000;l;,99;1,98;;;0,93;90311185;Piæa
MUSLI PLOÈ.S BUDGET 8X25 g;194856;S-Budget;0,2000;kg;1,65;8,25;;;2,19;9100000779973;Hrana
MUSLI PLOÈ.S BUDGET 8X25 g;194858;S-Budget;0,2000;kg;1,65;8,25;;;2,19;9100000779935;Hrana
ŠAMP.H&S APPLE FRESH 400 ml;194895;Head&Shoulders;0,4000;L;6,19;15,48;;;6,19;5410076659456;Kozmetika
Sir Dinarski;195243;Sirana Gligora;1,0000;kg;29,99;29,99;;;29,99;3859891864362;Hrana
Masline zel.bez košt.;195475;;1,0000;kg;8,99;8,99;;;8,99;;Hrana
Inæuni slani;195479;;1,0000;kg;14,20;14,20;;;14,20;;Hrana
MUSLI VITALIS ÈOKOLADA 300 g;195488;Vitalis;0,3000;kg;4,39;14,63;;;4,39;4000521010256;Hrana
MUSLI VITALIS VOÆE 300 g;195489;Vitalis;0,3000;kg;4,39;14,63;;;4,39;4000521010270;Hrana
MUSLI VITALIS MED,BADEM 300 g;195490;Vitalis;0,3000;kg;4,39;14,63;;;4,39;4000521010294;Hrana
GUSTIN DR.OETKER ZA UMAK.150 g;195618;Dr. Oetker;0,1500;kg;2,19;14,60;;;2,19;5997381358774;Hrana
UMAK SPAR SALSA BARBECUE 330 g;195645;SPAR;0,3300;kg;2,49;7,55;;;2,49;8710671090256;Hrana
UM.SPAR SALSA SOUR CREAM 300 g;195647;SPAR;0,3000;kg;2,49;8,30;;;2,49;8710671090270;Hrana
GAZIRAN.PIÆE FANTA SHOKATA 2 L;195749;Fanta;2,0000;l;2,39;1,20;;;2,29;5449000291691;Piæa
ZIGANTE MINI KOLEKC.3/1;195924;Zigante;0,0900;kg;14,99;166,56;;;17,25;3859889179737;Hrana
GURM. MIX ORAŠÈIÆA SEEB.150 g;195948;Seeberger;0,1500;kg;;23,93;3,59;4,49;4,37;4008258020043;Hrana
IND.ORAŠÈIÆI SEEBERGER 200 g;195949;Seeberger;0,2000;kg;;25,95;5,19;5,51;5,99;4008258107010;Hrana
PUDING VANIL.SA ŠLAGOM 4X125 g;195953;Vindija;0,5000;kg;1,99;3,98;;;2,25;3850108040081;Hrana
PUDING ÈOK.SA ŠLAGOM 4X125 g;196061;Vindija;0,5000;kg;1,99;3,98;;;2,25;3850108040180;Hrana
SIR ZAGORSKI DIM.PREMIUM 225 g;196233;Premium;0,2250;kg;3,49;15,51;;;3,49;3858889115684;Hrana
ŠTAP.SURIM.S OKUSOM RAKA 240 g;196366;Moje More;0,2400;kg;1,99;8,29;;;1,99;3858887470921;Hrana
JUHA IN.FINI MINI RAJÈICA 23 g;196373;Podravka;0,0230;kg;0,89;38,70;;;0,89;3850104260940;Hrana
KRASTAVCI DOORA DELIK.2350 g;196425;Doora;1,2500;kg;11,39;9,11;;;11,39;3858894541331;Hrana
FEFERONI DOORA LJUTI 320 g;196428;Doora;0,1600;kg;4,39;27,44;;;4,39;3858894541485;Hrana
S-BUDGET SVJEŽA SALATA 400 g;196497;S-Budget;0,4000;kg;1,69;4,23;;;2,19;3858889115998;Hrana
Juneæi vrat bez kosti ;196628;;1,0000;kg;12,49;12,49;;;10,49;3850139401547;Hrana
BOMBONI TIC-TAC ORANGE 18 g;196664;Tic Tac;0,0180;kg;0,79;43,89;;;0,85;80052333;Hrana
BOMBONI TIC-TAC MINT 18 g;196665;Tic Tac;0,0180;kg;0,79;43,89;;;0,85;80052043;Hrana
ZAM.MLIJEKO BEBIMIL JUN.500 g;196686;Bebimil;0,5000;kg;8,49;16,98;;;8,95;9007253000017;Hrana
KAVA BARCAFFE ESPRESSO 250 g;196690;Barcaffe;0,2500;kg;6,99;27,96;;;6,49;3838975531765;Piæa
POSLAS.MAÈ.WHIS.PIL.SIR 60 g;196707;Whiskas;0,0600;kg;1,89;31,50;;;1,89;5998749146736;Proizvodi za kuæanstvo
HRANA ZA PSE PEDIG.GOV.100 g;196717;Pedigree;0,1000;kg;,89;8,90;;;0,89;5900951017261;Proizvodi za kuæanstvo
ULJE MASL.EK.DJE.MONINI 250 ml;196718;Monini;0,2500;L;4,49;17,96;;;4,49;80053811;Hrana
PRALINE I LOVE MILKA 110 g;196761;Milka;0,1100;kg;4,79;43,55;;;3,69;7622210597380;Hrana
ŠTAPIÆI ULKER SEZAM 125 g;196762;Ulker;0,1250;kg;1,69;13,52;;;1,69;8690504011750;Hrana
ÈOK.RUM PLOÈICE MINI 182 g;196763;Kandit;0,1820;kg;3,45;18,96;;;3,45;3858881044135;Hrana
BOMB.MENTOL LIMUN MEDENI 100 g;196764;Kandit;0,1000;kg;0,85;8,50;;;0,85;3858881049789;Hrana
LISTOVI ZA SAV.S BUDGET 500 g;196823;S-Budget;0,5000;kg;1,23;2,46;;;1,25;3858889115745;Hrana
KOKICE POP CORN NATURA 100 g;196928;Natura;0,1000;kg;0,69;6,90;;;0,69;3859891427901;Hrana
POK.PAK.DENIM ORIGINAL GEL+DEO;196956;Denim;1,0000;kom;4,89;4,89;;;5,99;8008970036830;Kozmetika
PAKIRANI LED 2,5 kg;196959;;2,5000;kg;2,89;1,16;;;2,59;3855006015018;Hrana
ZUB.PAS.SENSODYNE WHITEN.75 ml;197354;Sensodyne;0,0750;L;7,49;99,87;;;4,75;5054563103505;Kozmetika
ZAÈ.KOTANYI CHIL.JALAPENO 24 g;197421;Kotanyi;0,0240;kg;3,99;166,25;;;3,99;9001414900598;Hrana
ŠTAPIÆI ULKER SEZAM 40 g;197444;Ulker;0,0450;kg;0,59;13,11;;;0,59;8690504018087;Hrana
HRENOVKE PILEÆE GALA 200 g;197446;Gavrilovic;0,2000;kg;1,89;9,45;;;1,89;3858881225954;Hrana
BOMBONI M&M CHOCO 45 g;197449;M&M's;0,0450;kg;1,09;24,22;;;1,09;5900951140303;Hrana
BOMBONI M&M PEANUT 45 g;197451;M&M's;0,0450;kg;1,09;24,22;;;1,09;5900951140310;Hrana
ÈOK.MILKA SJECKANI LJEŠNJ.80 g;197460;Milka;0,0800;kg;1,99;24,88;;;1,19;7622210043931;Hrana
ÈOK.MILKA NOISETTE 80 g;197461;Milka;0,0800;kg;2,09;26,13;;;1,19;7622210043955;Hrana
ŠAMP.ELSEVE ARG.RESIST 400 ml;197522;Elseve;0,4000;L;5,89;14,73;;;5,89;3600522242451;Kozmetika
Teleæe hrenovke;197542;Medven;1,0000;kg;13,49;13,49;;;13,49;3859893850448;Hrana
Èvarci;197547;Medven;1,0000;kg;26,99;26,99;;;26,99;3859893326479;Hrana
ÈVARCI 300 g;197548;Medven;0,3000;kg;8,99;29,97;;;8,99;3859892460709;Hrana
BOMBONI MAMBA 106 g;197565;Mamba;0,1060;kg;1,25;11,79;;;1,25;4014400926279;Hrana
SALAMA ROMANA NAREZAK 80 g;197596;Gavrilovic;0,0800;kg;2,29;28,63;;;2,59;3859892569792;Hrana
ÈOK.JAJE KINDER SURP.LEI 20 g;197695;Kinder;0,0200;kg;1,49;74,50;;;1,39;54088191;Hrana
MAKARONI S JAJIMA KOLEDA 400 g;197710;Koleda;0,4000;kg;1,99;4,98;;;2,25;3859888433267;Hrana
ŠKOLJKI.S JAJIMA KOLEDA 400 g;197711;Koleda;0,4000;kg;1,99;4,98;;;2,25;3859888433250;Hrana
SVRDLA S JAJIMA KOLEDA 400 g;197712;Koleda;0,4000;kg;1,99;4,98;;;2,25;3859888433274;Hrana
PUŽIÆI S JAJIMA KOLEDA 400 g;197713;Koleda;0,4000;kg;1,99;4,98;;;2,25;3859888433281;Hrana
VINO IURIS SAUV.+GRAŠEV.0,75 L;197763;;0,7500;l;;6,65;4,99;6,02;6,02;3859891102341;Piæa
VINO IURIS CABER.+MERL.0,75 L;197776;;0,7500;l;;6,65;4,99;6,02;6,02;3859891102327;Piæa
PAŠTETA GALA 100 g;197823;Gavrilovic;0,1000;kg;1,14;11,40;;;1,14;3858881227903;Hrana
JUHA PODRAVKA GOVEÐA 52 g;197839;Podravka;0,0520;kg;0,99;19,04;;;0,99;3850104251924;Hrana
LASAGNE SPAR VEGGIE 400 g;197841;SPAR Veggie;0,4000;kg;2,99;7,48;;;2,99;9100000739090;Hrana
ZUB.PAS.AQUAFRESH JUNIOR 50 ml;197857;Aquafresh;0,0500;L;2,79;55,80;;;2,59;5054563204110;Kozmetika
KOST SIPINA ZA PTICE 26 g 2KOM;197889;Vitakraft;0,0260;kg;2,65;101,92;;;2,65;4008239313171;Proizvodi za kuæanstvo
PAPIR.RUÈNIK S BUDGET 2SL 2/1;197899;S-Budget;2,0000;kom;0,85;0,43;;;0,85;3858889115707;Proizvodi za kuæanstvo
RIŽA ZLATO POLJE ARBORIO 1 kg;197930;Zlato Polje;1,0000;kg;5,99;5,99;;;4,99;3838700540604;Hrana
ÈOKOLADA CONFETTIN.KANDI 100 g;197967;Kandit;0,1000;kg;;12,90;1,29;1,69;1,69;3858881046801;Hrana
ÈOKOLADA SJECK.LJEŠ.KANDI 80 g;197980;Kandit;0,0800;kg;;16,13;1,29;1,69;1,69;3858881046665;Hrana
ÈOKOLADA NUGASSO KANDI 90 g;197989;Kandit;0,0900;kg;;14,33;1,29;1,69;1,69;3858881046726;Hrana
ÈOKOLADA MLIJEÈNA KANDI 80 g;197990;Kandit;0,0800;kg;1,03;12,88;;;1,03;3858881046689;Hrana
ULJE MASLI.EX.DJ.MARINA 0,75 L;197991;Marina;0,7500;L;17,99;23,99;;;15,99;3859888295025;Hrana
VAZELIN OLIVAL 50 ml;198035;Olival;0,0500;L;3,49;69,80;;;3,09;3859888345348;Kozmetika
MLIJEKO OLIVAL SMILJE 200 ml;198038;Olival;0,2000;L;6,19;30,95;;;5,69;3859888345652;Kozmetika
ENERG.NAPITAK SB LIMETA 0,25 L;198060;S-Budget;0,2500;l;,69;2,76;;;0,63;9100000049632;Piæa
ENERG.NAPITAK SB BOROVN.0,25 L;198061;S-Budget;0,2500;l;,69;2,76;;;0,63;9100000049670;Piæa
WC GEL SPLENDI.MOUNTAIN 750 ml;198102;Splendid;0,7500;L;1,39;1,85;;;1,39;3830053564610;Sredstva za èišæenje
WC GEL SPLENDID VIOLET 750 ml;198103;Splendid;0,7500;L;1,39;1,85;;;1,39;3830053564627;Sredstva za èišæenje
OMEK.SPAR SUPER MISTIC ROS.1 L;198104;SPAR;1,0000;L;1,39;1,39;;;1,39;3831115300061;Sredstva za èišæenje
OMEK.SPAR SUPER SPRING HAR.1 L;198105;SPAR;1,0000;L;1,39;1,39;;;1,39;3831115300078;Sredstva za èišæenje
OMEKŠ.SPAR SUPER SOFT ALM.1 L;198107;SPAR;1,0000;L;1,39;1,39;;;1,39;3831115300085;Sredstva za èišæenje
ZAÈ.MAGGI ŠPAG.BOLOGNESE 50 g;198177;Maggi;0,0500;kg;1,49;29,80;;;1,69;7613287110251;Hrana
ZAÈ.MAGGI PILETINA 4 SIRA 32 g;198196;Maggi;0,3200;kg;1,49;4,66;;;1,69;7613287119032;Hrana
Masl.crne bez koštice;198252;;1,0000;kg;14,99;14,99;;;14,99;;Hrana
Šunka pureæa exclusive;198524;Perutnina;1,0000;kg;11,99;11,99;;;10,49;93850220152702;Hrana
NAPITAK VEGGIE SOJA 1 L;198614;SPAR Veggie;1,0000;l;1,69;1,69;;;1,69;9100000090320;Piæa
VINO CRLJENAK ZIN.DUB.P.0,75 L;198637;;0,7500;L;12,37;16,49;;;12,37;3859890164289;Piæa
NAM.SPAR VEGGIE RAJÈ/BOS.125 g;198654;SPAR Veggie;0,1250;kg;1,59;12,72;;;1,59;9100000739984;Hrana
NAM.SPAR VEGGIE GRAH/CHI.125 g;198656;SPAR Veggie;0,1250;kg;1,59;12,72;;;1,59;9100000740003;Hrana
TOFU NAT.SPAR BIO VEGGIE 250 g;198665;SPAR Veggie;0,2500;kg;1,99;7,96;;;1,49;9100000760353;Hrana
NAMAZ SPAR VEGGIE HUMUS 125 g;198704;SPAR Veggie;0,1250;kg;1,59;12,72;;;1,59;9100000739601;Hrana
ÈISTAÈ KUHINJSKI 1/1;198841;;1,0000;kom;1,59;1,59;;;1,59;3858882683883;Proizvodi za kuæanstvo
TOST CLASSIC MLINAR 400 g;198940;Mlinar;0,4000;kg;1,85;4,63;;;1,75;3858881120419;Hrana
FERRERO COLLECTION T24X4 269 g;198942;Ferrero;0,2690;kg;;38,25;10,29;12,89;11,99;8000500247167;Hrana
TOST INTEGRALNI MLINAR 400 g;198989;Mlinar;0,4000;kg;2,05;5,13;;;1,99;3858881120082;Hrana
DEO ROLL ON INVISB.BWC Ž.50 ml;199085;Garnier;0,0500;L;4,79;95,80;;;4,59;3600541448179;Kozmetika
DEO SPR.GARNIER INVIS.Ž.150 ml;199086;Garnier;0,1500;L;4,79;31,93;;;4,59;3600541253704;Kozmetika
BRIJAÈ GILLETTE FUS.STYLER 1UP;199089;Gillette;1,0000;kom;27,99;27,99;;;27,99;7702018273386;Kozmetika
ÈAJ AHMAD ZELENI RINFUZA 100 g;199167;Ahmad;0,1000;kg;3,45;34,50;;;3,45;0054881008020;Piæa
ÈAJ CEYLON AHMAD RINFUZA 100 g;199168;Ahmad;0,1000;kg;3,45;34,50;;;3,45;0054881005845;Piæa
ÈAJ EARL GREY AHMAD RIN.100 g;199170;Ahmad;0,1000;kg;3,45;34,50;;;3,45;0054881008594;Piæa
ÈAJ ZELEN.S JASMIN.AHMAD 100 g;199173;Ahmad;0,1000;kg;3,98;39,80;;;3,98;0054881009546;Piæa
KAVA ARABESCA MINAS 400 g;199176;Arabesca;0,4000;kg;7,69;19,23;;;8,39;3858886801917;Piæa
UM.SHAN SHI SWEET CHINA 120 g;199320;Shan shi;0,1200;kg;2,99;24,92;;;2,99;9002600283297;Hrana
ÈAJ TEEKAN.ZELENI S LIMUN.35 g;199405;Teekanne;0,0350;kg;2,05;58,57;;;2,05;5901086000555;Piæa
TONIK PURE EVELINE 200 ml;199467;Eveline;0,2000;L;4,09;20,45;;;4,09;5901964014186;Kozmetika
GEL I PILING EVELI. 3U1 200 ml;199468;Eveline;0,2000;L;3,59;17,95;;;4,09;5901964014162;Kozmetika
KR.ZA LICE I TIJ.ANTIAL.200 ml;199469;Eveline;0,2000;L;3,29;16,45;;;3,59;5907609328748;Kozmetika
KR.ZA DEPIL.3U1 EVELINE 125 ml;199470;Eveline;0,1250;L;2,99;23,92;;;2,99;5901964016555;Kozmetika
Svinj.jetr.paš. s dod.tel.jet.;199476;Landhof;1,0000;kg;;12,99;12,99;19,99;20,17;9002077813751;Hrana
UM.SHAN SHI OD KAMENICA 200 ml;199483;Shan shi;0,2000;l;4,79;23,95;;;4,79;9120012041813;Hrana
Kesten rfs;199515;;1,0000;kg;4,49;4,49;;;4,99;498;Hrana
ÈAJ AGRISTAR PLANINSKI 44 g;199620;Agristar;0,0440;kg;1,85;42,05;;;1,85;3858886504085;Piæa
ZAM.MLIJEKO HIPP2 COMBIO.600 g;199674;Hipp;0,6000;kg;14,69;24,48;;;14,69;4062300398917;Hrana
ZAM.MLIJEKO HIPP1 COMBIO.600 g;199675;Hipp;0,6000;kg;14,69;24,48;;;14,69;4062300398900;Hrana
ZAM.MLIJEKO HIPP3 COMB.600 g;199676;Hipp;0,6000;kg;14,69;24,48;;;14,69;4062300398924;Hrana
KAVA BARCAFFE 175 g;199684;Barcaffe;0,1750;kg;4,59;26,23;;;4,29;3838471022699;Piæa
TORTELLONI AURELIA 450 g;199692;Aurelia;0,4500;kg;4,79;10,64;;;4,69;3859890561033;Hrana
SAMOBORSKA KRVAVICA VP;199864;Igomat;1,0000;kg;8,49;8,49;;;5,99;3859892647087;Hrana
ZAMJENA ZA MLIJ.U PRAHU 500 g;199897;;0,5000;kg;3,59;7,18;;;3,59;3858887472659;Hrana
ŠAMP.PANTENE AQUALIGHT 400 ml;199951;Pantene;0,4000;L;4,99;12,48;;;5,59;5410076561223;Kozmetika
ŠAMP.PANTENE REP&PROT.400 ml;199953;Pantene;0,4000;L;4,99;12,48;;;5,59;5410076561834;Kozmetika
MASLAC S-BUDGET 250 g;200010;S-Budget;0,2500;kg;2,49;9,96;;;2,79;9100000973746;Hrana
PRALINE RAFFAELLO CUBETO 70 g;200026;Rafaello;0,0700;kg;;42,71;2,99;3,99;3,79;8000500164242;Hrana
KREMA SUDOCREM 125 g;200117;Sudocrem;0,1250;kg;9,45;75,60;;;9,45;3850114243674;Kozmetika
KREMA SUDOCREM 60 g;200119;Sudocrem;0,0600;kg;5,99;99,83;;;5,99;3850114243421;Kozmetika
KRASTAVCI ZVIJEZDA KLAS.670 g;200149;Zvijezda;0,3300;kg;2,69;8,15;;;2,69;3856015305732;Hrana
BOMB.GRIOTTE VREÆICA 153 g;200262;Griotte;0,1530;kg;3,99;26,08;;;4,04;3850102008179;Hrana
BOMB.BAJADERA VREÆICA 150 g;200263;Bajadera;0,1500;kg;4,69;31,27;;;4,71;3850102007929;Hrana
ÈOKOL.SPAR PREMIUM TAMNA 100 g;200296;SPAR PREMIUM;0,1000;kg;3,49;34,90;;;2,49;9100000770086;Hrana
Pariška kobasica s povræem;200606;Gavrilovic;1,0000;kg;10,79;10,79;;;8,79;3858881229099;Hrana
Šunka za pizzu;200616;Gavrilovic;1,0000;kg;3,99;3,99;;;7,89;3858881229112;Hrana
VINO POŠIP STINA 0,75 L;200629;;0,7500;l;;26,65;19,99;24,22;24,22;3859892605117;Piæa
JOGURT NATUR DUKATOS 150 g;200703;Dukat;0,1500;kg;;5,93;0,89;0,99;0,99;3850354009726;Hrana
STOLNI S AROM.VANILIJE 250 g ;200704;Zvijezda;0,2500;kg;1,15;4,60;;;1,09;3856015305534;Hrana
SREBRNI LUK U NALJ.530 g;200769;;0,3000;kg;2,89;9,63;;;2,89;3859890799238;Hrana
VINO KALAZIÆ AUREUS 0,75 L;200914;;0,7500;l;8,39;11,19;;;6,82;3858886364306;Piæa
ULO.LIBRESSE REGULAR 58/1;200918;Libresse;58,0000;kom;2,15;0,04;;;1,99;7322540276855;Toaletne potrepštine
ULO.DNEV.LIBRESSE NATURAL 58/1;200922;Libresse;58,0000;kom;2,15;0,04;;;1,99;7322540575453;Toaletne potrepštine
BOM.GUM.HARIBO TREŠNJICE 100 g;200984;Haribo;0,1000;kg;1,59;15,90;;;1,59;9002975309820;Hrana
VINO PRIM.PLAVAC MALI 0,75 L;201108;;0,7500;l;3,92;5,23;;;3,92;3859890672432;Piæa
KUPKA PALMOLI.BL.ORCHID 500 ml;201186;Palmolive;0,5000;L;4,49;8,98;;;4,49;8714789733180;Kozmetika
CROISSANT BAULI MARELICA 300g;201201;Bauli;0,3000;kg;3,79;12,63;;;3,79;8001720446200;Hrana
ÈAJ PODRAVKA NAR.CIM.KLIN.50 g;201273;Podravka;0,0500;kg;2,29;45,80;;;2,05;3850104263279;Piæa
ÈAJ PODRAVKA MAL.KUP.VAN.50 g;201274;Podravka;0,0500;kg;2,29;45,80;;;2,05;3850104263262;Piæa
ÈAJ PODRAVKA JABUKA CIMET 50 g;201275;Podravka;0,0500;kg;2,29;45,80;;;2,05;3850104263064;Piæa
VINO ÈOBANKOVIÆ GRAŠEVINA 1 L;201293;;1,0000;L;4,49;4,49;;;3,82;3859891286010;Piæa
PAP.MARAMICE S BUDGET 100/1;201298;S-Budget;100,0000;kom;0,99;0,01;;;0,79;3858889115882;Toaletne potrepštine
KAPARI LUXEAPERS 100 g;201362;Luxeapers;0,0600;kg;1,85;30,83;;;1,85;8422243006083;Hrana
MORTADELA NAREZAK 150 g;201465;Pik;0,1500;kg;2,69;17,93;;;2,69;3850139171044;Hrana
GRAŠAK S-BUDGET 1000 g;201493;S-Budget;1,0000;kg;1,99;1,99;;;2,39;3858889114786;Hrana
PAŠTETA ARGETA JUNIOR 45 g;201494;Argeta;0,0450;kg;1,05;23,33;;;0,93;38381447;Hrana
ÈOK.S-BUDGET MINIS MILK 400 g;201625;S-Budget;0,4000;kg;4,19;10,48;;;4,49;9100000690520;Hrana
ÈOK.S-BUDGET MINIS KOKOS 400 g;201626;S-Budget;0,4000;kg;4,19;10,48;;;4,49;9100000748313;Hrana
ÈOK.S-BUD.MINIS KARAMELA 400 g;201627;S-Budget;0,4000;kg;4,19;10,48;;;4,49;9100000748290;Hrana
ÈOK.S-BUD.MINIS KIKIRIKI 400 g;201628;S-Budget;0,4000;kg;4,19;10,48;;;4,49;9100000748276;Hrana
Slavon.mesn.slanina;201827;Ravliæ;1,0000;kg;;14,99;14,99;16,59;16,59;3859892369149;Hrana
ULJE  BIO NP LANENO 0,25 L;201836;Natur pur;0,2500;L;1,99;7,96;;;1,99;9100000026916;Hrana
ZAM.MLIJEKO HIPP COMB.2+ 600 g;201979;Hipp;0,6000;kg;12,79;21,32;;;12,79;4062300447233;Hrana
ZUB.PAS.KALODONT EXT.CL.75 ml;202088;Kalodont;0,0750;L;;19,87;1,49;1,79;1,59;3850105143006;Kozmetika
COURVOSIER V.S.O.P 0,7 L;202135;Courvoisier;0,7000;l;64,99;92,84;;;63,29;3049197210776;Piæa
OSLIÆ BEZ GLAVE KOGO 1000 g;202332;Kogo;1,0000;kg;6,99;6,99;;;6,96;3858884993362;Hrana
OSVJ.WC BREF LEMON 3X50 g ;202388;Bref;0,1500;kg;3,29;21,93;;;4,95;9000100753371;Sredstva za èišæenje
OSVJ.WC BREF PINE 3X50 g;202389;Bref;0,1500;kg;3,29;21,93;;;4,95;9000100753340;Sredstva za èišæenje
ZUB.PAS.KALODONT JUNIOR 50 ml;202391;Kalodont;0,0500;L;1,19;23,80;;;1,19;3850105143167;Kozmetika
TP ZEWA DEL.CAR.3SL.CE.AT.20/1;202512;Zewa;20,0000;kom;5,99;0,30;;;7,99;7322540593204;Toaletne potrepštine
INS.KAVA JACOBS CRONAT G.150 g;202702;Jacobs;0,1500;kg;10,49;69,93;;;8,99;8711000578094;Piæa
SPR.ZA STOPALA HANSAPL.150 ml;202727;Hansaplast;0,1500;L;4,49;29,93;;;4,49;4005800041938;Kozmetika
BOMBONI FLOPITO COLA 80 g;202728;Flopito;0,0800;kg;1,29;16,13;;;1,29;7896321004376;Hrana
GEL ZA BRIJANJE MACH 3 200 ml;202740;Gillette;0,2000;L;3,99;19,95;;;3,79;7702018290994;Kozmetika
VL.MAR.BECUTAN KAMILICA 20/1;202784;Becutan;20,0000;kom;1,09;0,05;;;1,09;5310001217648;Toaletne potrepštine
BRUSCHETTE MARETTI PIZZA 70 g;202826;Maretti;0,0700;kg;;11,29;0,79;0,95;0,95;3800205871255;Hrana
ABSINTH.GREEN 0,7L;202848;Absente;0,7000;l;26,52;37,89;;;26,52;8413425005611;Piæa
BOMB.GUMENI INSEKTI VIDAL 11 g;202876;Vidal;0,0110;kg;0,30;27,27;;;0,30;8413178275156;Hrana
VRHNJE ZA ŠLAG 35% Z BR.200 ml;202885;Vindija;0,2000;L;2,29;11,45;;;2,19;3850108033816;Hrana
P.RUÈ.PALOMA MEGA TISKANI 2/1;202933;Paloma;2,0000;kom;;1,00;1,99;3,18;3,18;3838952018814;Proizvodi za kuæanstvo
BLAZINICE PRETTY BABY 60/1;202936;Pretty Baby;60,0000;kom;2,25;0,04;;;2,25;3830053561725;Toaletne potrepštine
VINO GATO NEGRO MERLOT 0,75L;202940;;0,7500;l;4,54;6,05;;;4,54;7804300120603;Piæa
Sir grana padano Ambrosi;202966;Ambrosi;1,0000;kg;;17,99;17,99;23,99;25,99;3859892115937;Hrana
ZOB.PAH.WURZENER SITNE 500 g;203028;Wurzener;0,5000;kg;1,79;3,58;;;1,79;4013138008851;Hrana
DEO SPR.REXONA W INV.B&W150 ml;203096;Rexona;0,1500;L;2,79;18,60;;;2,99;8712561319409;Kozmetika
ZAMJEN.MLIJEKO HIPP12+ 600 g;203152;Hipp;0,6000;kg;12,59;20,98;;;12,59;4062300355446;Hrana
ZAMJENSKO MLIJEKO HIPP2 600 g;203153;Hipp;0,6000;kg;12,42;20,70;;;12,42;4062300355422;Hrana
ZAMJENSKO MLIJEKO HIPP3 600 g;203154;Hipp;0,6000;kg;12,59;20,98;;;12,59;4062300355439;Hrana
ŠAMPON EVELINE ÈIÈAK 150 ml;203161;Eveline;0,1500;L;3,89;25,93;;;3,89;5907609344502;Kozmetika
WHISKEY JAMESON 1 L;203531;Jameson;1,0000;L;25,99;25,99;;;31,72;5011007003227;Piæa
Salam.panon.s papr.;203613;Pik;1,0000;kg;16,99;16,99;;;22,99;3850139616972;Hrana
VINO PLAVAC EPIDAURUM 0,75 L;203675;;0,7500;l;5,79;7,72;;;5,79;3859890164340;Piæa
VODA ZA USTA LISTERINE 250 ml;203696;Listerine;0,2500;l;5,19;20,76;;;4,99;3574660415483;Kozmetika
VODA ZA USTA LISTERINE 500 ml;203697;Listerine;0,5000;l;7,49;14,98;;;7,29;3574660415506;Kozmetika
NAMAZ SPAR VEGGIE HUMUS 210 g;203739;SPAR Veggie;0,2100;kg;2,29;10,90;;;2,29;9100000747361;Hrana
BOMB.ŽELE VEGGIE VOÆNI 200 g;203742;SPAR Veggie;0,2000;kg;1,49;7,45;;;1,49;9100000743325;Hrana
BIJELA TARTUFATA ZIGANTE 80 g;203841;Zigante;0,0800;kg;12,99;162,38;;;11,29;3858891982021;Hrana
BOMB.SKITTLES WILD BERRY 38 g;203857;Skittles;0,0380;kg;0,89;23,42;;;0,89;4009900460187;Hrana
BOMB.SKITTLES FRUITS 38 g;203858;Skittles;0,0380;kg;0,89;23,42;;;0,89;5000159376655;Hrana
BOMB.SKITTLES CRAZY SOURS 38 g;203859;Skittles;0,0380;kg;0,89;23,42;;;0,89;5000159376792;Hrana
KEKS SENDVIÈ S BUDGET ÈO.500 g;203893;S-Budget;0,5000;kg;2,29;4,58;;;2,09;9100000744940;Hrana
WASABI SAITAKU KONCENTRAT 43 g;203946;Saitaku;0,0430;kg;3,49;81,16;;;4,49;5060194790113;Hrana
RIŽA SAITAKU ZA SUSHI 500 g;203950;Saitaku;0,5000;kg;3,49;6,98;;;5,29;5060194790069;Hrana
SUSHI SAITAKU ÐUMBIR 190 g;203952;Saitaku;0,1900;kg;3,99;21,00;;;5,99;5060194790731;Hrana
SAITAKU MORSKE ALGE NORI 14 g;203963;Saitaku;0,0140;kg;2,59;185,00;;;3,45;5060194790052;Hrana
SAITAKU RIŽINO VINO 150 ml;203970;Saitaku;0,1500;l;3,99;26,60;;;5,99;5060194790397;Hrana
SAITAKU BAMBUSOVI ŠTAPIÆI 60 g;203974;Saitaku;0,0600;kg;1,89;31,50;;;2,39;5060194790021;Hrana
SAITAKU RIŽIN OCAT 150 ml;203976;Saitaku;0,1500;l;2,29;15,27;;;3,39;5060194790014;Hrana
SAITAKU BAMBUSOVI ŠTAPIÆI 65 g;203978;Saitaku;0,0570;kg;1,29;22,63;;;1,79;5060194790878;Hrana
BU KVAÈICE ZA RUB.50/1 13112;204003;S-BUDGET;1,0000;kom;1,99;1,99;;;1,99;9100000641362;Proizvodi za kuæanstvo
BU KVAÈICE ZA RUB.50/1 13114;204009;S-BUDGET;1,0000;kom;2,99;2,99;;;3,31;9100000641386;Proizvodi za kuæanstvo
MARCIPAN MASA SPAR 200 g;204099;SPAR;0,2000;kg;;10,45;2,09;2,99;2,99;9100000739342;Hrana
VINO CHATEAU BOIS PERTU.0,75 L;204100;;0,7500;l;8,69;11,59;;;8,69;3500610049354;Piæa
BOJA ZA KOLAÈE DR OETKER 10 g;204170;Dr. Oetker;0,0100;kg;1,59;159,00;;;1,79;5907707059520;Hrana
BOJA ZA KOLAÈE DR OETKER 10 g;204173;Dr. Oetker;0,0100;kg;1,59;159,00;;;1,79;5907707054679;Hrana
BOJA ZA KOLAÈE DR OETKER 10 g;204174;Dr. Oetker;0,0100;kg;1,59;159,00;;;1,79;5907707054693;Hrana
BOJA ZA KOLAÈE DR OETKER 10 g;204175;Dr. Oetker;0,0100;kg;1,79;179,00;;;1,79;5907707059544;Hrana
PRE.ZA TORTE SVIJETLI FIX 50 g;204180;Dr. Oetker;0,0500;kg;1,19;23,80;;;1,19;5997381352130;Hrana
PRELJ.ZA TORTE FIX CRVENI 50 g;204181;Dr. Oetker;0,0500;kg;1,19;23,80;;;1,19;5997381352147;Hrana
ŽITARICE ENCIAN SPORTINA 375 g;204192;Encian;0,3750;kg;4,29;11,44;;;3,49;5907731602068;Hrana
BOMBONI M&M CHOCO 200 g;204202;M&M's;0,2000;kg;4,49;22,45;;;4,49;5900951141638;Hrana
BOMBONI M&M PEANUT 200 g;204203;M&M's;0,2000;kg;4,49;22,45;;;4,49;5900951317910;Hrana
ÈOKOLADA NESTLE LION 42 g;204204;Lion;0,0420;kg;1,29;30,71;;;1,39;7613287757029;Hrana
ZUB.PAS.KALODONT S.M.XXL125 ml;204327;Kalodont;0,1250;L;;14,80;1,85;2,19;2,19;3850105145161;Kozmetika
ZUB.PAS.KALODONT UL.XXL 125 ml;204328;Kalodont;0,1250;L;;14,80;1,85;2,19;2,19;3850105145536;Kozmetika
SKUŠA DEL.FIL.BILJ.ULJE 125 g ;204454;Delamaris;0,0810;kg;4,39;54,20;;;3,39;3838929567444;Hrana
SKUŠA IZOLA BRAND POVRÆE 125 g;204459;Delamaris;0,0510;kg;3,09;60,59;;;2,79;3838929567802;Hrana
SKUŠA WEEKEND POVRÆE 125 g;204461;Delamaris;0,0500;kg;3,09;61,80;;;2,79;3838929567727;Hrana
KREMA DNEVNA REVITALIFT 50 ml;204568;LOREAL;0,0500;L;20,49;409,80;;;19,99;3600523550661;Kozmetika
ÈAJ AHMAD KAMILICA LIMUN 30 g;204645;Ahmad;0,0300;kg;2,65;88,33;;;2,65;0054881000062;Piæa
ÈAJ AHMAD MENTA LIMUN 40 g;204646;Ahmad;0,0400;kg;2,65;66,25;;;2,65;0054881000024;Piæa
ÈAJ AHMAD ŠUMSKO VOÆE 40 g;204647;Ahmad;0,0400;kg;3,05;76,25;;;3,05;0054881000055;Piæa
ÈAJ AHMAD ŠIPAK I VIŠNJA 40 g;204648;Ahmad;0,0400;kg;3,11;77,75;;;3,11;0054881000031;Piæa
PUDING CHOCO LOCO 4X125 g;204665;Vindija;0,5000;kg;1,85;3,70;;;1,85;3850108040500;Hrana
CVIJET SOLI ADRIATIQ BIO 250 g;204751;;0,2500;kg;13,99;55,96;;;13,99;3859888595637;Hrana
CVIJET SOLI ADRIATIQ BIO 125 g;204752;;0,1250;kg;8,39;67,12;;;8,39;3859888595620;Hrana
SRE.FROSCH S OCTOM 300 ml ;204887;Frosch;0,3000;L;3,25;10,83;;;3,25;4001499966415;Sredstva za èišæenje
DET.FROSCH ZA SUÐE BABY 500 ml;204888;Frosch;0,5000;L;3,09;6,18;;;3,09;4009175942081;Sredstva za èišæenje
GEL ULJ.ZA TUŠ.JOJ.OIL 250 ml;204913;Afrodita;0,2500;L;2,95;11,80;;;2,95;3831070650126;Kozmetika
ŠAM.LOOK EXPERT ZA MA.K.900 ml;204917;Hair Expert;0,9000;l;3,49;3,88;;;3,49;5908241708097;Kozmetika
ŠAM.LOOK EXPERT PRO.B/S.900 ml;204918;Hair Expert;0,9000;l;3,49;3,88;;;3,49;5908241707915;Kozmetika
BAL.ZA KOSU LOOK EXPERT 900 ml;204919;Hair Expert;0,9000;L;3,29;3,66;;;3,29;5908241707908;Kozmetika
DEO SP.BOROTALCO S.WHI.150 ml;204922;Borotalco;0,1500;L;3,99;26,60;;;3,50;8002410042214;Kozmetika
DEO SP.OLD SPICE WOLFTH.150 ml;204925;Old Spice;0,1500;L;3,49;23,27;;;3,85;4015600306595;Kozmetika
OSVJ.WC SPLENDID LAV.75 ml;205059;Splendid;0,0750;L;3,09;41,20;;;3,15;3831115301471;Sredstva za èišæenje
OSVJ.WC SPLENDID MARINE 75 ml;205061;Splendid;0,0750;L;3,09;41,20;;;3,09;3831115301488;Sredstva za èišæenje
PIVO KARLOVAÈKO 6X0,33 L LIM.;205117;Karlovacko;1,9800;l;6,09;3,08;;;5,87;3850103902605;Piæa
SIR SVJEŽ.ZAGREBA.MAXI 750 g;205459;Dukat;0,7500;kg;5,29;7,05;;;5,29;3850355003679;Hrana
MAR.NAMAZ MARGARI 25%B.M.250 g;205463;Margarita;0,2500;kg;1,19;4,76;;;0,99;3858883221077;Hrana
NAP.S BUDGET MINI MIGNO.3x70 g;205507;S-Budget;0,2100;kg;2,69;12,81;;;2,69;9100000748801;Hrana
VAFLI S BUDGET S KREMO.10x25 g;205508;S-Budget;0,2500;kg;2,25;9,00;;;2,59;9100000748788;Hrana
CROIS.DESPAR KAKAO 300 g;205550;Despar;0,3000;kg;1,98;6,60;;;1,98;8001300803140;Hrana
ŽITARICE LINO CRUNCH DUO 225 g;205565;Podravka;0,2250;kg;3,29;14,62;;;3,29;3850104263149;Hrana
ŽITARICE LINO CRUNCH 500 g;205566;Podravka;0,5000;kg;4,79;9,58;;;4,79;3850104263521;Hrana
ŽITARICE LINO CRUNCH DUO 500 g;205567;Podravka;0,5000;kg;4,79;9,58;;;4,79;3850104263514;Hrana
T.PAP.VIOLETA B.S&S 3SL 10/1;205589;Violeta;10,0000;kom;2,49;0,25;;;2,89;3859892288600;Toaletne potrepštine
PIVO PITT.MARZEN 5% LIM. 0,5 L;205632;Pittinger;0,5000;l;,89;1,78;;;0,88;9100000037776;Piæa
DEO STICK OLD SPICE WOLF.50 ml;205690;Old Spice;0,0500;L;3,49;69,80;;;3,85;8700216162173;Kozmetika
SIR MASCARPONE S BUDGET 500 g;205717;S-Budget;0,5000;kg;4,79;9,58;;;4,79;9100000778976;Hrana
VODKA TAIGA 0,7 L 37,5%;205720;Weingut Schloss Fels;0,7000;l;8,49;12,13;;;8,32;9100300159000;Piæa
DŽEM DIDA BOŽA SMOKVA,NAR700 g;205733;Dida Boza;0,7000;kg;;5,70;3,99;6,29;5,69;3859891515769;Hrana
DŽEM DIDA BOŽA SMOKVA 700 g;205734;Dida Boza;0,7000;kg;;5,70;3,99;6,29;5,69;3859891515745;Hrana
MLIJ.NAP.KAVA S BUD.3,6%MM 1 L;205743;S-Budget;1,0000;L;1,69;1,69;;;1,69;9100000742533;Piæa
SIR TOPLJENI S BUDGET 400 g;205765;S-Budget;0,4000;kg;4,39;10,98;;;4,49;9100000864266;Hrana
SIR SVJEŽI SPAR 20%MM 250 g;205767;SPAR;0,2500;kg;1,49;5,96;;;1,29;9100000021553;Hrana
SIR SVJEŽI SPAR 0%MM 250 g;205768;SPAR;0,2500;kg;1,29;5,16;;;1,29;9100000021508;Hrana
SIR U LIST.TOAST S BUDG.250 g;205770;S-Budget;0,2500;kg;2,49;9,96;;;2,69;9100000759395;Hrana
MASLAC SPAR 250 g;205771;SPAR;0,2500;kg;2,49;9,96;;;2,99;9100000014470;Hrana
UKRASNI CVJETIÆI DR.OETKER 3 g;205866;Dr. Oetker;0,0030;kg;2,79;930,00;;;2,79;5907707054839;Hrana
ÈAJ UROSAN DARVITALIS 50g;205876;Darvitalis;0,0500;kg;3,99;79,80;;;3,99;3858890831573;Piæa
ÈAJ VITAVIT DARVITA. 50 g;205881;Darvitalis;0,0500;kg;3,99;79,80;;;3,99;3859888245921;Piæa
ÈAJ PROBAVISAN DARVITALIS 50 g;205884;Darvitalis;0,0500;kg;3,99;79,80;;;3,99;3858890831481;Piæa
HRANA ZA PSE SCOTTY GOV.415 g;205934;Scotty;0,4150;kg;0,99;2,39;;;0,99;5999033896184;Proizvodi za kuæanstvo
HRANA ZA PSE SCOTTY PUR.415 g;205935;Scotty;0,4150;kg;0,99;2,39;;;0,99;5999033896191;Proizvodi za kuæanstvo
HRANA ZA MAÈKE S-B GOVED.415 g;205954;S-Budget;0,4150;kg;0,75;1,81;;;0,79;5999033897068;Proizvodi za kuæanstvo
HRANA ZA MAÈKE S-B RIBA 415 g;205955;S-Budget;0,4150;kg;0,75;1,81;;;0,79;5999033897082;Proizvodi za kuæanstvo
HRANA ZA MAÈKE S-B PERAD 415 g;205957;S-Budget;0,4150;kg;0,75;1,81;;;0,79;5999033897075;Proizvodi za kuæanstvo
HRANA ZA PSE S-B GOVED.1240 g;205959;S-Budget;1,2400;kg;1,57;1,27;;;1,59;5999033897051;Proizvodi za kuæanstvo
HRANA ZA PSE S-B PERAD 1240 g;205960;S-Budget;1,2400;kg;1,57;1,27;;;1,59;5999033897037;Proizvodi za kuæanstvo
HRANA ZA PSE S-B TELET.1240 g;205963;S-Budget;1,2400;kg;1,57;1,27;;;1,59;5999033897044;Proizvodi za kuæanstvo
SOMERSBY JABUKA LIMENKA 0,5 L;205965;Somersby;0,5000;L;1,78;3,56;;;1,78;3858887584055;Piæa
UM.ORIGINAL SWEET CHILLI 500 g;205969;Blue Dragon;0,5000;kg;6,39;12,78;;;6,39;5010338220730;Hrana
PRONTO VIŠENAMJENSKI 500 ml;205970;Pronto;0,5000;l;4,65;9,30;;;4,65;5000204218398;Sredstva za èišæenje
UMAK KORMA PATAK´S 350 g;205973;Pataks;0,3500;kg;5,79;16,54;;;5,79;5011308303453;Hrana
ŠTAPIÆI PRIMA SLANI 40 g;206007;Prima;0,0400;kg;0,49;12,25;;;0,42;8600939212257;Hrana
DEO SPR.GARNIER SPORT M.150 ml;206012;Garnier;0,1500;L;4,79;31,93;;;4,59;3600541306912;Kozmetika
DEO ROLL ON SPORT M.50 ml;206013;Garnier;0,0500;L;4,79;95,80;;;4,59;3600541254220;Kozmetika
UM.SALS.CHE.DIP LA FIEST.300 g;206053;Casa Fiesta;0,3000;kg;4,19;13,97;;;4,19;5412514935177;Hrana
KEKS MILKA CHOCO MINIS 150 g;206082;Milka;0,1500;kg;2,59;17,27;;;2,59;7622300441715;Hrana
MASLAC SPAR FREE FROM 250 g;206126;SPAR free from;0,2500;kg;2,99;11,96;;;2,99;9100000773292;Hrana
JOGURT JAGODA DUKATOS 150 g;206171;Dukat;0,1500;kg;;5,93;0,89;0,99;0,99;3850354009788;Hrana
JOG.BADEM/PISTAC.DUKATOS 150 g;206172;Dukat;0,1500;kg;;5,93;0,89;0,99;0,99;3850354009764;Hrana
JUICE KIDS JABUKA 100% 0,2 L;206208;Juicy;0,2000;l;0,79;3,95;;;0,85;3858890976571;Piæa
JUICE KIDS GUSTI 100% 0,2 L;206209;Juicy;0,2000;l;0,79;3,95;;;0,85;3858890976663;Piæa
VINO COTE DU RHONE 0,75 L;206222;;0,7000;l;5,89;8,41;;;5,89;3250670001716;Piæa
BALZAM NEUTROGENA 300 ml;206247;Neutrogena;0,3000;L;8,99;29,97;;;8,99;3574660514643;Kozmetika
ŠTRUDLA OD SIRA S BUDGET 600 g;206252;S-Budget;0,6000;kg;3,19;5,32;;;2,99;9100000734835;Hrana
ŠTRUDLA OD JABUKA SB 600 g;206253;S-Budget;0,6000;kg;2,99;4,98;;;2,99;9100000734811;Hrana
TJ.KL.MARIÆ TAGLIAT.N.5 250 g;206259;Klara M;0,2500;kg;2,59;10,36;;;2,59;3859888499942;Hrana
TJ.KL.MARIÆ TAGLIAT.N.16 250 g;206261;Klara M;0,2500;kg;2,59;10,36;;;2,59;3859888499867;Hrana
TJ.KL.MARIÆ REZANCI JUHA 250 g;206262;Klara M;0,2500;kg;2,59;10,36;;;2,59;3859888499898;Hrana
TJ.KL.MARIÆ LAZANJ.ŠPARU.250 g;206263;Klara M;0,2500;kg;2,59;10,36;;;2,59;3859888499881;Hrana
TJ.KL.MARIÆ TAGLIAT.N.10 250 g;206264;Klara M;0,2500;kg;2,59;10,36;;;2,59;3859888499843;Hrana
JOG.ACTIVIA PRIRODNI 4X125 g;206270;Danone;0,5000;kg;2,09;4,18;;;1,89;5997536115177;Hrana
JUHA-KOC.KOKOŠ.S-BUDGET 110 g;206273;S-Budget;0,1100;kg;0,68;6,18;;;0,69;3830046456793;Hrana
JUHA-KOCKA POVR.S-BUDGET 110 g;206276;S-Budget;0,1100;kg;0,68;6,18;;;0,69;3830046456779;Hrana
JUHA-KOC.GOVEÐA S-BUDGET 110 g;206279;S-Budget;0,1100;kg;0,68;6,18;;;0,69;3830046456786;Hrana
KREKER CROCO SIR 400 g;206322;Croco;0,4000;kg;3,09;7,73;;;3,09;5941194000085;Hrana
SIRNI NAMAZ CLASSIC 70 g;206343;Z Bregov;0,0700;kg;0,79;11,29;;;0,79;3850108059205;Hrana
ÈAJ AHMAD CRNI S VANIL. 40 g;206530;Ahmad;0,0400;kg;3,69;92,25;;;3,69;0054881007115;Piæa
ÈAJ AHMAD DARJEELING 40 g;206532;Ahmad;0,0400;kg;3,69;92,25;;;3,69;0054881005593;Piæa
TJESTENINA DESPAR CANELO.250 g;206622;Despar;0,2500;kg;2,12;8,48;;;2,12;8001300415251;Hrana
TJES.LAZANJ.ZELE.DESPAR  500 g;206624;Despar;0,5000;kg;3,19;6,38;;;3,19;8001300415268;Hrana
GIOTTO FERRERO 38,7 g;206659;Ferrero;0,0387;kg;1,95;50,39;;;1,69;4008400121925;Hrana
PIVO HEINEKEN 0,4 L P.A.;206668;Heineken;0,4000;l;1,29;3,23;;;1,25;5998818171249;Piæa
MAÈJA HRANA FRISK.PIL.1,5 kg;206774;Friskies;1,5000;kg;7,16;4,77;;;7,16;7613033923586;Proizvodi za kuæanstvo
MAÈJA HRANA FRI.GOV.JET.1,5 kg;206775;Friskies;1,5000;kg;7,16;4,77;;;7,16;7613033923005;Proizvodi za kuæanstvo
EL.APAR.RAID S TEKUÆ.21ml;206865;Raid;1,0000;kom;;7,99;7,99;9,39;8,99;5000204816778;Proizvodi za kuæanstvo
JOG.VOÆ.DESPAR LIMUN 2X125 g;206926;Despar;0,2500;kg;0,99;3,96;;;1,06;8001300660095;Hrana
SIR EMMENTALER DESPAR 250 g;206930;Despar;0,2500;kg;3,49;13,96;;;3,49;8001300683056;Hrana
Artièoka kom;206981;;1,0000;kom;1,39;1,39;;;1,29;372;Hrana
SKUŠA EVA FIL MAS.ULJE 115 g;207019;Eva;0,0810;kg;3,29;40,62;;;3,29;3850104249907;Hrana
ÈOKOLADA TWIX  50 g;207133;Twix;0,0500;kg;1,09;21,80;;;1,09;5900951313592;Hrana
ÈOKOLADA SNICKERS 50 g;207138;Snickers;0,0500;kg;1,09;21,80;;;1,09;5900951311505;Hrana
UMAK HP BBQ ORIGINAL 465 g;207331;HP;0,4650;kg;3,99;8,58;;;3,99;5000111047371;Hrana
AJVAR BAKINA TAJNA BLAGI 300 g;207433;Bakina Tajna;0,3000;kg;5,49;18,30;;;5,49;8606102785030;Hrana
AJVAR BAKINA TAJNA LJUTI 300 g;207434;Bakina Tajna;0,3000;kg;5,49;18,30;;;5,49;8606102785535;Hrana
MORTADELA S MASLIN.NAR.150 g;207527;Pik;0,1500;kg;2,79;18,60;;;2,69;3850139171099;Hrana
ULJE MASL.EX.DJE. NP BIO 0,5 L;207564;SPAR Natur*pur;0,5000;L;9,99;19,98;;;9,99;9100000026633;Hrana
HRANA ZA MAÈKE S-BUDGET 2 kg;207577;S-Budget;2,0000;kg;4,09;2,05;;;4,09;3831115301938;Proizvodi za kuæanstvo
HRANA ZA PSE SCOT.PER.POV.3 kg;207583;Scotty;3,0000;kg;5,99;2,00;;;5,99;3831115302089;Proizvodi za kuæanstvo
HRANA ZA PSE S-BUD.PER.10 kg;207584;S-Budget;10,0000;kg;9,99;1,00;;;8,99;3831115302669;Proizvodi za kuæanstvo
HRANA ZA PSE SCOTTY JANJ.10 kg;207585;Scotty;10,0000;kg;14,59;1,46;;;14,59;3831115302072;Proizvodi za kuæanstvo
SIR SVJEŽI POSNI NP BIO 250 g;207661;Spar Natur pur;0,2500;kg;1,59;6,36;;;1,59;9100000021478;Hrana
MAJONEZA THOMY STAKLO  611 g;207682;Thomy;0,6110;kg;5,19;8,49;;;5,19;8607100571137;Hrana
KEKS PLAZMA ORIGINAL 150 g;207736;Bambi;0,1500;kg;1,99;13,27;;;1,99;8600043000016;Hrana
KEKS PLAZMA 300 g;207738;Plazma;0,3000;kg;2,99;9,97;;;2,99;8600043000023;Hrana
VODA CETINA DINARA GAZIR.0,5 L;207748;Cetina;0,5000;l;,65;1,30;;;0,68;3859890129516;Piæa
ÈOKO.ZA KUH.DESSERT CHEF 300 g;207750;Kandit;0,3000;kg;5,19;17,30;;;3,59;3858881048997;Hrana
BOJA SYOSS OLEO SM.KAVA 4-18 ;207756;Syoss;1,0000;kom;6,49;6,49;;;6,49;9000100815000;Kozmetika
BOJA SYOSS OLEO ZL.SME.4-60;207757;Syoss;1,0000;kom;6,49;6,49;;;6,49;9000100814911;Kozmetika
BOJA SYOSS OLEO 5-92 SVIJ.CRV.;207759;Syoss;1,0000;kom;6,49;6,49;;;6,49;9000100814737;Kozmetika
BOJA SYOSS OLEO TAMNPL.6-10;207761;Syoss;1,0000;kom;6,49;6,49;;;6,49;9000100814645;Kozmetika
BOJA SYOSS OLEO T.BAKR.6-76;207762;Syoss;1,0000;kom;6,49;6,49;;;6,49;9000100814553;Kozmetika
BOJA SYOSS OLEO PR.PLAVA 7-10;207763;Syoss;1,0000;kom;6,49;6,49;;;6,49;9000100814461;Kozmetika
BOJA SYOSS OLEO SV.PLA. 9-10 ;207764;Syoss;1,0000;kom;6,49;6,49;;;6,49;9000100814379;Kozmetika
ULJE SUNCOKRET.S-BUDGET 2 L;207796;S-Budget;2,0000;L;2,95;1,48;;;2,95;3856021219382;Hrana
ULJE SUNCOKRET.S-BUDGET 1 L;207797;S-BUDGET;1,0000;L;1,49;1,49;;;1,49;3856021219368;Hrana
BOJA PALETTE DELUXE 760;207859;Palette;1,0000;kom;5,99;5,99;;;5,99;3838824256603;Kozmetika
REG.GLISS REP.EXPRESS 200 ml;207881;Gliss Kur;0,2000;L;5,59;27,95;;;5,59;4015000941334;Kozmetika
FARBA PALETTE ICC E20 SUPER;207892;Palette;1,0000;kom;4,25;4,25;;;3,58;3838824159256;Kozmetika
DES.KINDER CHOCO FRESH 5X21 g;207936;Kinder;0,1050;kg;2,99;28,48;;;2,69;8000500309469;Hrana
SPUŽVA ERGO MAX 1/1;208120;;1,0000;kom;1,29;1,29;;;1,29;3858882684019;Proizvodi za kuæanstvo
SPUŽVA ERGO MAX GOLD 1/1;208122;;1,0000;kom;1,59;1,59;;;1,59;3858882684026;Proizvodi za kuæanstvo
PRAŠAK ZA TEPIH VANISH 650 g;208128;Vanish;0,6500;kg;13,29;20,45;;;13,29;5997321745343;Sredstva za èišæenje
SRED.PRONTO ALOE VERA 500 ml;208132;Pronto;0,5000;L;5,75;11,50;;;5,75;5000204238242;Sredstva za èišæenje
PAP.RUÈNIK OLALA LIMUN 3SL 2/1;208148;Olala;2,0000;kom;1,59;0,80;;;3,95;3859892232719;Proizvodi za kuæanstvo
ÈAJNI KOLUTIÆI TEA TIME 700 g;208268;Koestlin;0,7000;kg;3,79;5,41;;;3,79;3856014111976;Hrana
MARS X-TRA PRUTIÆ 60 g;208272;Mars;0,0600;kg;1,89;31,50;;;1,89;5000159460866;Hrana
SNICKERS X-TRA PRUTIÆ 66 g;208273;Snickers;0,0660;kg;1,89;28,64;;;1,89;5000159460880;Hrana
Kozice pacifièke 80-120 kom/kg;208285;;1,0000;kg;10,99;10,99;;;11,99;;Hrana
ŠAMP.FRUCTIS GOODBYE 250 ml;208353;Garnier;0,2500;L;3,49;13,96;;;3,39;3600541309081;Kozmetika
REG.FRUCTIS GOODBYE 200 ml;208355;Garnier;0,2000;L;3,49;17,45;;;3,29;3600541309128;Kozmetika
ÈOKOLADA MILKY PLUS KANDI 90 g;208385;Kandit;0,0900;kg;;14,33;1,29;1,59;1,59;3858881047693;Hrana
KREKER TUC SIR 100 g;208394;TUC;0,1000;kg;;7,90;0,79;0,89;0,79;5998711388928;Hrana
KREKER TUC PAPRIKA 100 g;208395;TUC;0,1000;kg;;7,90;0,79;0,89;0,79;5410041435900;Hrana
KREKER TUC SLANINA 100 g;208396;TUC;0,1000;kg;;7,90;0,79;0,89;0,79;7622300570293;Hrana
KREKER TUC ORIGINAL 100 g;208397;TUC;0,1000;kg;;7,90;0,79;0,89;0,79;5410041435702;Hrana
NJOKI S-BUDGET 500 g;208440;S-Budget;0,5000;kg;1,59;3,18;;;1,49;3858889116308;Hrana
NJOKI S-BUDGET SVJEŽI 1000 g;208442;S-Budget;1,0000;kg;2,89;2,89;;;2,79;3858889116315;Hrana
TOAL.PAP.LOVELY KAMILICA 10/1;208468;Lovely;10,0000;kom;3,19;0,32;;;2,99;9100000774718;Toaletne potrepštine
TOAL.PAP.LOVELY LILA 10/1;208470;Lovely;10,0000;kom;3,19;0,32;;;2,99;9100000774732;Toaletne potrepštine
ŠAMP.ZA DJECU BECUTAN 400 ml;208476;Becutan;0,4000;L;4,99;12,48;;;4,99;5310001223410;Kozmetika
ŠAM.I KUPKA 2U1 BECUTAN 400 ml;208478;Becutan;0,4000;L;4,89;12,23;;;4,89;5310001223328;Kozmetika
ŠUNKA PIK DELIKATES 150 g;208552;Pik;0,1500;kg;;18,60;2,79;2,89;2,89;3850139171723;Hrana
CROISSANT OLZ S MASLACEM 250 g;208627;Ölz;0,2500;kg;4,39;17,56;;;4,39;9005300004841;Hrana
DŽEM VIŠNJA PODRAVKA 20 g;208644;Podravka;0,0200;kg;0,29;14,50;;;0,29;3850104264542;Hrana
DŽEM MIJEŠANO VOÆE PODRAV.20 g;208646;Podravka;0,0200;kg;0,29;14,50;;;0,29;3850104264405;Hrana
DŽEM MARELICA PODRAVKA 20 g;208649;Podravka;0,0200;kg;0,29;14,50;;;0,29;3850104264498;Hrana
KREMA ZA KOLAÈE VANILIJA 135 g;208669;Podravka;0,1350;kg;1,49;11,04;;;1,99;3850104263637;Hrana
KREMA PUDING ÈOK.DOLCELA 150 g;208671;Podravka;0,1500;kg;1,49;9,93;;;1,99;3850104263644;Hrana
KOL.MUFFINS LAVA DOLCELA 350 g;208672;Podravka;0,3500;kg;4,19;11,97;;;3,99;3850104264108;Hrana
ÈOKOL.DOR TAMNA STEVIJA 80 g;208691;Dorina;0,0800;kg;2,99;37,38;;;2,99;3850102128440;Hrana
ÈOK.DORINA MLIJ.STEVIJA 80 g;208695;Dorina;0,0800;kg;2,99;37,38;;;2,99;3850102128433;Hrana
PŠENIÈNI GRIZ ZA BEBE 250 g;208700;Zlato Polje;0,2500;kg;1,09;4,36;;;0,99;3838700075106;Hrana
INS.REZ.INDOMIE MI GOREN 5x80g;208704;Indomie;0,4000;kg;2,49;6,23;;;2,65;5285000390589;Hrana
INST.JUHA INDOMIE POVRÆE 5x75g;208707;Indomie;0,3750;kg;2,49;6,64;;;3,05;0089686170269;Hrana
INST.JUHA INDOMIE S.PILE.5x75g;208711;Indomie;0,3750;kg;2,09;5,57;;;2,09;0089686170054;Hrana
INST.JUHA INDOMIE GOVED. 5x70g;208714;Indomie;0,3500;kg;2,09;5,97;;;2,09;8606108584132;Hrana
INST.JUHA INDOMIE S.PILET.75 g;208719;Indomie;0,0750;kg;0,66;8,80;;;0,66;0089686170047;Hrana
INST.JUHA INDOMIE POVRÆE 75 g;208720;Indomie;0,0750;kg;0,66;8,80;;;0,66;0089686170313;Hrana
INST.JUHA INDOMIE GOVEDIN.70 g;209029;Indomie;0,0700;kg;0,66;9,43;;;0,66;8606108584125;Hrana
SPIRALA ZA RIBANJE INOX 2+1 ;209228;;3,0000;kom;3,89;1,30;;;3,89;4023103210370;Proizvodi za kuæanstvo
FIT BURGER VEGETERIANA 140 g;209388;Vegetariana;0,1400;kg;2,49;17,79;;;2,49;3859892560171;Hrana
FIT HRENOVKE VEGETERIANA 160 g;209391;Vegetariana;0,1600;kg;3,49;21,81;;;3,49;3859892560089;Hrana
NARE.BEZ MESA VEGETERIA.300 g;209401;Vegetariana;0,3000;kg;4,99;16,63;;;4,99;3859892560034;Hrana
SP KVAÈICE ZA RUBLJE,24/1;209517;Splendid;24,0000;kom;1,89;0,08;;;1,89;9100000641379;Proizvodi za kuæanstvo
SIR KREM VIVIS 200 g;209545;Vivis;0,2000;kg;2,19;10,95;;;2,19;3850108058482;Hrana
SIR KREM VIVIS 50 g;209547;Vivis;0,0500;kg;0,69;13,80;;;0,69;3850108058468;Hrana
SIR KREM VIVIS 20 g;209548;Vivis;0,0200;kg;0,39;19,50;;;0,39;3850108058444;Hrana
JAJA SPAR M RAZRED 10/1;209551;SPAR;10,0000;kom;2,99;0,30;;;2,99;3858889116360;Hrana
DIVLJI LOSOS SPAR VITAL 250 g;209564;SPAR Vital;0,2500;kg;5,99;23,96;;;5,99;9100000002798;Hrana
KIKIR.FRAN.NUT.SUH.SPICY 125 g;209594;Nutline;0,1250;kg;1,59;12,72;;;1,49;3856021302299;Hrana
ÈOKOLADNE KAPLJICE SPAR 100 g;209615;SPAR;0,1000;kg;;19,50;1,95;2,79;2,79;9100000771076;Hrana
ŠTAP.PRIMA S KIKIRIKIJEM 230 g;209705;Prima;0,2300;kg;1,94;8,43;;;1,74;8600939212448;Hrana
ÈOK.S-BUDGET LJEŠNJAK 100 g;209766;S-Budget;0,1000;kg;0,99;9,90;;;0,99;9100000082264;Hrana
KOKICE SPAR MASLAC 100 g;209770;SPAR;0,1000;kg;0,37;3,70;;;0,49;9100000754727;Hrana
MAST NEVEN ENCIAN 100 ml;209775;Encian;0,1000;L;3,39;33,90;;;4,09;3858890100143;Kozmetika
BALZAM KONJSKI OLIVAL 250 ml;209777;Olival;0,2500;L;3,49;13,96;;;3,35;3859892751043;Kozmetika
VENOGEL OLIVAL 250 ml;209779;Olival;0,2500;L;3,49;13,96;;;3,35;3859892751074;Kozmetika
GEL REUMO OLIVAL 250 ml;209783;Olival;0,2500;L;5,29;21,16;;;4,9;3859892751067;Kozmetika
SPLENDID UNIV.SRED.NATURE 1 L;209784;Splendid;1,0000;L;1,79;1,79;;;1,79;9100000947419;Sredstva za èišæenje
SPLENDID SRE.ZA ÈIŠ KUH.750 ml;209787;Splendid;0,7500;l;2,59;3,45;;;2,52;9100000727141;Sredstva za èišæenje
KAVA LATT.MACCHIATO SB 250 ml ;209815;S-Budget;0,2500;L;1,19;4,76;;;1,09;9100000760797;Piæa
BRAŠ.GLATKO T-550S-BUDGET 5 kg;209820;S-Budget;5,0000;kg;3,58;0,72;;;3,69;3858889116469;Hrana
BRAŠ.OŠTRO T-400 S-BUDGET 5 kg;209821;S-Budget;5,0000;kg;3,90;0,78;;;3,90;3858889116476;Hrana
PREZERVATIV DUREX MUTUAL 3/1;209942;Durex;3,0000;kom;6,89;2,30;;;6,39;5052197017298;Toaletne potrepštine
PREZERVATIV DUREX CLASSIC 12/1;209943;Durex;12,0000;kom;9,99;0,83;;;11,49;5010232964624;Toaletne potrepštine
MAS.GEL DUREX YLANG 2U1 200 ml;209946;Durex;0,2000;L;12,99;64,95;;;11,99;5038483957387;Toaletne potrepštine
PREZERVATIV DUREX EX.SAFE 12/1;209947;Durex;12,0000;kom;12,49;1,04;;;11,49;5010232964600;Toaletne potrepštine
PREZERVATIV DUREX MUTUAL 10/1;209948;Durex;10,0000;kom;18,09;1,81;;;16,79;5052197017328;Toaletne potrepštine
PREZERVATIV DUREX FEEL 12/1;209949;Durex;12,0000;kom;12,99;1,08;;;14,45;5010232963016;Toaletne potrepštine
PILEÆA PRSA NAREZAK 100 g;209950;Perutnina;0,1000;kg;1,99;19,90;;;1,79;3838977022155;Hrana
PRSA PILEÆA DIM.NAREZAK 100 g;209951;Perutnina;0,1000;kg;1,99;19,90;;;2,19;3838977022162;Hrana
ODMAŠÈIVAÈ KH-7 750 ml;209982;Rox;0,7500;L;;4,65;3,49;5,79;4,45;8420822115065;Sredstva za èišæenje
ODMAŠÈIVAÈ MEGLIO 750 ml;209984;Meglio;0,7500;l;3,79;5,05;;;3,71;8003650026828;Sredstva za èišæenje
ŠEÆER KRISTAL S-BUDGET 1 kg;210014;S-Budget;1,0000;kg;0,99;0,99;;;0,99;9100000696553;Hrana
ŽELIRNI ŠEÆER WIENER 1 kg;210018;Wiener;1,0000;kg;3,49;3,49;;;3,44;9012501000190;Hrana
SIRUP YO BAZGA 0,7 L;210022;;0,7000;l;4,52;6,46;;;4,52;9001400004835;Piæa
SMOOTHIE NAR/MANGO SPAR 250 g;210190;SPAR enjoy;0,2500;kg;1,39;5,56;;;1,39;9100000758435;Piæa
SMOOTHIE VIŠ/BANANA SPAR 250 g;210191;SPAR enjoy;0,2500;kg;1,39;5,56;;;1,39;9100000758459;Piæa
SMOOTHIE JAB/KRUŠKA SPAR 250 g;210193;SPAR enjoy;0,2500;kg;1,39;5,56;;;1,39;9100000758473;Piæa
SRED.AJAX STAKLO PINK 750 ml;210275;Ajax;0,7500;L;1,99;2,65;;;1,99;8718951048669;Sredstva za èišæenje
ZUB.PAS.PARODONTAX FRESH 75 ml;210292;Parodontax;0,0750;L;;62,00;4,65;5,85;5,59;5054563950055;Kozmetika
BIO LIMUN NATUR PUR 500 g;210490;SPAR Natur*pur;0,5000;kg;1,69;3,38;;;1,29;8412345904752;Hrana
BIO TIKVICE NATUR PUR 500 g;210496;SPAR Natur*pur;0,5000;kg;2,49;4,98;;;1,49;8435320673221;Hrana
BIO LUK ŽUTI NATUR PUR 1 kg;210499;SPAR Natur*pur;1,0000;kg;1,99;1,99;;;2,59;8032140312783;Hrana
BIO MRKVA NATUR PUR 500 g;210500;SPAR Natur*pur;0,5000;kg;0,77;1,54;;;1,29;3858889118661;Hrana
DŽEMFIX SPAR 1:1 3X20 g;210526;SPAR;0,0600;kg;1,39;23,17;;;1,39;9100000777498;Hrana
KUKURUZNI GRIZ S-BUDGET 1 kg;210536;S-Budget;1,0000;kg;0,99;0,99;;;0,99;9100000040646;Hrana
KONC.RAJÈICE S-BUDGET 200 g;210537;S-Budget;0,2000;kg;0,99;4,95;;;1,19;9100000900643;Hrana
MASLAC OD KIKIRIKI.SPAR 350 g;210543;SPAR;0,3500;kg;2,79;7,97;;;2,79;8710671203939;Hrana
ZAÈIN TIMIJAN SPAR BOÈICA 20 g;210545;SPAR;0,0200;kg;1,39;69,50;;;1,39;9100000979557;Hrana
ZAÈIN RUŽMARIN SPAR 25 g;210546;SPAR;0,0250;kg;1,39;55,60;;;1,39;9100000979533;Hrana
ZAÈIN BIJELI PAPAR SPAR 50 g;210548;SPAR;0,0500;kg;1,39;27,80;;;1,39;9100000979519;Hrana
ZAÈIN CRNI PAPAR SPAR 50 g;210549;SPAR;0,0500;kg;1,39;27,80;;;1,39;9100000979496;Hrana
ZAÈIN MAŽURAN SPAR BOÈICA 10 g;210550;SPAR;0,0100;kg;1,39;139,00;;;1,39;9100000979397;Hrana
ZAÈ.CRVE.SLATKA PAP.SPAR 50 g;210551;SPAR;0,0500;kg;1,39;27,80;;;1,39;9100000979458;Hrana
ZAÈIN KIM SPAR BOÈICA  50 g;210552;SPAR;0,0500;kg;1,39;27,80;;;1,39;9100000979373;Hrana
ZAÈIN ORIGANO SPAR BOÈICA 12 g;210555;SPAR;0,0120;kg;1,39;115,83;;;1,39;9100000979434;Hrana
ZAÈIN BIJELI LUK SPAR 70 g;210556;SPAR;0,0700;kg;1,39;19,86;;;1,39;9100000979335;Hrana
ZAÈIN CURRY SPAR BOÈICA 45 g;210561;SPAR;0,0450;kg;1,39;30,89;;;1,39;9100000979274;Hrana
ZAÈIN ŠARENI PAPAR SPAR 40 g;210563;SPAR;0,0400;kg;1,69;42,25;;;1,69;9100000979212;Hrana
ŽIT.LINO PILLOWS TAMNO P.500 g;210593;Podravka;0,5000;kg;4,99;9,98;;;4,99;3850104263538;Hrana
Pršut ;210612;Pisinium;1,0000;kg;29,99;29,99;;;29,99;3858884938080;Hrana
ŽITNA KAŠICA ÈOKOL.PLUS 400 g;210613;Èokolino;0,4000;kg;4,99;12,48;;;4,99;3850104263460;Hrana
ŽITNA KAŠICA ÈOKOL.FIT 400  g;210614;Èokolino;0,4000;kg;4,99;12,48;;;4,99;3850104263682;Hrana
FERRERO COLLECTION 172 g;210621;Ferrero;0,1720;kg;;40,06;6,89;6,95;7,89;8000500247150;Hrana
ŽVAKE ORBIT BUBBLEMINT 14 g;210624;Wrigley;0,0140;kg;,99;70,71;;;0,99;42247371;Hrana
Zamjena za slani sir Akadia;210631;Akadia;1,0000;kg;4,99;4,99;;;4,99;5701638123509;Hrana
DENTASTIX PEDIGREE 270 g;210641;Pedigree;0,2700;kg;4,19;15,52;;;3,35;5998749109113;Proizvodi za kuæanstvo
MARMEL.MACKAY´S NARANÈA 340 g;210642;Mackays;0,3400;kg;4,99;14,68;;;4,99;0637793002500;Hrana
DŽEM MACKAY´S ÐUMBIR 340 g;210643;Mackays;0,3400;kg;5,99;17,62;;;6,49;0637793001039;Hrana
DŽEM MACKAY´S NAR.LIMUN 340 g;210645;Mackays;0,3400;kg;4,99;14,68;;;4,99;0637793000940;Hrana
BIO LISTOVI ŠPINATA 300 g;210699;Spar Natur pur;0,3000;kg;1,99;6,63;;;1,99;9100000066189;Hrana
BIO MIX POVRÆA FARMER NP 300 g;210701;Spar Natur pur;0,3000;kg;1,99;6,63;;;1,99;9100000066226;Hrana
BIO BABY MRKVA NATUR PUR 300 g;210703;Spar Natur pur;0,3000;kg;1,99;6,63;;;1,99;9100000030852;Hrana
RIŽIN PAPIR BLUE DRAGON 134 g;210758;Blue Dragon;0,1340;kg;4,99;37,24;;;4,99;5010338015817;Hrana
SUSHI ÐUMBIR BLUE DRAGON 145 g;210766;Blue Dragon;0,1450;kg;5,79;39,93;;;5,79;5010338302900;Hrana
OCAT JABUÈNI BIO ENCIAN 700 ml;210767;Encian;0,7000;L;4,99;7,13;;;4,99;3858890100204;Hrana
ZUB.PAS.SENSODYNE COMPL.75 ml;210772;Sensodyne;0,0750;L;7,49;99,87;;;5,59;5054563242877;Kozmetika
SOL PAŠKA MORSKA SITNA 450 g;210798;;0,4500;kg;1,49;3,31;;;1,45;3859888155831;Hrana
RIŽOTO SCOTTI SA TARTUF.210 g;210810;Scotti;0,2100;kg;2,59;12,33;;;3,19;8001860257131;Hrana
RIŽOTO SCOTTI PLODO.MORA 210 g;210812;Scotti;0,2100;kg;2,59;12,33;;;3,19;8001860257803;Hrana
RIŽOTO SCOTTI GLJIVE 210 g;210813;Scotti;0,2100;kg;2,59;12,33;;;3,19;8001860257827;Hrana
HRANA ZA MAÈ.MOLLY JANJ.100 g;210867;Molly;0,1000;kg;0,59;5,90;;;0,59;9100000098500;Proizvodi za kuæanstvo
HRANA ZA MAÈ.MOLLY GOV.100 g;210868;Molly;0,1000;kg;0,59;5,90;;;0,59;9100000098456;Proizvodi za kuæanstvo
POSL.MAÈKE MOLLY PERAD 10X5 g;210880;Molly;0,0500;kg;1,69;33,80;;;1,69;9100000768755;Proizvodi za kuæanstvo
HRANA ZA PSE SCOTTY PER.300 g;210883;Scotty;0,3000;kg;1,29;4,30;;;1,29;9100000098005;Proizvodi za kuæanstvo
PLOÈICE SCOTTY SNACK 280 g;210893;Scotty;0,2800;kg;1,69;6,04;;;1,69;9100000738659;Proizvodi za kuæanstvo
POSL.ZA PSE SCOTTY 2X100 g;210895;Scotty;0,2000;kg;1,69;8,45;;;1,59;9100000768779;Proizvodi za kuæanstvo
ÈOKOLADA MILKA OREO 100 g;210944;Milka;0,1000;kg;;14,90;1,49;2,49;2,49;7622210194046;Hrana
SALAMA KANT REZANA 100 g;210974;Sorger;0,1000;kg;2,89;28,90;;;4,25;9002055104598;Hrana
KOBASICE SALANETTIS BLAGI 80 g;210978;Sorger;0,0800;kg;2,69;33,63;;;3,58;9002055108817;Hrana
BIO HRENOVKE 240 g;211015;Natur pur;0,2400;kg;;16,21;3,89;4,55;4,19;9100200100942;Hrana
BIO OKRUGLI.ZA JUHU SPAR 175 g;211040;Spar Natur pur;0,1750;kg;1,99;11,37;;;1,99;9100000044385;Hrana
MUS.PLOÈ.KOKOS BIO NP 6X25 g;211047;Spar Natur pur;0,1500;kg;1,32;8,80;;;1,32;9100000746739;Hrana
BULGUR NATUR PUR 500 g;211048;Spar Natur pur;0,5000;kg;1,99;3,98;;;1,99;9100000038162;Hrana
CAPPUCCINO NATUR PUR BIO 200 g;211054;Spar Natur pur;0,2000;kg;5,09;25,45;;;5,09;9100000769202;Piæa
KETCHUP NATUR PUR 550 g;211056;Spar Natur pur;0,5500;kg;3,69;6,71;;;3,69;9100000772004;Hrana
BRUSNICA NATUR PUR 400 g;211057;Spar Natur pur;0,4000;kg;3,49;8,73;;;3,29;9100000736730;Hrana
CHILI LJUTI BIRDSEYE KOTA.24 g;211119;Kotanyi;0,0240;kg;3,99;166,25;;;3,99;9001414700280;Hrana
LED.ÈAJ SPAR LIMUN 0,5 L;211190;SPAR;0,5000;l;,69;1,38;;;0,69;9100000044095;Piæa
LED.ÈAJ SPAR.BRESKVA 0,5 L;211195;SPAR;0,5000;l;,69;1,38;;;0,69;9100000043944;Piæa
MLIJEKO UHT MEGGLE 1,5%M.M 1 L;211234;Meggle;1,0000;L;1,99;1,99;;;1,79;3870085010006;Hrana
MRV.ZA POSIPANJE ŠARENE 175 g;211280;SPAR;0,1750;kg;;6,34;1,11;1,59;1,59;9100000780771;Hrana
MRVICE ZA POSI.ÈOKOLADNE 175 g;211283;SPAR;0,1750;kg;;11,14;1,95;2,79;2,79;9100000780757;Hrana
ZAÈIN KIM S-BUDGET 140 g;211301;S-Budget;0,1400;kg;1,19;8,50;;;1,06;9100000747804;Hrana
ZAÈ.PEÈENA PILETIN.S-BUD.210 g;211303;S-Budget;0,2100;kg;1,19;5,67;;;1,06;9100000747880;Hrana
ZAÈ.SLATKA PAPRIKA S-BUD.140 g;211304;S-Budget;0,1400;kg;1,29;9,21;;;1,39;9100000747866;Hrana
ZAÈ.ŠARE.PAPAR S-BUD.ZRNO 70 g;211305;S-Budget;0,0700;kg;1,79;25,57;;;1,79;9100000747781;Hrana
ZAÈ.CRNI PAP.S-BUD.ZRNO 100 g;211309;S-Budget;0,1000;kg;1,99;19,90;;;1,79;9100000747842;Hrana
ZAÈ.CRN.PAPAR S-BUD.MLJE.100 g;211310;S-Budget;0,1000;kg;1,39;13,90;;;1,79;9100000747828;Hrana
TJESTENINA SPAR SPAETZLE 200 g;211311;SPAR;0,2000;kg;1,39;6,95;;;1,39;9100000777009;Hrana
KVASAC DOLCELA SUHI 7 g;211342;Dolcela;0,0070;kg;0,41;58,57;;;0,55;3850104266003;Hrana
KVASAC DOLCELA SUHI 450 g;211343;Dolcela;0,4500;kg;4,99;11,09;;;4,99;3850104266027;Hrana
ŠAMP.RECEPT ZA MAS.KOSU 400 ml;211349;Recept;0,4000;L;5,19;12,98;;;4,69;3838980522147;Kozmetika
ŠAMP.RECEPT PR.OPADANJA 400 ml;211350;Recept;0,4000;L;5,19;12,98;;;4,69;3838980522130;Kozmetika
ŠAM.RECEPT INTE&BALANCE 400 ml;211351;Recept;0,4000;L;5,19;12,98;;;4,69;3838980522109;Kozmetika
TP OLALA KAMILICA 3SL.10/1;211359;Olala;10,0000;kom;2,99;0,30;;;2,99;3859892232801;Toaletne potrepštine
ÈOK.KINDER FERRERO 150 g;211379;Kinder;0,1500;kg;2,89;19,27;;;2,59;8000500141601;Hrana
HRANA ZA PSE FRIS.ACT.2,4 kg;211381;Friskies;2,4000;kg;8,99;3,75;;;8,99;7613034232229;Proizvodi za kuæanstvo
HRANA ZA PSE FRISK.BAL.2,4 kg;211383;Friskies;2,4000;kg;8,99;3,75;;;8,99;7613034232168;Proizvodi za kuæanstvo
DŽEM ŠIPAK PODRAVKA 20 g;211574;Podravka;0,0200;kg;0,29;14,50;;;0,29;3850104264443;Hrana
PUDING N.PUR VANIL.BURB.3X31 g;211643;Spar Natur pur;0,0930;kg;2,99;32,15;;;2,99;9100000450698;Hrana
PUDING N.PUR ÈOKOLADA 3X50 g;211644;Spar Natur pur;0,1500;kg;2,99;19,93;;;2,99;9100000450667;Hrana
ŠAMP.RECEPT PR.PERUTI I 400 ml;211660;Recept;0,4000;L;5,19;12,98;;;4,69;3838980522123;Kozmetika
SIR MLADI MEKI KOZJI cca 400 g;211667;Gabriel;1,0000;kg;22,99;22,99;;;22,99;3859892501211;Hrana
SIR KOZJI POLUTVRDI cca 400 g;211672;Gabriel;1,0000;kg;28,99;28,99;;;28,99;3859892502911;Hrana
SIR KOZJI SLANI ZRELI 200 g;211676;;0,2000;kg;4,99;24,95;;;5,29;3859892805067;Hrana
JUHA KOCKA NAT.PUR POVRT.66 g;211735;Spar Natur pur;0,0660;kg;1,49;22,58;;;1,49;9100000050881;Hrana
PAP.RUÈ.VIOLETA XXL 2SL.2/1;211736;Violeta;2,0000;kom;2,39;1,20;;;2,55;3859892288624;Proizvodi za kuæanstvo
VL.MAR.BABY VIOLETA SENS.56/1;211737;Violeta;56,0000;kom;1,89;0,03;;;1,84;3870128006690;Toaletne potrepštine
UMAK NAT.PUR ARRABBIATA 350 g;211740;Spar Natur pur;0,3500;kg;2,99;8,54;;;2,99;9100000737416;Hrana
NAPITAK ALPRO ZOB 1 L;211741;Alpro;1,0000;L;3,79;3,79;;;2,39;5411188115366;Piæa
TJES.OD RIŽ.BRAŠN.GO-TAN 250 g;211744;;0,2500;kg;3,99;15,96;;;4,99;8710605092011;Hrana
UM.MAR.TORIYAKI GO-TAN 240 ml;211745;;0,2400;l;3,49;14,54;;;4,79;8710605027013;Hrana
UM.SLATKO-KISELI GO-TAN 240 ml;211748;;0,2400;L;3,49;14,54;;;4,79;8710605027006;Hrana
UMAK SOJA-SEZAM GO-TAN 240 ml;211749;;0,2400;L;3,49;14,54;;;4,79;8710605027020;Hrana
KOKOSOVO MLIJEKO GO TAN 250 ml;211751;;0,2500;L;2,99;11,96;;;3,99;8710605096170;Hrana
TJES.OD PŠEN.BRAŠ.GO TAN 250 g;211758;;0,2500;kg;3,19;12,76;;;3,99;8710605091984;Hrana
PASTA SAMBA.OELEK GO TAN 100 g;211759;;0,1000;kg;2,99;29,90;;;3,49;8710605010237;Hrana
TOAST INTEGRALNI KLARA 500 g;211814;Klara;0,5000;kg;2,45;4,90;;;2,45;3856016900578;Hrana
LIZ.CHUPA CHUPS JAGODA 14 g;211849;Chupa Chups;0,0140;kg;0,89;63,57;;;0,89;8410031920970;Hrana
ÈOK.LION WHITE 42 g;211864;Nestle;0,0420;kg;1,29;30,71;;;1,39;7613031006267;Hrana
KAVA ILLY ESPR.MACINATO 250 g;211868;Illy;0,2500;kg;;32,92;8,23;10,29;10,29;8003753900469;Piæa
KAVA ILLY ESPRESSO MOKA 250 g;211883;Illy;0,2500;kg;;32,92;8,23;10,29;10,29;3859894245038;Piæa
Šunka Schwarzwald;211894;Hermann;1,0000;kg;20,99;20,99;;;22,40;94003419702250;Hrana
KUPKA DOVE ALMOND CREAM 500 ml;211915;Dove;0,5000;L;5,49;10,98;;;5,49;8711700927673;Kozmetika
INSTANT KAVA SPAR 2U1 140 g;211975;SPAR;0,1400;kg;1,69;12,07;;;1,69;9100000756288;Piæa
INSTANT KAVA SPAR 3U1 180 g;211976;SPAR;0,1800;kg;1,69;9,39;;;1,69;9100000756301;Piæa
KRASTAVCI S-BUDGET 6-9 2350 g;211979;S-Budget;1,2000;kg;5,79;4,83;;;5,79;3858889116759;Hrana
FEFERONI S-BUDGET BLAGI 600 g;211980;S-Budget;0,2800;kg;2,20;7,86;;;3,09;3858889116742;Hrana
BOŽ.ÈOKO LIZ.SNJEŠKO 4X15 g;212124;;0,0600;kg;;16,50;0,99;1,29;1,09;4002996042046;Hrana
ÈOK.DORINA SJECKANI LJEŠN.80 g;212131;Dorina;0,0800;kg;1,89;23,63;;;1,89;3850102501526;Hrana
PANETTONE VECCHIO FORNO 600 g;212172;;0,6000;kg;;16,65;9,99;10,39;6,49;8002734000105;Hrana
BIO KIWI NATUR PUR 500 g;212188;SPAR Natur*pur;0,5000;kg;2,49;4,98;;;2,09;8032140113441;Hrana
COCKTAIL TAIGA ICE 0,275 L;212190;Weingut Schloss Fels;0,2750;l;1,72;6,25;;;1,72;9100000710402;Piæa
SR.ZA ODÈ.ODVODA SPLENDID 1 L;212308;Splendid;1,0000;L;1,98;1,98;;;1,98;9100000986159;Sredstva za èišæenje
KREKERI FREE FROM SIR 80 g;212314;SPAR free from;0,0800;kg;2,09;26,13;;;2,09;9100000773025;Hrana
KREKERI FF RUŽ.LUK MINI 125 g;212315;SPAR free from;0,1250;kg;2,39;19,12;;;2,39;9100000773001;Hrana
ŠEÆ.S PRIR.ARO.LIM.KOTANY 50 g;212316;Kotanyi;0,0500;kg;0,59;11,80;;;0,92;9001414711804;Hrana
ŠEÆER S CIMETOM KOTANY 50 g;212317;Kotanyi;0,0500;kg;0,59;11,80;;;0,92;9001414211830;Hrana
ŠEÆ.S PRIR.ARO.NAR.KOTANY 50 g;212324;Kotanyi;0,0500;kg;0,59;11,80;;;0,92;9001414711811;Hrana
KUPUS KIS.S BUÈ.ULJEM 500 g ;212326;;0,4350;kg;1,89;4,34;;;1,89;3859891493340;Hrana
KUP.KIS. MASL.ULJE I ÈEŠ.500 g;212328;;0,4350;kg;1,89;4,34;;;1,89;3859891493333;Hrana
KUPUS KI.S ÈEŠNJ.I PAPROM 500g;212330;;0,4350;kg;1,89;4,34;;;1,89;3859891493357;Hrana
Sir meki u salamuri Salakis;212474;Dukat;1,0000;kg;7,99;7,99;;;7,35;3850355006335;Hrana
BROKULA 500 g ;212511;;0,5000;kg;1,19;2,38;;;1,49;8053904250097;Hrana
SP KVAÈICE ZA RUBLJE,2/1 ;212639;Splendid;12,0000;kom;1,85;0,15;;;1,85;9100000641393;Proizvodi za kuæanstvo
KREMA NEUTROGENA ZA RUKE 50ml;212691;Neutrogena;0,0500;L;4,89;97,80;;;4,49;3574660066227;Kozmetika
KREMA NEUTROGENA ZA RUKE 50 ml;212692;Neutrogena;0,0500;L;4,99;99,80;;;4,49;3574660258264;Kozmetika
KREKER CROCO SLANI 400 g;212723;Croco;0,4000;kg;3,09;7,73;;;3,09;5941194000061;Hrana
MLIJEKO UHT 1% Z BREGOV 1 L;212820;Z Bregov;1,0000;L;1,49;1,49;;;1,49;3850108020892;Hrana
ÈOKOLAD.TUTTI FRUTTI KAND.80 g;212821;Kandit;0,0800;kg;;16,13;1,29;1,69;1,69;3858881046610;Hrana
Sir Težaèki;212830;Sirana Gligora;1,0000;kg;19,99;19,99;;;18,99;3859891864454;Hrana
VINO MERLOT VR.FESTIGIA 0,75 L;212837;;0,7500;l;13,3;17,73;;;13,3;3858881191945;Piæa
VINO FRANK.ROSE ILOK 0,75 L;212842;;0,7500;l;7,49;9,99;;;7,19;3859892149239;Piæa
VINO ILOK KAPISTRAN CRNI 1 L;212844;;1,0000;l;6,35;6,35;;;6,35;3859892149253;Piæa
VINO LAGUNA TERRA ROSA 0,75 L;212847;;0,7500;l;7,79;10,39;;;9,52;3858881194151;Piæa
DJEÈJI KEKS BEBIVITA 180 g;212907;Bebivita;0,1800;kg;2,29;12,72;;;2,39;4018852033943;Hrana
ZAPEÈENI GRAH PREB.PODR.400 g;212911;Podravka;0,4000;kg;2,75;6,88;;;2,75;3858886465997;Hrana
ŽITAR.ÈOK.JAST.SPAR PREM.375 g;212966;Premium;0,3750;kg;4,99;13,31;;;4,37;9100000740348;Hrana
BIO ÈEŠNJAK NATUR PUR 250 g;213010;SPAR Natur*pur;0,2500;kg;2,69;10,76;;;2,69;3831115308210;Hrana
KESTENI SPAR VITAL 250 g;213015;SPAR Vital;0,2500;kg;3,99;15,96;;;3,99;9100000787145;Hrana
SENF ESTRAGON PODRAVKA  200 g;213029;;0,2000;kg;1,99;9,95;;;1,99;3850104268069;Hrana
PJEN.DESERT MUNCHMALLOW 210 g;213089;Munchmallow;0,2100;kg;2,39;11,38;;;1,79;8600114001980;Hrana
Èvarci Ravliæ;213097;Ravliæ;1,0000;kg;22,99;22,99;;;22,99;3859892369576;Hrana
JOG.NP SPAR MALINA 3,6% 200 g;213107;Spar Natur pur;0,2000;kg;0,99;4,95;;;0,99;9100000024554;Hrana
BJELILO DR.BECKMANN 2X40 g;213129;Dr. Beckmann;0,0800;kg;3,09;38,63;;;3,39;4008455437217;Sredstva za èišæenje
DŽEM DOORA ŠIPAK 420 g;213136;Doora;0,4200;kg;3,19;7,60;;;3,19;3858885870808;Hrana
DŽEM DOORA MARELICA 420 g;213137;Doora;0,4200;kg;2,99;7,12;;;2,99;3858894540945;Hrana
VINO SAROTTO BAROLO 0.75 L;213143;Ekskluzivno za SPAR;0,7500;l;16,68;22,24;;;16,68;8028752000378;Piæa
Tortilja zelena;213229;SPAR enjoy;1,0000;kom;1,19;1,19;;;1,19;;Hrana
MAST PAVLOVIÆEVA ORIG.100 ml;213249;Pavloviæ;0,1000;L;6,75;67,50;;;4,89;8600101567468;Kozmetika
DEKO.MIX ZVJEZDICE DR OET.10 g;213261;Dr. Oetker;0,0100;kg;0,69;69,00;;;0,69;5907707057076;Hrana
DEK.SREB.PERL.SOFT DR OET.10 g;213263;Dr. Oetker;0,0100;kg;0,69;69,00;;;0,69;5907707057373;Hrana
DEK.MIX PERL.SOFT DR OETK.10 g;213265;Dr. Oetker;0,0100;kg;0,69;69,00;;;0,69;5907707055164;Hrana
Tikva butternut kocka;213266;SPAR enjoy;1,0000;kg;5,99;5,99;;;5,99;;Hrana
ÈOKO.NEST.ZA KUH.NOIR 205 g   ;213498;Nestle;0,2050;kg;;17,02;3,49;3,79;4,49;7613035159860;Hrana
NAREAK S PAPRIK.VEGETER.300 g;213502;Vegetariana;0,3000;kg;4,99;16,63;;;5,29;3859892560140;Hrana
VRH.ZA KAVU SPAR 10% 20X10 g;213529;SPAR;0,2000;kg;0,99;4,95;;;0,99;9100000781471;Hrana
KIKIRIKI ZIGI TERIYAKI 70 g;213541;ZIGI;0,0700;kg;0,89;12,71;;;0,89;3800200450431;Hrana
KIKIRIKI ZIGI ÈILI 70 g;213543;ZIGI;0,0700;kg;0,99;14,14;;;0,99;3800200450448;Hrana
PROSSECCO MARTINI 0,75 L;213558;;0,7500;l;;15,99;11,99;17,05;17,02;8000570552505;Piæa
KREMA REVITALIFT NOÆ 50 ml;213600;LOREAL;0,0500;L;19,99;399,80;;;19,99;3600523550708;Kozmetika
RAKIJA MIODULA GIFT BOX 0,5 L;213686;;0,5000;l;;39,98;19,99;26,09;25,22;5907522603069;Piæa
KEKS DOMAÆICA TAMNA 275 g;213693;Domaèica;0,2750;kg;3,49;12,69;;;2,49;3850102501779;Hrana
KAVA LAVAZZA CREM&AROMA 1kg;213733;Lavazza;1,0000;kg;27,99;27,99;;;27,99;8000070024441;Piæa
VINO JP CHENET MAGNUM 1,5 L;213814;;1,5000;L;10,79;7,19;;;10,79;3263289993112;Piæa
CAPPUCCINO FRANCK IRISH 200 g;213840;Franck;0,2000;kg;3,59;17,95;;;3,29;3858881085961;Piæa
ULJE BUÈINO ÈK MLINOVI  0,5 L;213841;Cakovecki Mlinovi;0,5000;L;11,99;23,98;;;11,94;3858884170688;Hrana
MELEM MEN STICK 4,5g;213852;Melem;1,0000;kom;3,89;3,89;;;3,79;3856007904134;Kozmetika
Iverak 100-300 g;213919;;1,0000;kg;8,49;8,49;;;7,29;93856024300547;Hrana
KAŠICA HIPP SPAGH.POVR.250 g;213920;Hipp;0,2500;kg;2,09;8,36;;;2,08;4062300261846;Hrana
BIO PAŠTETA 100 g;214013;Natur pur;0,1000;kg;1,62;16,20;;;1,59;9100000003009;Hrana
VREÆE ZA SMEÆE HD 40L 20/1;214045;;20,0000;kom;1,49;0,07;;;1,34;3859891367382;Proizvodi za kuæanstvo
VREÆE ZA SMEÆE LD 150L 10/1;214055;;10,0000;kom;3,59;0,36;;;3,19;3859891367771;Proizvodi za kuæanstvo
PILEÆI ODRESCI OD FILEA 400 g;214164;Cekin;0,4000;kg;6,29;15,73;;;6,29;3850159113383;Hrana
ULJE LANENO BIO ENCIAN 250 ml;214174;Encian;0,2500;L;4,29;17,16;;;4,19;3858890100280;Hrana
BIO NARANÈA NATUR PUR 1 kg;214275;SPAR Natur*pur;1,0000;kg;1,99;1,99;;;1,99;8412345897122;Hrana
SOL VITAL SMANJE.UDI.NAT.200 g;214327;SPAR Vital;0,2000;kg;1,79;8,95;;;1,79;9100000779751;Hrana
SLAD.PREMIUM BROWNIE 500 ml;214395;SPAR PREMIUM;0,5000;L;5,99;11,98;;;4,99;9100000068848;Hrana
LIKER BADEL PELINK.ORANGE 1 L;214406;;1,0000;l;16,02;16,02;;;16,02;3850112110930;Piæa
KREMA ZA RUKE S LAVANDOM 75 ml;214476;Olival;0,0750;L;2,69;35,87;;;2,29;3859892751197;Kozmetika
SIR S TARTUFIMA GLIGORA 125 g;214505;Sirana Gligora;0,1250;kg;6,49;51,92;;;6,29;3858891770178;Hrana
Pršut dalmatinski Voštane;214620;Vostane;1,0000;kg;;24,99;24,99;34,99;34,99;3858889491948;Hrana
Orada oèišæena LL 330-500 g;214703;;1,0000;kg;13,19;13,19;;;13,19;3858890591545;Hrana
ULJE SUNCOKRETOVO TENA 1 L;214806;Tena;1,0000;L;1,59;1,59;;;1,59;3850171710010;Hrana
BIO AVOKADO NP 300 g;215030;SPAR Natur*pur;0,3000;kg;2,29;7,63;;;3,19;3831115308227;Hrana
Bio banana ;215120;SPAR Natur*pur;1,0000;kg;1,99;1,99;;;1,79;3830036310906;Hrana
VINO PP ORAH. R.RIZLING 0,75 L;215151;;0,7500;l;6,29;8,39;;;5,52;3859888114074;Piæa
KREKER TUC LUK 100 g;215186;TUC;0,1000;kg;;7,90;0,79;0,89;0,79;5998711388935;Hrana
PHYSALIS kom;215210;;1,0000;kom;1,99;1,99;;;1,99;3859891295074;Hrana
Šunka delikates;215219;Dimmes;1,0000;kg;13,99;13,99;;;12,99;3859892362362;Hrana
KETCHUP DEVELEY 450 g;215232;Mc Donald's;0,4500;kg;4,19;9,31;;;4,19;4006824991278;Hrana
VINO ZLATAN CUVEE  CRNI 0,75 L;215292;;0,7500;l;7,99;10,65;;;7,99;3859888437302;Piæa
VINO ZLATAN BABIÆ  0,75 L;215293;;0,7500;l;9,02;12,03;;;9,02;3859888437319;Piæa
VINO ZLATAN PLAVAC ŠIB.0,75 L;215294;;0,7500;l;8,99;11,99;;;8,52;3859888437357;Piæa
SIR MLADI OTOÈKI OVÈJI 200 g;215472;Pivka;0,2000;kg;3,59;17,95;;;3,59;8006768000315;Hrana
SUŠILO ZA RUBLJE GLAM 18m;215484;;1,0000;kom;11,99;11,99;;;13,99;8003186006707;Proizvodi za kuæanstvo
MAHUNA ZELENA S-BUDGET 1 kg;215487;S-Budget;1,0000;kg;2,35;2,35;;;2,49;3858889117008;Hrana
NJOKI S-BUDGET 1000 g;215488;S-Budget;1,0000;kg;2,79;2,79;;;2,79;3858889117022;Hrana
CARSKA MJEŠAV.S-BUDGET 1 kg;215489;S-Budget;1,0000;kg;2,99;2,99;;;2,79;3858889116988;Hrana
DALMATINSKI PRŠUT SK;215519;Pivac;1,0000;kg;;13,99;13,99;21,99;19,99;3858890180190;Hrana
HRENOVKE PILEÆE 200 g;215529;Gavrilovic;0,2000;kg;1,75;8,75;;;1,75;3858881225930;Hrana
OBLATNE S-BUDGET 200 g;215581;S-Budget;0,2000;kg;0,69;3,45;;;0,69;3856021209789;Hrana
PAŠTETA GAVRILOVIÆ JETR.150 g;215601;Gavrilovic;0,1500;kg;2,54;16,93;;;2,54;3858881226562;Hrana
PAŠTETA GAVRILOVIÆ ÈAJNA 150 g;215603;Gavrilovic;0,1500;kg;2,54;16,93;;;2,54;3858881226579;Hrana
FILET INÆUNA ARBA 160 g;215986;Klarom;0,1000;kg;9,49;94,90;;;9,49;3859891895175;Hrana
FILET INÆUNA SLANI ARBA 75 g;215987;Klarom;0,0450;kg;;84,22;3,79;4,79;4,49;3859891895045;Hrana
INÆUNI MAR.U SUNC.ULJ.ARB.75 g;215988;Klarom;0,0450;kg;;62,00;2,79;3,49;3,39;3859891895069;Hrana
FILET INÆUNA ARBA 100 g;215989;Klarom;0,0550;kg;5,69;103,45;;;5,69;3859891895564;Hrana
INÆUNI MAR.U SUN.ULJ.ARB.160 g;215990;Klarom;0,1000;kg;6,29;62,90;;;6,29;3859891895106;Hrana
ŠUNKA SCHWARZWALD 100 g;216006;Hermann;0,1000;kg;2,12;21,20;;;2,19;4003419002500;Hrana
ODREZAK PANI.RIBLJI LEDO 400 g;216066;Ledo;0,4000;kg;4,99;12,48;;;4,49;3850116995724;Hrana
MASLAC MEGGLE PREMIUM 200 g;216146;Meggle;0,2000;kg;3,19;15,95;;;3,19;4034900004925;Hrana
UNIVERZ.SMJESA SCHAR BG.500 g;216149;Schar;0,5000;kg;2,89;5,78;;;2,89;8008698010358;Hrana
BOMBONI ICE 250 g;216175;Evropa;0,2500;kg;1,99;7,96;;;1,99;5310002460616;Hrana
SPUŽVA GLITZI POWER INOX 2/1;216342;;2,0000;kom;5,29;2,65;;;5,29;4023103172036;Proizvodi za kuæanstvo
DES.CREME BRULEE PREM.2x100 g;216351;SPAR PREMIUM;0,2000;kg;;8,45;1,69;1,99;1,99;9100000781099;Hrana
Sir Cheddar crv.cca.3 kg 50%mm;216353;;1,0000;kg;13,99;13,99;;;14,19;5701638448954;Hrana
VINO DINGAÈ TRAMON.6B 0,75 L;216461;;0,7500;l;23,99;31,99;;;23,99;3859892748159;Piæa
VINO MADIRAZZA PELJEŠAC 0,75 L;216462;;0,7500;l;10,99;14,65;;;10,99;3859889833240;Piæa
KAVA INSTANT GOLD S BUDG.200 g;216497;S-Budget;0,2000;kg;7,99;39,95;;;7,19;3858889116438;Piæa
KAVA INSTANT GOLD S BUDG.100 g;216498;S-Budget;0,1000;kg;4,69;46,90;;;4,39;3858889116681;Piæa
MLIJEKO ALPSKO UHT 1,5%M.M.1 L;216520;Alpsko;1,0000;L;1,59;1,59;;;1,59;3838800024967;Hrana
NARANÈA S BUDGET 2 kg;216577;S-BUDGET;2,0000;kg;2,98;1,49;;;2,68;8437022068152;Hrana
KVASAC SUHI S-BUDGET 6X7 g;216599;S-Budget;0,0420;kg;0,75;17,86;;;0,79;3858889117206;Hrana
VERMOUTH VOLTOLINI BIANCO 1 L;216603;Ekskluzivno za SPAR;1,0000;l;5,69;5,69;;;5,38;9100000778211;Piæa
NAPITAK ALPRO BADEM BŠ.1 L ;216605;Alpro;1,0000;L;3,79;3,79;;;2,39;5411188112709;Piæa
NAPITAK ALPRO RIŽA ORIGIN.1 L;216606;Alpro;1,0000;L;3,79;3,79;;;2,39;5411188112549;Piæa
TIJES.ZA LAZANJE VOLTAN 250 g;216631;Voltan;0,2500;kg;1,59;6,36;;;1,59;8006515005051;Hrana
TJEST.TAGLIATELLE VOLTAN 250 g;216632;Voltan;0,2500;kg;1,39;5,56;;;1,39;8006515004061;Hrana
ÈAJ PODRAVKA LIM.-LIMETA 50 g;216655;Podravka;0,0500;kg;2,29;45,80;;;2,05;3850104267062;Piæa
BIO PAPRIKA NATUR PUR 400 g;216707;SPAR Natur*pur;0,4000;kg;2,49;6,23;;;2,59;8435320671036;Hrana
POSLAST.ZA MAÈKE VITAKRA.18 g;216733;Vitakraft;0,0180;kg;0,99;55,00;;;0,89;4008239598967;Proizvodi za kuæanstvo
POSLAS.ZA MAÈKE VITA.MINI 18 g;216734;Vitakraft;0,0180;kg;,99;55,00;;;1;4008239182005;Proizvodi za kuæanstvo
POSL.ZA PSE VITAK.PILET.80 g;216736;Vitakraft;0,0800;kg;3,49;43,63;;;3,49;4008239585813;Proizvodi za kuæanstvo
POSLAS.ZA PSE VITAK.ZEC 80 g;216741;Vitakraft;0,0800;kg;3,49;43,63;;;3,49;4008239585769;Proizvodi za kuæanstvo
ÈAJ AGRISTAR SLJEZOV 50 g;216768;Agristar;0,0500;kg;2,59;51,80;;;2,59;3858886500216;Piæa
ÈOK. JAJE SPAR MYSTERY  20 g;216780;SPAR;0,0200;kg;0,99;49,50;;;0,99;54083417;Hrana
ŠTAPIÆI SLANI SALTAS 45 g;216784;Saltas;0,0450;kg;0,36;8,00;;;0,36;3856014112881;Hrana
KEKS BREAK.MUESLI I MED 160 g;216812;Breakfast;0,1600;kg;1,75;10,94;;;1,75;3856014113574;Hrana
KEKS BREAK.MUESLI I ÈOKO 160 g;216814;Breakfast;0,1600;kg;1,75;10,94;;;1,75;3856014113543;Hrana
KEKS BREAK.MUESLI I VOÆE 160 g;216815;Breakfast;0,1600;kg;1,75;10,94;;;1,75;3856014113512;Hrana
JOG.FANTASIA ÈOK.KUGLICE 100 g;216819;Danone;0,1000;kg;0,99;9,90;;;0,99;8595002100862;Hrana
ULOŠ.ALWAYS ULTRA DUO 12/1;216834;Always;12,0000;kom;2,99;0,25;;;2,99;4015400612469;Toaletne potrepštine
PROSECCO EXTRA DRY 0.75 L;216838;;0,7500;l;5,39;7,19;;;5,34;8006870018307;Piæa
VINO PRIMITIVO SALENTO 0,75 L;216841;;0,7500;l;;5,32;3,99;5,49;5,34;8006870010165;Piæa
VINO SYRAH TERRE SICILI.0,75 L;216843;;0,7500;l;;5,32;3,99;5,49;5,34;8006870010240;Piæa
DEO SPRAY GARNIER Ž.BWC 150 ml;216897;Garnier;0,1500;L;4,79;31,93;;;4,59;3600541402287;Kozmetika
MICELAR. VODICA GARNIER 400 ml;216907;Garnier;0,4000;L;6,99;17,48;;;6,79;3600541382619;Kozmetika
ŠTAPIÆI SPAR KRUMPIR 125 g;216936;SPAR;0,1250;kg;1,19;9,52;;;1,19;9100000087238;Hrana
ÈOK.SPAR PREM.TAMNA 72% 100 g;216943;SPAR PREMIUM;0,1000;kg;3,49;34,90;;;2,49;9100000745275;Hrana
ŠAMPON PALMOLIVE APPLE 350 ml;216944;Palmolive;0,3500;L;3,89;11,11;;;3,89;8714789880488;Kozmetika
ŠAMPON PALMOLIVE PROTIV 350 ml;216964;Palmolive;0,3500;L;3,89;11,11;;;3,89;8718951576919;Kozmetika
KRUH FREE FROM-MIX  500 g;216967;SPAR free from;0,5000;kg;3,79;7,58;;;3,79;9100000131719;Hrana
PRŠUT ANDRO NAREZAK 100 g;217061;Andro;0,1000;kg;3,44;34,40;;;3,44;3859892331412;Hrana
PATRONA ZA GRIJAÈ ÈUPKO 100 ml;217087;Cupko;0,1000;L;2,99;29,90;;;2,78;3859888495548;Kozmetika
KREKER SPAR SLANI 100 g;217130;SPAR;0,1000;kg;0,69;6,90;;;0,69;8710671205179;Hrana
MASLAC OD KIKIRIKI.SPAR 350 g;217234;SPAR;0,3500;kg;2,79;7,97;;;2,79;8710671203953;Hrana
KELJ PUPÈAR 350 g;217240;;0,3500;kg;0,99;2,83;;;1,99;8720648857904;Hrana
SIR SVJEŽI FREE FROM 250 g;217241;SPAR free from;0,2500;kg;1,29;5,16;;;1,29;9100000768250;Hrana
SIR MOZZARELLA FREE FROM 125 g;217245;SPAR free from;0,1250;kg;1,79;14,32;;;1,79;9100000782973;Hrana
SOLNA KISELINA 18% 1 L;217248;Iskra;1,0000;L;2,29;2,29;;;2,12;3850145271028;Sredstva za èišæenje
SREDSTVO DOMINOL PLASTIK 1 L;217249;Dominol;1,0000;L;8,39;8,39;;;7,70;3850145462006;Sredstva za èišæenje
BIO kruh raženi bez kvas.;217255;Natur pur;1,0000;kg;3,96;3,96;;;3,96;1503;Hrana
SPR.ZA NAMJEŠTAJ DESPAR 300 ml;217262;Despar;0,3000;L;1,99;6,63;;;1,99;8001300898092;Sredstva za èišæenje
UMAK BESCIAMELLA DESPAR 200 ml;217281;Despar;0,2000;L;0,99;4,95;;;0,99;8001300632238;Hrana
KAVA FRANCK 100% ARABICA 250 g;217316;Franck;0,2500;kg;7,19;28,76;;;7,19;3858881087224;Piæa
PJENA GILLETTE SENS.200+100 ml;217338;Gillette;0,3000;L;1,99;6,63;;;1,99;7702018617234;Kozmetika
KAKAO SUCHARD BENSDORP 500 g;217368;Bensdorp;0,5000;kg;9,99;19,98;;;9,99;4002309015279;Hrana
KAKAO SUCHARD BENSDORP 125 g;217369;Bensdorp;0,1250;kg;4,49;35,92;;;3,59;4002309015217;Hrana
ROLL ON GARNIER FRE.FLOR.50 ml;217413;Garnier;0,0500;L;4,79;95,80;;;4,59;3600542119948;Kozmetika
ŠTAPIÆI SLANI SALTAS 220 g;217449;Saltas;0,2200;kg;1,49;6,77;;;1,34;3856014112850;Hrana
ÈOKOL.FREE FROM JAGODA 100 g;217458;SPAR free from;0,1000;kg;3,79;37,90;;;3,79;9100000734699;Hrana
PREPELIÈJA JAJA 12/1;217459;;12,0000;kom;2,29;0,19;;;2,29;3857500009104;Hrana
ÈOKOL.FREE FROM MLIJEÈNA 100 g;217461;SPAR free from;0,1000;kg;3,99;39,90;;;3,99;9100000734651;Hrana
DEO SP.GARNIER FRE.FLOR.150 ml;217471;Garnier;0,1500;L;4,79;31,93;;;4,59;3600542119825;Kozmetika
POSLASTICA ZA PSE FRISK.42 g;217479;Friskies;0,0420;kg;0,79;18,81;;;0,79;4000487223349;Proizvodi za kuæanstvo
ŠAMP.SCHAUMA MEN SPORT 400 ml;217483;Schauma;0,4000;L;2,99;7,48;;;2,79;9000100860246;Kozmetika
ŠAM.SCHAUMA FRESH IT UP 400 ml;217492;Schauma;0,4000;L;2,99;7,48;;;2,79;3838824293813;Kozmetika
GEL TAFT POWER INVISIB.150 ml;217495;Taft;0,1500;L;4,49;29,93;;;4,39;9000100876452;Kozmetika
Juneæa leða bez kosti;217501;;1,0000;kg;19,29;19,29;;;18,19;3859892958923;Hrana
PIV.VELEBITSKO S.0,5 L BOC.P.A;217537;Velebitsko;0,5000;L;1,55;3,10;;;1,55;3859889094023;Piæa
PIV.VELEBITSKO T.0,5 L BOC.P.A;217539;Velebitsko;0,5000;L;1,55;3,10;;;1,55;3859889094047;Piæa
MINERAL.VODA ROMERQUELLE 1,5 L;217634;Römerquelle;1,5000;l;1,05;0,70;;;0,98;9031100003128;Piæa
TERIYAKI UMAK YAMASA 300 ml;217704;;0,3000;L;8,59;28,63;;;8,59;4903001028058;Hrana
JAPAN.SOJA UMAK YAMASA 150 ml;217706;;0,1500;L;6,99;46,60;;;6,19;4903001011128;Hrana
MEKSIÈKI UMAK OD RAJÈICE 315 g;217709;;0,2150;kg;3,09;14,37;;;3,09;5412514999933;Hrana
JAPAN.SOJA UMAK YAMASA 500 ml;217710;;0,5000;L;5,79;11,58;;;5,04;4903001017724;Hrana
JAPAN.SOJA UMAK YAMASA 150 ml;217711;;0,1500;L;4,99;33,27;;;4,51;4903001017106;Hrana
VINJAK NAPOLEON DE FRAN. 0,7 L;217712;;0,7000;l;7,22;10,31;;;7,22;3263280110792;Piæa
PJENUŠ. BLANC FOUSSY ICE0,75 L;217713;;0,7500;L;5,92;7,89;;;5,92;3500610084676;Piæa
MIJEŠANI NAMAZ ALPINESSE 250 g;217751;Meggle;0,2500;kg;4,19;16,76;;;3,99;4034900008190;Hrana
MIJEŠ.NAM.SLANI ALPINESS.250 g;217752;Meggle;0,2500;kg;4,19;16,76;;;3,99;4034900008206;Hrana
UM.TERIYAKI BLUE DRAGON 120 g;217762;;0,1200;kg;2,19;18,25;;;2,19;5010338200077;Hrana
APERITIV ESTIVO 0,7 L;217792;Ekskluzivno za SPAR;0,7000;l;6,02;8,60;;;6,02;9100000762005;Piæa
Bio brancin 300-600 g;217918;;1,0000;kg;11,49;11,49;;;11,49;3859892725761;Hrana
ÈOKOLADA DORINA MLIJEÈNA 250 g;217927;Dorina;0,2500;kg;2,99;11,96;;;4,49;3850102502189;Hrana
ÈOKOLADA DORINA NOISETTE 220 g;217928;Dorina;0,2200;kg;2,99;13,59;;;4,49;3850102501984;Hrana
ŠAMP.PALMOLIVE SVI TIP.350 ml;217980;Palmolive;0,3500;L;3,89;11,11;;;3,89;8718951577008;Kozmetika
ŠAMP.PALMOLIVE CITRUS 350 ml;217981;Palmolive;0,3500;L;3,89;11,11;;;3,89;8714789880464;Kozmetika
KAVA MLJEVENA DINOS 175 g;217999;Dinos;0,1750;kg;4,19;23,94;;;4,19;3859889155113;Piæa
KAVA MLJEVENA DINOS 400 g;218002;Dinos;0,4000;kg;8,79;21,98;;;8,79;3859889155120;Piæa
KAJMAK PRESIDENT 250 g;218005;President;0,2500;kg;4,49;17,96;;;3,99;8606002110895;Hrana
SIRNI NAMAZ NATUR FF 150 g;218041;SPAR free from;0,1500;kg;1,49;9,93;;;1,49;9100000783031;Hrana
SIRNI NAMAZ ZAÈ.BILJE FF 150 g;218054;SPAR free from;0,1500;kg;1,49;9,93;;;1,49;9100000783055;Hrana
ŠAMPON PALMOLIVE SHINE 350 ml;218079;Palmolive;0,3500;L;3,89;11,11;;;3,89;8718951576971;Kozmetika
ŠAMP.PALMOLIVE OLIVE 350 ml;218080;Palmolive;0,3500;L;1,95;5,57;;;3,89;8718951577039;Kozmetika
TORTA SACHER S-BUDGET 500 g;218100;S-Budget;0,5000;kg;6,99;13,98;;;6,99;9100000803067;Hrana
TEMELJAC PODRAV.KOKOŠJI 112 g;218155;;0,1120;kg;2,59;23,13;;;2,59;3850104266669;Hrana
TEMELJAC PODRAVKA GOVEÐI 112 g;218156;;0,1120;kg;2,59;23,13;;;2,59;3850104266676;Hrana
TEMELJAC PODRAV.POVRTNI 112 g;218158;;0,1120;kg;2,59;23,13;;;2,59;3850104266652;Hrana
PAPAR ŠARENI ŠAFRAM 40 g;218160;;0,0400;kg;3,49;87,25;;;3,44;3859892109110;Hrana
CIMET MLJEVENI ŠAFRAM 50 g;218163;;0,0500;kg;1,59;31,80;;;1,59;3859892109141;Hrana
TUCANA PAPRIKA ŠAFRAM 35 g;218168;;0,0350;kg;1,59;45,43;;;1,59;3859892109233;Hrana
ZAÈIN CURRY ŠAFRAM 40 g;218171;;0,0400;kg;1,72;43,00;;;1,72;3859892109189;Hrana
ÈEŠNJAK U GRANUL.ŠAFRAM 70 g;218174;;0,0700;kg;2,65;37,86;;;2,65;3859892109257;Hrana
KURKUMA ŠAFRAM 50 g;218175;;0,0500;kg;1,79;35,80;;;1,72;3859892109196;Hrana
KARLOVAÈKO PIVO 0,0% PA.0,5 L;218375;Karlovacko;0,5000;L;1,25;2,50;;;1,25;3850103901196;Piæa
DEO SPR.OLD SPICE BEARG.150ml;218382;Old Spice;0,1500;L;3,49;23,27;;;3,85;4015600860332;Kozmetika
DEO STICK OLD SPICE BEAR.50 ml;218397;Old Spice;0,0500;L;3,49;69,80;;;3,85;8700216884662;Kozmetika
BRIT.WILKINSON SENS.3 3+1;218453;Wilkinson;3,0000;kom;5,39;1,80;;;5,39;4027800710409;Kozmetika
BRIT.WILKINSON BEAUTY 3+1;218454;Wilkinson;3,0000;kom;5,19;1,73;;;5,19;4027800318308;Kozmetika
PRŠUT REZANI DALMATIKO 80 g;218466;Vostane;0,0800;kg;2,89;36,13;;;2,99;3858889493331;Hrana
BIO RAJÈICA CHERRY NP 250 g;218487;SPAR Natur*pur;0,2500;kg;1,49;5,96;;;1,39;9101169217917;Hrana
BIO RAJÈICA NATUR PUR 500 g;218489;SPAR Natur*pur;0,5000;kg;1,99;3,98;;;2,29;8435320664052;Hrana
NAMAZ SIR.EMMENTALER RUP.175 g;218573;Rupp;0,1750;kg;2,49;14,23;;;2,49;90133572;Hrana
NAMAZ SIR.GOUDA RUPP 175 g;218577;Rupp;0,1750;kg;2,49;14,23;;;2,49;90133602;Hrana
MOZZARELLA LIGHT VITAL 125 g;218585;Despar;0,1250;kg;1,49;11,92;;;1,49;9100000719849;Hrana
BLAZINICE LOLA 120/1;218651;Lola;120,0000;kom;2,19;0,02;;;2,69;3858881101036;Toaletne potrepštine
GEL ZA BRIJANJE SPAR 200 ml;218686;SPAR;0,2000;L;2,49;12,45;;;2,52;8710671204691;Kozmetika
CRNILO SIPE 2x4 g;218699;;0,0080;kg;0,89;111,25;;;0,89;8424596260013;Hrana
OSV.BREF B.AKTIV EUCALYP.50 g;218700;Bref;0,0500;kg;2,29;45,80;;;3,69;9000100889315;Sredstva za èišæenje
PJENA ZA BRIJANJE SPAR 250 ml;218703;SPAR;0,2500;L;1,85;7,40;;;1,85;8710671204714;Kozmetika
GULAŠ JUHA S-BUDGET 400 g;218716;S-Budget;0,4000;kg;1,99;4,98;;;2,19;9100000050157;Hrana
GEL ALOE VERA OLIVAL  250 ml;218748;Olival;0,2500;L;4,90;19,60;;;4,90;3859892751319;Kozmetika
GEL VRAŽ.KANDŽA OLIVAL 250 ml;218750;Olival;0,2500;L;3,29;13,16;;;3,35;3859892751296;Kozmetika
PAŠTETA ARGETA ÈAJNA 95 g;218833;Argeta;0,0950;kg;1,49;15,68;;;1,39;3838471024365;Hrana
ŠTAPIÆI SALTAS KIKIRIKI 40 g;218837;Saltas;0,0400;kg;0,44;11,00;;;0,44;3856014114359;Hrana
BOMBONI M&M PEANUT 90 g;218851;M&M's;0,0900;kg;2,19;24,33;;;2,19;5900951247897;Hrana
BOMBONI M&M CHOCO 90 g;218853;M&M's;0,0900;kg;2,19;24,33;;;2,19;5900951247972;Hrana
LIKER DANA BOROVNIÈEVEC 0,7L;218952;;0,7000;l;8,19;11,70;;;9,02;3830000160155;Piæa
GAZIRANO PIÆE SPAR LEMON 0,5 L;219013;SPAR;0,5000;l;,69;1,38;;;0,88;9100000044286;Piæa
BOJA PALETTE KO.ICC TAM.ÈOK.W2;219035;Palette;1,0000;kom;4,25;4,25;;;4,25;9000100883085;Kozmetika
BOJA PALETTE ICC TAMNPL.N5;219036;Palette;1,0000;kom;4,25;4,25;;;4,25;3838824159577;Kozmetika
ŠAMP.PALMOLIVE BEAUTY 350 ml;219042;Palmolive;0,3500;L;3,89;11,11;;;3,89;8714789880525;Kozmetika
SRE.ZA UKL.KAMENCA KH-7 750 ml;219045;KH 7;0,7500;L;;4,65;3,49;6,09;4,95;8420822116543;Sredstva za èišæenje
ODSTRANJ.MRLJA KH-7 750 ml;219047;KH 7;0,7500;L;;5,67;4,25;6,99;5,45;8420822115799;Sredstva za èišæenje
BIO JABUKA NATUR PUR 700 g;219079;SPAR Natur*pur;0,7000;kg;2,29;3,27;;;1,89;9101169053263;Hrana
MAJONEZA ÈILI ZVIJEZDA 400 g;219276;Zvijezda;0,4000;kg;4,49;11,23;;;4,49;3856015307873;Hrana
BOJA ZA KOSU SYOSS OLEO 6-80;219324;Syoss;1,0000;kom;6,49;6,49;;;6,49;9000100840897;Kozmetika
ŽIT.NESTLE ÈOKO.LOPTICE 625 g;219347;Nestle;0,6250;kg;6,29;10,06;;;6,29;5900020021311;Hrana
ÈIPS DESPAR SLANI 450g;219532;Despar;0,4500;kg;;6,64;2,99;3,99;1,06;8001300761624;Hrana
JOGURT NATUR DUKATOS 450 g;219539;Dukat;0,4500;kg;2,69;5,98;;;2,59;3850354010784;Hrana
PIVO BLACK RADLER 0,5 L LIM;219546;Osjecko;0,5000;l;1,52;3,04;;;1,52;3858895010010;Piæa
ODSTRANJ.MRLJA VANISH 200 ml;219547;Vanish;0,2000;L;7,99;39,95;;;7,99;5999109563385;Sredstva za èišæenje
BOJA ZA KOSU PALETTE PNC 765;219564;Palette;1,0000;kom;3,89;3,89;;;3,89;9000100886383;Kozmetika
PATRONE WILKINSON QUA.SEN.4/1;219565;Wilkinson;4,0000;kom;13,99;3,50;;;13,99;4027800509805;Kozmetika
BRIJAÈ WILKINSON QUAT.+1PATRO.;219566;Quattro;1,0000;kom;7,79;7,79;;;7,79;4027800205707;Kozmetika
BRITVICE WILKINSON EXT.3 1/1;219567;Wilkinson;1,0000;kom;1,39;1,39;;;1,39;4027800704224;Kozmetika
SP REFIL ZA BRISAÈ PODA 15615;219582;Splendid;1,0000;kom;2,79;2,79;;;2,79;9100000897974;Proizvodi za kuæanstvo
VREÆICA PEZ LICENCE 85 g;219584;Pez;0,0850;kg;3,69;43,41;;;3,69;9044400822320;Hrana
SP BRISAÈ PODA PLOSNATI 15617;219585;Splendid;1,0000;kom;11,99;11,99;;;11,99;9100000897912;Proizvodi za kuæanstvo
BOMBONI BEBETO SPAGHETTI 80 g;219587;Bebeto;0,0800;kg;0,99;12,38;;;0,99;8690146679615;Hrana
SP REFIL ZA BRISAÈ PODA 15618;219589;Splendid;1,0000;kom;5,29;5,29;;;5,29;9100000686608;Proizvodi za kuæanstvo
SP DRŠKA TELESKOPSKA 15628;219594;Splendid;1,0000;kom;3,99;3,99;;;3,99;9100000897936;Proizvodi za kuæanstvo
BU ÈETKA ZA WC 15630;219595;S-BUDGET;1,0000;kom;1,29;1,29;;;1,29;9100000686721;Proizvodi za kuæanstvo
JOG. GRÈ.TIP NATUR VILIK.150 g;219627;Z Bregov;0,1500;kg;0,99;6,60;;;0,99;3850108030242;Hrana
OSVJ.PROSTORA DESPAR 300 ml;219631;Despar;0,3000;L;1,69;5,63;;;1,69;8001300911463;Sredstva za èišæenje
Ananas jagoda;219640;SPAR enjoy;1,0000;kg;9,99;9,99;;;9,99;;Hrana
CROISSANT 7 DAY´S KAKAO 240g;219679;7 Day's;0,2400;kg;3,99;16,63;;;3,99;7622202049385;Hrana
SLAD.MINI QUATTR.CHOCOM.900 ml;219745;Ledo;0,9000;l;4,99;5,54;;;4,99;3850116036298;Hrana
ULJE BUÈINO EKO HLADNIÆ 250 ml;219777;Hladniæ;0,2500;L;8,49;33,96;;;8,49;3859888867031;Hrana
ULJE BUÈINO SALAT.HLADN.250 ml;219778;Hladniæ;0,2500;L;2,99;11,96;;;2,99;3859888867154;Hrana
ULJE BUÈINO HLADNIÆ 500 ml;219779;Hladniæ;0,5000;L;10,99;21,98;;;10,99;3859888867055;Hrana
KINDER BUENO MINI 108 g;219781;Kinder;0,1080;kg;3,79;35,09;;;3,39;8000500180709;Hrana
INS.KAVA JACOBS CRE.GOLD 200 g;219783;Jacobs;0,2000;kg;14,99;74,95;;;12,99;8711000521106;Piæa
INS.KAVA JACOBS CRE.GOLD 100 g;219784;Jacobs;0,1000;kg;8,89;88,90;;;7,69;8711000521137;Piæa
VL.MAR.VIOLETA BADEM 5X56/1;219794;Violeta;280,0000;kom;6,95;0,02;;;6,95;3870128009462;Toaletne potrepštine
SUŠILO ZA RUBLJE BALCONY 18m;219886;;1,0000;kom;22,99;22,99;;;22,99;8003186000507;Proizvodi za kuæanstvo
KREMA ZA DEPILAC.DESPAR 150 ml;219895;Despar;0,1500;L;2,19;14,60;;;2,12;8001300900634;Kozmetika
KLOPKA RAID ZA MRAVE 1/1;219912;Raid;1,0000;kom;4,19;4,19;;;4,19;5000204364293;Proizvodi za kuæanstvo
SIR MOZZA.MINI DI BUFALA 120 g;219947;SPAR PREMIUM;0,1200;kg;2,59;21,58;;;2,59;9100000086934;Hrana
BRILJANTIN SUBRINA 150 ml;219981;Subrina;0,1500;L;4,09;27,27;;;3,69;3838980606175;Kozmetika
KRUH PROTEINSKI 250 g;220084;Encian;0,2500;kg;3,29;13,16;;;3,30;4000446011376;Hrana
RAJÈICA PASIRANA MUTTI 400 g;220179;;0,4000;kg;1,99;4,98;;;1,99;8005110630408;Hrana
RAFFAELLO PIATTA 260 g;220182;Rafaello;0,2600;kg;;20,35;5,29;6,69;6,19;4008400180724;Hrana
ÈOKOL.KINDER BUENO WHITE 117 g;220183;Kinder;0,1170;kg;3,19;27,26;;;3,19;8000500121436;Hrana
JOGURT GRÈKI TIP GALOS 150 g;220184;Euro Milk;0,1500;kg;0,79;5,27;;;0,69;3859889770132;Hrana
LINO BABY KEKS 140 g;220195;Lino;0,1400;kg;1,69;12,07;;;1,79;3850104269219;Hrana
NAPITAK ALPRO LJEŠNJAK 1 L;220196;Alpro;1,0000;L;3,99;3,99;;;3,99;5411188110842;Piæa
NAPITAK ALPRO KOKOS 1 L;220199;Alpro;1,0000;L;3,79;3,79;;;2,39;5411188116592;Piæa
PAŠTETA OD TUNE AQ 95 g;220224;Adriatic Queen;0,0950;kg;2,39;25,16;;;2,39;3850160208016;Hrana
HRANA ZA PSE PED.JUN.4X100 g;220231;Pedigree;0,4000;kg;2,99;7,48;;;2,99;5900951319617;Proizvodi za kuæanstvo
KAVA BARCAFFE SELECTION 200 g;220353;Barcaffe;0,2000;kg;6,09;30,45;;;6,09;3838471021104;Piæa
JOG.CRN.RIBI/CIM.DUKATOS 150 g;220469;Dukat;0,1500;kg;;5,93;0,89;0,99;0,99;3850354010920;Hrana
JOGURT NARAN/CIM DUKATOS 150 g;220472;Dukat;0,1500;kg;;5,93;0,89;0,99;0,99;3850354010883;Hrana
MOZZARELLINE DESPAR 125 g;220503;Despar;0,1250;kg;1,79;14,32;;;1,69;9100000735238;Hrana
KREMA AGE SPECIALIST +45 50 ml;220523;LOREAL;0,0500;L;9,89;197,80;;;9,39;3600522550129;Kozmetika
KREMA AGE SPECIALIST +55 50 ml;220524;LOREAL;0,0500;L;9,89;197,80;;;9,39;3600522550204;Kozmetika
PAŠTETA LUBIN KOMARÈA AQ 95 g;220525;Adriatic Queen;0,0950;kg;2,14;22,53;;;2,14;3850160207019;Hrana
LAK ZA KOSU SYOSS 300 ml;220714;Syoss;0,3000;L;4,95;16,50;;;4,95;9000100854733;Kozmetika
GROŽÐE BIJELO 500 g;220716;;0,5000;kg;;3,18;1,59;1,89;2,39;8032140043823;Hrana
TIRAMISU DESPAR 2X90 g ;220744;Despar;0,1800;kg;1,99;11,06;;;1,99;9100000690919;Hrana
PAPRIKA S-BUDGET REZANA 670 g;220771;S-Budget;0,3500;kg;2,29;6,54;;;2,49;3858889118173;Hrana
EN.NAP.MONSTER ENERGY 0,5 L;220786;Monster;0,5000;l;1,95;3,90;;;1,95;5060166695279;Piæa
MARAM.VLAŽNE BECUTAN 4X72;220885;Becutan;288,0000;kom;6,79;0,02;;;6,79;5310001224103;Toaletne potrepštine
TJES.MARODI REZANCI USKI 400 g;220958;;0,4000;kg;2,59;6,48;;;2,91;3859888666016;Hrana
TJES.MARODI REZAN.ŠIROKI 400 g;220960;;0,4000;kg;2,59;6,48;;;2,59;3859888666023;Hrana
TJ.MAR.REZ.USKI PREMIUM 400 g;220964;;0,4000;kg;2,59;6,48;;;2,59;3859888666009;Hrana
TJES.MAROD.REZANCI VALOV.400 g;220968;;0,4000;kg;2,59;6,48;;;2,59;3859888666221;Hrana
TJES.MAROD.KRPICE VELIKE 400 g;220974;;0,4000;kg;2,59;6,48;;;2,91;3859888666283;Hrana
TJE.MARODI RIBANA KAŠICA 400 g;220977;;0,4000;kg;2,59;6,48;;;2,91;3859888666092;Hrana
TJES.MARODI USKI REZANCI 400 g;220979;;0,4000;kg;2,99;7,48;;;2,99;3859888666214;Hrana
TJE.MARODI RIBANA KAŠICA 400 g;220980;;0,4000;kg;2,99;7,48;;;2,99;3859888666238;Hrana
VINO BELJE CAB.SAUV.0,75 L;221006;;0,7500;l;8,29;11,05;;;8,29;3850257020484;Piæa
VINO BELJE MERLOT 1 L;221007;;1,0000;l;7,05;7,05;;;7,05;3850257020309;Piæa
ŽIT.NESTLE FITNESS CHOCO.375 g;221032;Nestle;0,3750;kg;4,99;13,31;;;4,69;7613034608598;Hrana
ŽIT.NESTLE FITNESS FRUIT.375 g;221033;Nestle;0,3750;kg;4,99;13,31;;;4,69;7613034608628;Hrana
PAŠT.ÈAJNA U OVITKU 100 g;221048;Gavrilovic;0,1000;kg;1,09;10,90;;;1,09;3858890203172;Hrana
KOBASICA TIROLSKA NAREZ. 125 g;221052;Gavrilovic;0,1250;kg;1,95;15,60;;;1,95;3858890203219;Hrana
ŠUNKA PUR.STANCIJA NAREZ.100 g;221053;Gavrilovic;0,1000;kg;2,29;22,90;;;1,99;3858890203295;Hrana
ŠUNKA U OVITKU NAREZAK 100 g;221056;Gavrilovic;0,1000;kg;2,09;20,90;;;2,09;3858890203110;Hrana
MORT.S GIOR. S MASL.NAR. 100 g;221057;Gavrilovic;0,1000;kg;1,99;19,90;;;2,15;3858890203257;Hrana
MORT. S GIORGIO NAREZAK 100 g;221058;Gavrilovic;0,1000;kg;1,99;19,90;;;2,15;3858890203271;Hrana
TRAKE LJEPLJIVE S BUDGET 1/1;221087;S-Budget;1,0000;kom;2,65;2,65;;;2,65;9100000799711;Proizvodi za kuæanstvo
TRAKE SKLOPIVE S BUDGET 1/1;221088;S-Budget;1,0000;kom;2,49;2,49;;;2,52;9100000799698;Proizvodi za kuæanstvo
MLIJ.DESERT NES.KEKS 4X100 g;221245;Nestle;0,4000;kg;3,19;7,98;;;3,19;7613034515643;Hrana
ÈAJ PODRAVKA UROSAL 30 g;221252;Podravka;0,0300;kg;1,26;42,00;;;1,26;3850104268007;Piæa
ŠTAPIÆI SALTAS KIKIRIKI 160 g ;221255;Saltas;0,1600;kg;1,34;8,38;;;1,34;3856014114205;Hrana
KOMPOT DESPAR MARELICA 410 g;221291;Despar;0,2350;kg;2,29;9,74;;;2,29;8001300291008;Hrana
KOMPOT DESPAR ANANAS KOL.565 g;221294;Despar;0,3400;kg;2,99;8,79;;;2,99;8001300291022;Hrana
LEÆA PODRAVKA 400 g;221346;Podravka;0,2400;kg;;5,88;1,41;1,89;1,79;3850104272356;Hrana
SLANUTAK PODRAVKA LIM. 400 g;221347;Podravka;0,2400;kg;;4,96;1,19;1,59;1,49;3850104272349;Hrana
PUCKETAV PRAH KIDS PUC PUC 5 g;221348;Cedevita;0,0050;kg;0,49;98,00;;;0,39;3850322009444;Hrana
PUCKETAV PRAH KIDS PUC PUC 5 g;221349;Cedevita;0,0050;kg;0,49;98,00;;;0,39;3850322009468;Hrana
BOMBONI ŠUMI FRU FRU 74 g;221501;Sumi;0,0740;kg;1,49;20,14;;;1,69;3838700040548;Hrana
VINO KOLARIÆ GRAŠEVINA 0,75 L;221625;;0,7500;l;7,79;10,39;;;7,79;3859889817141;Piæa
FLIPS TIP TOP CUBICS KETC.50 g;221628;Tip Top;0,0500;kg;0,89;17,80;;;1,09;3856021303708;Hrana
KARAMELA WERTHERS 80 g;221657;Werthers Original;0,0800;kg;1,25;15,63;;;1,25;4014400918106;Hrana
ESPRESSSO VENDI ANAMARIA 1 kg;221662;Anamarija;1,0000;kg;21,29;21,29;;;21,99;3858881771581;Piæa
PAŠTETA PODRAVKA  PIKANT 95 g;221672;Podravka;0,0950;kg;1,29;13,58;;;1,29;3858886469261;Hrana
MAJONEZA 50% MASTI SPAR 480 g;221673;SPAR;0,4800;kg;2,49;5,19;;;2,49;9100000028903;Hrana
Salata vege;221691;SPAR enjoy;1,0000;kg;7,99;7,99;;;7,99;;Hrana
GAZIRANO PIÆE COCA-COLA 0,33 L;221706;Coca-Cola;0,3300;L;1,08;3,27;;;1,08;5449000214911;Piæa
KORNETI 10/1 BELPROM ;221839;;1,0000;kom;0,89;0,89;;;0,89;3859892892999;Hrana
PUDING VANILI./ŠLAG SPAR 175 g;221903;Dukat;0,1750;kg;0,45;2,57;;;0,45;3856021223396;Hrana
SLANINA DOMAÆA DIMLJENA;221960;Dimmes;1,0000;kg;14,89;14,89;;;13,99;3859892362379;Hrana
DESERT MONTE SNACK ZOTT 29 g;222010;Zott;0,0290;kg;0,55;18,97;;;0,55;40338545;Hrana
ÈAJNI KOLUT. KAKAO KRAŠ 800 g;222012;Kraš;0,8000;kg;3,89;4,86;;;2,99;3850102012398;Hrana
MAR.LOVELY BALZAM 4SL 80/1 ;222014;Lovely;80,0000;kom;1,49;0,02;;;1,49;9100000786001;Toaletne potrepštine
MILERAM 21%MM EURO-MILK 200 g;222069;Euro Milk;0,2000;kg;1,15;5,75;;;1,15;3859889770323;Hrana
PIVO LOWENBRAU 0,5 L LIM;222151;Löwenbräu;0,5000;l;1,09;2,18;;;1,02;3850131004715;Piæa
SMOOTHIE MANGO/MARA+VODA 330 g;222153;SPAR enjoy;0,3300;kg;1,39;4,21;;;1,39;9100000758510;Piæa
VINO MADIRAZZA M-DINGAÈ 0,75 L;222158;;0,7500;l;14,99;19,99;;;13,99;3859889833530;Piæa
SIRNI NAMAZ DESPAR 200 g;222253;Despar;0,2000;kg;1,89;9,45;;;1,79;8001300651468;Hrana
SIR MOZZAR.SLICE DESPAR 150 g ;222254;Despar;0,1500;kg;2,19;14,60;;;1,99;8001300651420;Hrana
SIR FETA GRÈKA DESPAR 200 g;222286;Despar;0,2000;kg;3,59;17,95;;;3,79;8001300652922;Hrana
Kobasica s paprom;222308;Krainer;1,0000;kg;19,49;19,49;;;19,49;9004286490402;Hrana
Tlaèenica seljaèka;222312;Krainer;1,0000;kg;11,99;11,99;;;11,99;9004286420195;Hrana
SOK CRVENI MULTIVIT.HOHE C 1 L;222322;Hohes C;1,0000;l;;2,63;2,63;3,29;3,29;4045145828009;Piæa
MAÈJA HRANA KIT.GOV.POV.300 g ;222378;Kitekat;0,3000;kg;2,09;6,97;;;2,09;5900951248818;Proizvodi za kuæanstvo
HRANA ZA MAÈ.KIT.PIL.PO. 300 g;222379;Kitekat;0,3000;kg;2,09;6,97;;;2,09;5900951248481;Proizvodi za kuæanstvo
ÈOKOLADA DORINA KEKS 220 g;222397;Dorina;0,2200;kg;2,99;13,59;;;4,49;3850102516285;Hrana
MASLINE AGROSEV.CRNE BK.935 g ;222401;Agrosevilla;0,4550;kg;6,49;14,26;;;6,49;8410522004097;Hrana
VINO ENJINGI GRAŠ.NAV.È.0,75 L;222447;;0,7500;L;9,29;12,39;;;8,38;3859892375027;Piæa
LIZALICA ŽVAKA ÈUNGA LUN. 15 g;222461;Cunga Lunga;0,0150;kg;0,45;30,00;;;0,49;53101884;Hrana
LIZ.ÈUNGA LUNGA FACE2 8 g;222462;Cunga Lunga;0,0080;kg;0,39;48,75;;;0,39;5310089005380;Hrana
NAPOLITANKE VOÆNE KOCKE 180 g;222764;Koestlin;0,1800;kg;1,69;9,39;;;1,69;3856014114410;Hrana
NAPOL.VOÆNE KOCKE KOESTL.740 g;222777;Koestlin;0,7400;kg;3,99;5,39;;;3,89;3856014114946;Hrana
NAPOLITANKE ÈOK.KOESTLIN 740 g;222780;Koestlin;0,7400;kg;3,99;5,39;;;3,89;3856014115004;Hrana
NAPOL.VOÆNE KOCKE KOESTL.370 g;222790;Koestlin;0,3700;kg;2,09;5,65;;;2,79;3856014114595;Hrana
WHISKEY JACK D. HONEY 0,7 L;222791;;0,7000;l;25,19;35,99;;;25,02;5099873001370;Piæa
VINO CRNO 2 L KG PET;222792;;2,0000;L;3,39;1,70;;;3,39;3859891270064;Piæa
VINO  BIJELO 2 L KG PET;222793;;2,0000;L;3,39;1,70;;;3,39;3859891270026;Piæa
SRDELE SPAR BILJNO ULJE 105 g;222810;SPAR;0,1050;kg;1,09;10,38;;;1,09;3831115304106;Hrana
SRDELE SPAR BILJ.ULJE LI.105 g;222814;SPAR;0,1050;kg;1,49;14,19;;;1,29;3831115304113;Hrana
Voæna salata sa borovnicom;222817;SPAR enjoy;1,0000;kg;9,99;9,99;;;6,79;;Hrana
SRDELE S POVRÆEM SPAR 105 g;222818;SPAR;0,1050;kg;1,49;14,19;;;1,29;3831115304120;Hrana
ÈAJ SPAR ŠUMSKO VOÆE 20/1 60 g;222829;SPAR;0,0600;kg;1,79;29,83;;;1,69;9100100132722;Piæa
JUHA KREM BUND.PODRAVKA 72 g;222856;Podravka;0,0720;kg;1,59;22,08;;;1,59;3850104271533;Hrana
CEDEVITA NARANÈA 19 g;223066;Cedevita;0,0190;kg;0,69;36,32;;;0,59;3850322009284;Piæa
CEDEVITA LIMUN 19 g;223070;Cedevita;0,0190;kg;0,69;36,32;;;0,59;3850322009154;Piæa
ŽITARICE NESTLE LION 400 g;223101;Nestle;0,4000;kg;4,59;11,48;;;4,39;5900020019530;Hrana
ABRAZIVNO SRE.CIF LEMON 500 ml;223112;Cif;0,5000;L;;3,98;1,99;2,25;2,25;8712561552776;Sredstva za èišæenje
ABRAZIVNO SRE.CIF WHITE 500 ml;223116;Cif;0,5000;L;;3,98;1,99;2,25;2,29;8712561552905;Sredstva za èišæenje
ÈAJ BEBIVITA VOÆNI 200 g;223119;Bebivita;0,2000;kg;3,89;19,45;;;3,71;9007253102971;Piæa
ÈAJ BEBIVITA OD KOMORAÈA 200 g;223125;Bebivita;0,2000;kg;3,89;19,45;;;3,71;9007253102988;Piæa
MRKVA S BUDGET 1 kg;223145;S-BUDGET;1,0000;kg;1,19;1,19;;;1,49;3858889117916;Hrana
KEKS MILKA CAKE&CHOC 175 g;223148;Milka;0,1750;kg;3,39;19,37;;;3,39;7622210295965;Hrana
INSTANT KAVA JACOBS 3U1 152 g;223152;Jacobs;0,1520;kg;4,49;29,54;;;3,99;8711000532935;Piæa
DELKO S PAPRIKOM 250 g;223268;Cekin;0,2500;kg;2,19;8,76;;;2,19;3850159122088;Hrana
ŠUNKA PUREÆA DELUXE 100 g;223272;Vindon;0,1000;kg;2,59;25,90;;;2,59;3850159128813;Hrana
PILEÆA PRSA 100 g;223276;Cekin;0,1000;kg;2,19;21,90;;;2,19;3850159123306;Hrana
DIMCEK CEKIN 100 g;223285;Cekin;0,1000;kg;2,19;21,90;;;2,19;3850159123337;Hrana
TUNA RIO MARE NATURALE 160 g;223300;Rio Mare;0,1200;kg;3,89;32,42;;;3,89;8004030595033;Hrana
TUNA RIO MARE SUNC.ULJE 160 g;223303;Rio Mare;0,1200;kg;3,89;32,42;;;3,89;8004030595002;Hrana
KAP. DG ESPRESSO CORTA.100,8 g;223325;DOLCE GUSTO;0,1008;kg;5,49;54,46;;;6,49;7613032827014;Piæa
KIK.SPAR BEZ ULJA I SOLI 200 g;223331;SPAR;0,2000;kg;1,45;7,25;;;1,45;3830032303919;Hrana
SV.MARINIRANI KARE BK;223469;;1,0000;kg;9,29;9,29;;;9,49;3850139437072;Hrana
RAJÈICA CHERRY 250 g ;223497;;0,2500;kg;1,59;6,36;;;1,59;8436014826121;Hrana
HRANA ZA PSE FRIS.PILET.500 g;223512;Friskies;0,5000;kg;2,29;4,58;;;2,29;7613031397006;Proizvodi za kuæanstvo
POSL.ZA PSE FRIS.FUNTAS.175 g;223513;Purina;0,1750;kg;3,19;18,23;;;3,19;7613033444814;Proizvodi za kuæanstvo
POSL.ZA PSE FRIS.BEG.STR.120 g;223514;Purina;0,1200;kg;1,99;16,58;;;1,99;7613033445149;Proizvodi za kuæanstvo
POVRÆE ZA JUHU S BUDGET 500 g;223520;S-BUDGET;0,5000;kg;1,29;2,58;;;1,29;3858889117893;Hrana
ÈOK.ML.CILJ.LJEŠ.SPAR PR.180 g;223529;SPAR PREMIUM;0,1800;kg;3,99;22,17;;;2,49;9100000786308;Hrana
ÈOK.TAMNA CIJE. LJEŠNJAK 180 g;223531;SPAR PREMIUM;0,1800;kg;3,99;22,17;;;2,49;9100000786285;Hrana
Bio orada 300-600 g;223580;;1,0000;kg;11,49;11,49;;;10,99;3859892725822;Hrana
Teleæa koljenica s kosti;223608;;1,0000;kg;8,99;8,99;;;8,99;3859892958824;Hrana
Teleæa leða s kosti;223610;;1,0000;kg;14,49;14,49;;;11,99;3859892958794;Hrana
RAKIJA ZVEÈ. VOÆ.ŠLJIVA 0,7 L;223615;;0,7000;L;12,42;17,74;;;11,99;3858894170128;Piæa
RAKIJA ZVEÈEVO TRAVARICA 0,7 L;223625;;0,7000;L;9,32;13,31;;;9,32;3858894170265;Piæa
LIKER ZVEÈEVO ORAH 0,7 L;223626;;0,7000;L;9,19;13,13;;;8,89;3858894170586;Piæa
LIKER ZVEÈEVO MEDICA 0,7 L;223628;;0,7000;l;8,79;12,56;;;9,59;3858894170340;Piæa
LIKER ZVEÈEVO VIŠNJA 0,7 L;223638;;0,7000;L;9,59;13,70;;;9,89;3858894171569;Piæa
RAKIJA ZVEÈEVO VILJAMOV.0,7 L ;223641;;0,7000;l;18,49;26,41;;;20,99;3858894170005;Piæa
Teleæi but bez kosti;223690;;1,0000;kg;18,29;18,29;;;17,99;3859892958770;Hrana
ÈAJ BEBI.JABUKA/MATIÈNJ.200 g;223775;Bebivita;0,2000;kg;3,89;19,45;;;3,71;9007253102964;Piæa
MEKSIÈKI ÈILI GRAH SPAR 410 g;223821;SPAR;0,4100;kg;2,49;6,07;;;2,49;8710671149251;Hrana
SOK NARAN.S KOM.VOÆA SPAR 1 L ;223869;SPAR;1,0000;L;3,39;3,39;;;3,39;9100000034843;Piæa
LOS.AFRODITA HYALURON 250 ml;223883;Afrodita;0,2500;L;5,99;23,96;;;5,99;3831070650652;Kozmetika
LJEŠNJACI SPAR KROKANT 100 g;223927;SPAR;0,1000;kg;;11,10;1,11;1,59;1,59;9100000787244;Hrana
ŠEÆER SMEÐI S-BUDGET 1 kg;223928;S-BUDGET;1,0000;kg;1,99;1,99;;;2,39;9100000690582;Hrana
TEMELJAC SPAR ZA PEÈENJE 69 g;223929;SPAR marka kvalitete;0,0690;kg;0,99;14,35;;;0,99;9100000784342;Hrana
TEMELJAC SPAR ZA GULAŠ 69 g;223930;SPAR marka kvalitete;0,0690;kg;0,99;14,35;;;0,99;9100000784328;Hrana
VL.MARAM.PRETTY BABY 20/1;223941;Pretty Baby;20,0000;kom;0,85;0,04;;;0,85;9100000947099;Toaletne potrepštine
VL.MAR.PRETTY BABY 4X80;223946;Pretty Baby;320,0000;kom;5,35;0,02;;;5,35;9100000947112;Toaletne potrepštine
SRED.ARF GRILL 650 ml;224017;Arf;0,6500;L;3,29;5,06;;;3,29;3850105149961;Sredstva za èišæenje
AFTER SHAVE DENIM GOLD 100 ml;224026;Denim;0,1000;L;5,79;57,90;;;6,15;8008970037189;Kozmetika
SRED.FROSCH ZA DR.POVRŠ.750 ml;224030;Frosch;0,7500;L;3,98;5,31;;;3,98;4001499921629;Sredstva za èišæenje
ODSTRA.LAKA BEAUTY KISS 150 ml;224050;Beauty Kiss;0,1500;L;1,19;7,93;;;1,19;9100000789699;Kozmetika
ODSTRA.LAKA BEAUTY KISS 150 ml;224051;Beauty Kiss;0,1500;L;1,19;7,93;;;1,19;9100000789675;Kozmetika
KEKS DESPAR FROLLI. VOÆE 250 g;224087;Despar;0,2500;kg;1,49;5,96;;;1,49;8001300802327;Hrana
HRANA ZA MAÈKE MOLLY 12X100 g;224094;Molly;1,2000;kg;4,99;4,16;;;4,99;9100000773773;Proizvodi za kuæanstvo
HRANA  ZA MAÈKE MOLLY 4X100 g;224098;Molly;0,4000;kg;1,99;4,98;;;1,99;9100000773759;Proizvodi za kuæanstvo
HRANA ZA PSE SCOTTY GOV.150 g;224100;Scotty;0,1500;kg;,69;4,60;;;0,69;9100000098630;Proizvodi za kuæanstvo
HRANA ZA PSE SCOTTY JANJ.150 g;224104;Scotty;0,1500;kg;,69;4,60;;;0,69;9100000098586;Proizvodi za kuæanstvo
SIR TOPLJENI DIMLJENJAK 140 g ;224109;Zdenka;0,1400;kg;2,19;15,64;;;2,25;3858888595609;Hrana
SIR TOPLJENI MEDITERAN 140 g ;224114;Zdenka;0,1400;kg;2,19;15,64;;;2,25;3858888595616;Hrana
HRANA ZA PSE SCOTTY ACT.300 g;224176;Scotty;0,3000;kg;1,29;4,30;;;1,29;9100000690209;Proizvodi za kuæanstvo
JUHA KREM BROK.CVJ.66 g;224179;Podravka;0,0660;kg;1,59;24,09;;;1,59;3850104271564;Hrana
BAZA BAT.AIRWICK W.FLOW.250 ml;224180;Airwick;0,2500;L;10,99;43,96;;;10,99;5999109542083;Sredstva za èišæenje
JUHA KREM GLJIV.S MASL.63 g;224182;Podravka;0,0630;kg;1,59;25,24;;;1,59;3850104271540;Hrana
BRANCIN DIMLJENI FILET 100 g;224210;Cromaris;0,1000;kg;5,39;53,90;;;4,37;3858890596205;Hrana
BU SET UNIVER KRPA 30X40cm 5/1;224221;S-BUDGET;5,0000;kom;4,99;1,00;;;4,99;3856021215902;Proizvodi za kuæanstvo
NAMAZ VEGGIE TRIO ORIENT.210 g;224225;SPAR Veggie;0,2100;kg;2,29;10,90;;;2,29;9100000691299;Hrana
ZOB.PAH.BRUGGEN CIJELE 500 g;224229;Bruggen;0,5000;kg;1,49;2,98;;;1,49;4008713713947;Hrana
MAR.ZA ÈIŠ.L.BEAUTY KISS 25/1;224247;Beauty Kiss;25,0000;kom;0,79;0,03;;;0,89;9100000056739;Kozmetika
KRUH DESPAR INTEGRALNI 400 g;224256;Despar;0,4000;kg;1,29;3,23;;;1,39;8001300701071;Hrana
BRISAÈ PODA PLOSNATI;224272;;1,0000;kom;;7,89;7,89;8,19;8,19;8009986010845;Proizvodi za kuæanstvo
REFIL ZA BRISAÈ PODA ;224274;;1,0000;kom;;3,89;3,89;4,49;4,49;8009986011057;Proizvodi za kuæanstvo
SET MINI ÈAROBNIH KRPA 5/1;224277;;5,0000;kom;3,29;0,66;;;3,29;8009986009757;Proizvodi za kuæanstvo
JUHA DALMATINSKA PODRAV.3x60 g;224348;;0,1800;kg;1,98;11,00;;;2,49;3850104272967;Hrana
DO.JEL.FAN.ZA FINA VAR.PO.40 g;224365;;0,0400;kg;1,39;34,75;;;1,39;3850104271458;Hrana
KONC.RAJÈICE TUBA PODRAV.300 g;224382;Podravka;0,3000;kg;3,29;10,97;;;3,29;3850104268533;Hrana
GRIS LINO VREÆICA PODRAV.400 g;224387;Podravka;0,4000;kg;1,49;3,73;;;1,29;3850104268540;Hrana
KRASTAVCI DOORA DELIKAT.1580 g;224389;Doora;0,8500;kg;6,99;8,22;;;9,59;3858894540952;Hrana
SIRUP AGAVA SUNNY V.350 g;224435;;0,3500;kg;6,99;19,97;;;7,95;3088543506255;Hrana
BOMB. MENTOL CRNI KANDIT 100 g;224541;Kandit;0,1000;kg;0,85;8,50;;;0,85;3858881048508;Hrana
UMAK TABASCO HAB.LJUTI 60 ml;224564;;0,0600;l;5,7;95,00;;;5,7;0011210006508;Hrana
CAP.ANAMARIA IRISH CREAM 200 g;224569;Anamarija;0,2000;kg;2,49;12,45;;;2,59;3858881774308;Piæa
KRUMPIR S BUDGET 5 kg;224649;S-BUDGET;5,0000;kg;3,99;0,80;;;3,99;3858889118197;Hrana
INSTANT KAVA JACOBS 3U1 15,2 g;224726;Jacobs;0,0152;kg;0,45;29,61;;;0,45;8711000533086;Piæa
MLIJ.TRAJ.FRE.FROM 1,5 M.M 1 L;224739;SPAR free from;1,0000;L;1,55;1,55;;;1,45;3831115337685;Hrana
BUÐOLA ANDRO NAREZAK 100 g;224746;Andro;0,1000;kg;3,18;31,80;;;3,18;3859892331429;Hrana
DN.ULOŠ.LIBRESSE MULTISTY.30/1;224747;Libresse;30,0000;kom;1,59;0,05;;;1,49;7322540678642;Toaletne potrepštine
KETCHUP PODRAVKA BLAGI 500 g ;224749;Podravka;0,5000;kg;1,99;3,98;;;1,99;3850104268731;Hrana
KETCHUP PODRAVKA LJUTI 500 g;224750;Podravka;0,5000;kg;1,99;3,98;;;1,99;3850104268915;Hrana
PAPRIKA KOT.S AROMOM DIMA 25 g;224752;;0,0250;kg;0,99;39,60;;;0,99;9001414019269;Hrana
ŠEÆER KOKOS ENCIAN 200 g;224754;Encian;0,2000;kg;4,29;21,45;;;4,29;3858890100723;Hrana
MINI MUFFIN DR.OETKER 250 g;224755;Dr. Oetker;0,2500;kg;;11,96;2,99;3,99;3,99;5997381353960;Hrana
SMJ.ZA BRZO OMEKŠ.MESA 131 g;224764;;0,1310;kg;2,09;15,95;;;2,09;9001414240168;Hrana
ZAÈIN KURKUMA KOTANYI 190 g;224767;;0,1900;kg;8,19;43,11;;;7,79;9001414573396;Hrana
MASLAC DUKAT I. KLASA 125 g;224842;Dukat;0,1250;kg;2,49;19,92;;;2,49;3850355003969;Hrana
ÈOKOLADA TOBLERONE DARK 100 g;224861;Toblerone;0,1000;kg;;22,90;2,29;2,99;2,99;7614500010617;Hrana
VINO LAGUNA ROSE 0,75 L;224926;;0,7500;l;6,25;8,33;;;6,19;3858881190221;Piæa
Brancin oèišæeni L 250-330 g;224954;;1,0000;kg;12,89;12,89;;;11,69;3858890591385;Hrana
Orada oèišæena L 250-330 g;224955;;1,0000;kg;12,59;12,59;;;12,59;3858890591538;Hrana
SOL ADRIA.SITNA MORSKA 250 g;224998;;0,2500;kg;1,39;5,56;;;1,39;3859888595644;Hrana
SOL ADRIA.SITNA MORSKA 500 g ;224999;;0,5000;kg;0,99;1,98;;;0,99;3859888595651;Hrana
SOL ADRIATIQ SITNA MORSKA 1 kg;225000;;1,0000;kg;0,99;0,99;;;0,99;3859888595118;Hrana
PAPRIKA CHILLY MIX 75 g;225001;;0,0750;kg;1,79;23,87;;;1,79;3859891295937;Hrana
SOL ADRIATIQ KRUP.MORSKA 1 kg;225002;;1,0000;kg;0,99;0,99;;;0,99;3859888595101;Hrana
SOL ADRIATIQ KRUP.MORSKA 500 g;225003;;0,5000;kg;0,99;1,98;;;0,99;3859888595668;Hrana
KRASTAVCI PODRAVKA KLAS.660 g;225055;Podravka;0,3300;kg;2,69;8,15;;;2,49;3850104273957;Hrana
BRANDY 5 METAXA 0,7 L;225075;;0,7000;l;13,59;19,41;;;13,32;5202795120054;Piæa
LAK TAFT PERFECT FLEX  250 ml;225118;Taft;0,2500;L;3,55;14,20;;;2,99;9000100909778;Kozmetika
LAK SYOSS FULL HAIR 300 ml;225120;Syoss;0,3000;L;;8,17;2,45;4,95;4,95;9000100906241;Kozmetika
SAP.TEK.DESPAR XME NEUTRO 1 L;225147;Despar;1,0000;L;2,25;2,25;;;1,79;8001300900412;Kozmetika
SAP.TEK.DESPAR XME A.VERA 1 L;225148;Despar;1,0000;L;2,25;2,25;;;1,79;8001300901143;Kozmetika
EN.NAP.MONSTER ROSSI 0,5 L;225260;Monster;0,5000;l;1,95;3,90;;;1,95;5060335633132;Piæa
PAŠTETA ARGETA ÈAJNA 3X95 g;225295;Argeta;0,2850;kg;4,35;15,26;;;3,19;3838471027946;Hrana
SARDINA S-B BILJ.ULJE LI.125 g;225334;S-Budget;0,0900;kg;1,29;14,33;;;1,29;3831115304359;Hrana
SARDINA S-BUD.SUNC.ULJE 125 g;225338;S-Budget;0,0900;kg;1,04;11,56;;;1,29;3831115304342;Hrana
Zimska voæna salata;225414;SPAR enjoy;1,0000;kg;7,99;7,99;;;7,49;;Hrana
SET KRPA ZA POD 50X40cm 2/1;225424;;2,0000;kom;2,79;1,40;;;2,79;8009986011835;Proizvodi za kuæanstvo
SIR TILZIT MAP 150 g;225498;Vindija;0,1500;kg;2,99;19,93;;;2,99;3850108053913;Hrana
SIR GRANA PADANO 200 g ZARPEL.;225514;Zarpello;0,2000;kg;6,69;33,45;;;6,63;8002226006837;Hrana
PŠENIÈNE POSIJE 250 g ENCIAN;225539;Encian;0,2500;kg;2,79;11,16;;;2,49;3858890102963;Hrana
MAGNEZIJ KLORID ENCIAN 200 g;225540;Encian;0,2000;kg;2,65;13,25;;;2,65;3858890100754;Hrana
DESERT KINDER MAXI KING 3x35 g;225545;Kinder;0,1050;kg;2,39;22,76;;;2,19;4008400551920;Hrana
AJVAR S-BUDGET LJUTI 680 g;225578;S-Budget;0,6800;kg;2,79;4,10;;;2,79;3858889118753;Hrana
BIO KRUMPIR NP 1 kg;225771;SPAR Natur*pur;1,0000;kg;2,29;2,29;;;1,79;3858889118654;Hrana
PAPRI.SA SKUTOM SIR.GLI.190 g;225772;Sirana Gligora;0,1000;kg;6,09;60,90;;;5,89;3859891864799;Hrana
Kobasica èajna Rozeto;225778;Rozeto;1,0000;kg;12,99;12,99;;;17,79;3850281931725;Hrana
FEFERONI S-BUDGET LJUTI 600 g;225798;S-Budget;0,3000;kg;2,49;8,30;;;3,09;3858889118814;Hrana
PAPRIKA S-BUDGET REZ.CRV.670 g;225800;S-Budget;0,3500;kg;2,89;8,26;;;2,39;3858889118838;Hrana
GLJIVE PREMIUM MIJEŠ.VRG.280 g;225803;SPAR PREMIUM;0,2800;kg;3,99;14,25;;;3,99;8001300235187;Hrana
TUNA PREMIUM MASL.ULJE 125 g;225808;SPAR PREMIUM;0,1250;kg;4,19;33,52;;;4,19;8001300285250;Hrana
TJES.PREMIUM PACCHERI 500 g;225904;Premium;0,5000;kg;2,29;4,58;;;2,25;8001300401308;Hrana
SIR S TARTUF.ZDEN.SLICE 100 g;225940;Zdenka;0,1000;kg;2,49;24,90;;;2,49;3858888595357;Hrana
LOSOS DIVLJI DIM.PREMIUM 80 g ;225965;SPAR PREMIUM;0,0800;kg;6,49;81,13;;;6,49;8001300620938;Hrana
LISTOVI ZA SAV.INTE.BRAŠ.400 g;225985;Clarum;0,4000;kg;1,79;4,48;;;1,79;3859888231986;Hrana
ÆEVAPÈIÆI S-BUDGET 900 g;226038;S-BUDGET;0,9000;kg;6,49;7,21;;;5,99;3856021206320;Hrana
OSVJ.PROSTORA BIS FLOR.400 ml;226098;Bis;0,4000;L;4,19;10,48;;;4,19;3850105150202;Sredstva za èišæenje
KVASAC DOLCELA SUHI 7 g(4+1);226247;Podravka;0,0280;kg;1,64;58,57;;;2,19;3850104266577;Hrana
ZUB.PAS.KALODONT MICROG.125 ml;226268;Kalodont;0,1250;L;;16,72;2,09;2,49;2,49;3850105145574;Kozmetika
MICELARNA OTOPI. SMILJE 500 ml;226284;Olival;0,5000;L;6,99;13,98;;;6,63;3859892751449;Kozmetika
HAMBURGER PIK 350 g;226295;Pik;0,3500;kg;6,49;18,54;;;6,59;3850139051353;Hrana
Peèenica dalmatinska Pivac ;226420;Pivac;1,0000;kg;20,59;20,59;;;19,79;3858890182088;Hrana
KAŠICA BEBIV.JAB.BAN.BOR.90 g;226427;Bebivita;0,0900;kg;1,09;12,11;;;1,1;4018852035145;Hrana
SUŠILO ZA RUBLJE ZA TUŠ KABINU;226451;;1,0000;kom;37,99;37,99;;;37,99;8016754000229;Proizvodi za kuæanstvo
SOK SPAR 100% RAJÈICA 1 L;226462;SPAR;1,0000;L;;1,19;1,19;1,49;1,59;9100000726595;Piæa
VOÆ SOK JABUKA BISTRI 3 L BIB;226471;Ekskluzivno za SPAR;3,0000;l;5,99;2,00;;;5,99;3859892823078;Piæa
OVRATNIK NYLON FY ZA MAÈKE;226529;Vitakraft;1,0000;kom;3,99;3,99;;;4,24;4008239286468;Proizvodi za kuæanstvo
POSLAS.ZA PSE BEEF-STICK 24 g;226531;Vitakraft;0,0240;kg;1,39;57,92;;;1,39;4008239155511;Proizvodi za kuæanstvo
SIRNI NAMAZ ABC BA.KULEN 100 g;226707;Belje;0,1000;kg;1,15;11,50;;;1,39;3859888858855;Hrana
BRIT.INDOR JEDN.MUŠ. 3 OŠT.3/1;226765;Indor;3,0000;kom;1,79;0,60;;;1,79;3858885845721;Kozmetika
JUHA DOMAÆA PODRAVKA 46 g ;226772;;0,0460;kg;0,89;19,35;;;0,89;3850104266737;Hrana
JUHA BISTRA S TJEST.PODRA.45 g;226773;;0,0450;kg;0,89;19,78;;;0,89;3850104270185;Hrana
ÈAJ TEEKANNE DETOX & SLIM 32 g;226775;Teekanne;0,0320;kg;2,49;77,81;;;2,49;5901086046799;Piæa
ÈAJ TEEKANNE FIT & SLIM 32 g;226776;Teekanne;0,0320;kg;2,49;77,81;;;2,49;5901086046775;Piæa
ÈAJ TEEKANNE ZEL.ÐUM.LIM.35 g;226777;Teekanne;0,0350;kg;2,05;58,57;;;2,05;5901086002658;Piæa
JUHA BAKINA PODRAVKA 46 g ;226779;;0,0460;kg;0,89;19,35;;;0,89;3850104266720;Hrana
JUHA-KOCKA KRALJEVSKA PO.120 g;226803;;0,1200;kg;2,19;18,25;;;2,19;3850104274008;Hrana
JUHA-KOCKA POVRT.PODRAV.120 g;226820;Podravka;0,1200;kg;2,19;18,25;;;2,19;3850104274015;Hrana
PARIZER PIKO S POVRÆEM 200 g;226886;Piko;0,2000;kg;2,85;14,25;;;2,85;3850139172003;Hrana
POSL.MAÈKE DREAMIES GOV.60 g;226902;Dreamies;0,0600;kg;1,79;29,83;;;1,79;5998749130957;Proizvodi za kuæanstvo
POSL.MAÈKE DREAMIES SIR 60 g;226903;Dreamies;0,0600;kg;1,79;29,83;;;1,79;5998749130971;Proizvodi za kuæanstvo
POSL.MAÈKE DREAMIES PIL.60 g;226905;Dreamies;0,0600;kg;1,79;29,83;;;1,79;5998749130919;Proizvodi za kuæanstvo
POSL.MAÈKE DREAMIES LOS.60 g;226907;Dreamies;0,0600;kg;1,79;29,83;;;1,79;5998749130933;Proizvodi za kuæanstvo
POSL.ZA PSE TREAT.BITS 120 g;226911;Vitakraft;0,1200;kg;3,09;25,75;;;3,05;4008239367211;Proizvodi za kuæanstvo
NAPITAK ALPRO KOKOS BADEM 1 L;226914;Alpro;1,0000;l;3,79;3,79;;;2,39;5411188118732;Piæa
BEAUTY KISS LIP BALM PEA.4,8 g;226956;Beauty Kiss;1,0000;kom;0,95;0,95;;;0,95;9100000985619;Kozmetika
SALATA SPAR MATOVILAC 100 g;227078;SPAR marka kvalitete;0,1000;kg;1,29;12,90;;;1,39;3858889118876;Hrana
SALATA SPAR RUKOLA 100 g;227079;SPAR marka kvalitete;0,1000;kg;1,19;11,90;;;1,29;3858889118852;Hrana
SALATA SPAR MATOV./RADIÈ 150 g;227082;SPAR marka kvalitete;0,1500;kg;1,59;10,60;;;1,59;3858889118951;Hrana
SALATA SPAR ŠARENI DUO 200 g;227083;SPAR marka kvalitete;0,2000;kg;1,59;7,95;;;1,59;3858889118913;Hrana
SALATA SPAR BABY ŠPINAT 100 g;227084;SPAR marka kvalitete;0,1000;kg;1,39;13,90;;;1,39;3858889118890;Hrana
SAL.SPAR GURMANSKA MJEŠ.150 g;227085;SPAR marka kvalitete;0,1500;kg;1,39;9,27;;;1,39;3858889118999;Hrana
VINO ENJIN.CR.VENJE KB 0,75 L;227131;;0,7500;l;18,79;25,05;;;18,52;3859892375133;Piæa
BIO KLEMENTINA NATUR PUR 750 g;227174;SPAR Natur*pur;0,7500;kg;2,19;2,92;;;2,19;8412345875892;Hrana
DATULJA NATURA VAKUM 200 g;227175;Natura;0,2000;kg;1,35;6,75;;;1,35;3859892798024;Hrana
BOMBONI RICOLA BRUSNICA 40 g;227195;Ricola;0,0400;kg;1,59;39,75;;;1,59;7610700003862;Hrana
VRH.ZA KUHANJ.20%MM SPAR 500 g;227197;SPAR;0,5000;kg;2,49;4,98;;;2,49;3830053562951;Hrana
DŽEM DOORA MARELICA EXTR.350 g;227201;Doora;0,3500;kg;4,19;11,97;;;4,19;3858894540556;Hrana
TJES.ZLATO POLJE FUSSILI 500 g;227232;Zlato Polje;0,5000;kg;1,99;3,98;;;1,99;3838700010411;Hrana
TJES.ZL.POLJE ŠIR.REZANC 400 g;227243;Zlato Polje;0,4000;kg;2,79;6,98;;;2,79;3838700011470;Hrana
TJES.ZL.POLJ.RIBANA KAŠA 500 g;227256;Zlato Polje;0,5000;kg;2,69;5,38;;;2,39;3838700016567;Hrana
TJES.ZL.POLJE REZA.KUKUR.400 g;227261;Zlato Polje;0,4000;kg;2,79;6,98;;;2,79;3838700015669;Hrana
SIR MOZZ.DI BUF.FRANCIA 125 g ;227294;;0,1250;kg;3,29;26,32;;;3,29;8011613000778;Hrana
PIVO KARLOVAÈKO CRNO 0,5 L LIM;227301;Karlovacko;0,5000;l;1,65;3,30;;;1,49;3850103005511;Piæa
KOKOSOVA MAST SPAR 200 g;227313;SPAR;0,2000;kg;2,29;11,45;;;1,79;3831115303550;Hrana
DŽEM DOORA JAGODA EXTRA 350 g;227439;Doora;0,3500;kg;4,19;11,97;;;4,19;3858894540587;Hrana
SIR BOVI FRESH SVJE.KRAV.280 g;227448;Vindija;0,2800;kg;3,39;12,11;;;3,39;3850108058581;Hrana
RIŽIN PROIZ.ZA KUH.ALP.0,25 L;227464;Alpro;0,2500;l;2,59;10,36;;;2,59;5411188120988;Piæa
ULJE OD KOKO.BIO ENCIAN 200 ml;227465;Encian;0,2000;L;5,29;26,45;;;4,29;3858890100761;Hrana
KAPSULE ESENC.VITAMIN C 30/1 ;227473;Encian;30,0000;kom;4,79;0,16;;;4,79;3858890100594;Hrana
KAPSULE ESENC.B-KOMPLEKS 30/1 ;227474;Encian;30,0000;kom;3,79;0,13;;;3,79;3858890100617;Hrana
KAPSULE ESENC.VITAMIN D 30/1 ;227486;Encian;30,0000;kom;4,19;0,14;;;4,19;3858890100631;Hrana
KAPS.ESEN.VITAMIN C+CINK 30/1 ;227488;Encian;30,0000;kom;4,99;0,17;;;4,99;3858890100600;Hrana
KAPSULE ESENCIA ARTIÈOKA 8/1;227495;Encian;8,0000;kom;3,59;0,45;;;3,59;3858890100679;Hrana
VINO VRH.PLAVAC MAESTR.0,75 L;227498;;0,7500;l;19,99;26,65;;;17,59;3859892748012;Piæa
POKLON PAKET ZIGANTE;227621;Zigante;1,0000;kom;15,99;15,99;;;15,99;3859892799175;Hrana
SP VALJAK ZA ÈIŠÆENJE ODJEÆE ;227635;Splendid;1,0000;kom;1,89;1,89;;;1,89;9100000686493;Proizvodi za kuæanstvo
SP REZERVNI VALJAK ZA ODJEÆU ;227654;Splendid;2,0000;kom;0,99;0,50;;;0,99;9100000686516;Proizvodi za kuæanstvo
COCTAIL CRVENO VOÆE 1 L;227682;;1,0000;l;1,19;1,19;;;1,35;3850108077056;Piæa
JOG.ACTIMEL KIDS JAG/B.4x100 g;227741;Danone;0,4000;kg;2,69;6,73;;;2,49;5997536134314;Hrana
VRHNJE KISELO 12%MM SPAR 900 g;227742;SPAR;0,9000;kg;3,19;3,54;;;3,19;3858889118449;Hrana
REFIL GLADE AUT RELAXIN.269 ml;227893;Glade;0,2690;L;7,05;26,21;;;8,69;5000204301694;Sredstva za èišæenje
REFIL GLADE AUT JASMIN 269 ml;227894;Glade;0,2690;L;6,09;22,64;;;7,49;5000204301038;Sredstva za èišæenje
REFIL GLADE AUT JASMIN 269 ml;227895;Glade;0,2690;L;7,05;26,21;;;8,69;5000204300949;Sredstva za èišæenje
BAZA GLADE AUT JASMIN 269 ml;227897;Glade;0,2690;L;10,19;37,88;;;11,99;5000204347197;Sredstva za èišæenje
SIR SCAMORZA DIM.DESPAR 250 g;227899;Despar;0,2500;kg;3,29;13,16;;;3,29;8001300651390;Hrana
BAZA GLADE AUT RELAXING 269 ml;227900;Glade;0,2690;L;8,69;32,30;;;10,79;5000204347166;Sredstva za èišæenje
Svinjska klasièna polovica HR;227904;;1,0000;kg;3,69;3,69;;;3,99;3850139430912;Hrana
VINO MARSALA SWEET 0,75 L;227921;;0,7500;l;15,62;20,83;;;15,62;8009495203752;Piæa
VINO CHIAN.FIAS.LA CACC.0,75 L;227922;;0,7500;l;11,99;15,99;;;10,78;8004300028919;Piæa
VINO KORLAT MERLOT 0,75 L;227959;;0,7500;l;16,02;21,36;;;16,02;3850112170538;Piæa
VINO KORLAT CAB.SAUVIG.0,75 L;227963;;0,7500;l;16,02;21,36;;;16,02;3850112170552;Piæa
VINO KORLAT SYRAH 0,75 L;227964;;0,7500;l;16,02;21,36;;;16,02;3850112170545;Piæa
Kulen ravni;228028;Ravliæ;1,0000;kg;20,29;20,29;;;16,99;3859892966119;Hrana
BIO BROKULA NATUR PUR 500 g;228038;SPAR Natur*pur;0,5000;kg;1,99;3,98;;;1,99;8437014865646;Hrana
TUNA GIANA KOM.BILJ.ULJE 185 g;228060;Giana;0,1300;kg;2,99;23,00;;;2,99;8594012790513;Hrana
TUNA SALATA GIANA MEXICO 185 g;228061;Giana;0,1850;kg;2,39;12,92;;;2,39;8594012793378;Hrana
SARDINA GIANA SUNC.ULJE 125 g;228062;Giana;0,0900;kg;1,59;17,67;;;1,59;8594012792104;Hrana
TUNA FJK ODREZ.SUN.ULJE 170 g;228064;Franz Jozef Kaiser;0,1200;kg;;19,25;2,31;2,89;2,89;8594012796515;Hrana
ULJE MEDITERAN ZVIJEZDA 1 L;228176;Zvijezda;1,0000;L;3,19;3,19;;;3,19;3856015309273;Hrana
ÈAJ LEMON&GINGER AHMAD 40 g;228194;Ahmad;0,0400;kg;3,05;76,25;;;3,05;0054881000208;Piæa
ÈAJ ROOIB.&CINNAMON AHMAD 30 g;228196;Ahmad;0,0300;kg;2,65;88,33;;;2,65;0054881000017;Piæa
ÈAJ DETOX AHMAD 40 g;228198;Ahmad;0,0400;kg;3,05;76,25;;;3,05;0054881013666;Piæa
MARAMICE VIOLETA 60/1;228204;Violeta;60,0000;kom;1,89;0,03;;;1,89;3870128009172;Toaletne potrepštine
JASTUÈIÆ INOX POWERMAX;228217;;1,0000;kom;1,79;1,79;;;1,79;3858882684170;Proizvodi za kuæanstvo
VRGANJI SUŠENI DESPAR 40 g;228278;DESPAR;0,0400;kg;4,49;112,25;;;4,64;8001300212034;Hrana
VRGANJI SPECIAL DESPAR 20 g;228279;DESPAR;0,0200;kg;2,99;149,50;;;3,05;8001300212027;Hrana
MIJ.GLJIVE I VRGANJI DESP.80 g;228280;DESPAR;0,0800;kg;3,45;43,13;;;3,45;8001300212041;Hrana
PAŠTETA PODRAVKA PILEÆA 95 g;228342;Podravka;0,0950;kg;1,29;13,58;;;1,29;3858886469179;Hrana
PJEN.VINO MIA MOSCATO 0,75 L;228364;;0,7500;L;8,99;11,99;;;8,99;8410384020051;Piæa
MLIJE.UHT 2,8% BEZ LAKTOZE 1 L;228375;Z Bregov;1,0000;L;1,99;1,99;;;1,99;3850108023572;Hrana
SIR S MASLINAMA GLIGORA 125 g;228380;Sirana Gligora;0,1250;kg;4,19;33,52;;;3,99;3858891770208;Hrana
ÈOKOLADA MILKA OREO 300 g;228392;Milka;0,3000;kg;5,99;19,97;;;5,99;7622210384362;Hrana
GUSTIN DR.OETKER XXL 400 g;228445;Dr. Oetker;0,4000;kg;2,49;6,23;;;2,49;5997381355292;Hrana
DEKOR DR.OET.ZLATNE PERLE 10 g;228447;Dr. Oetker;0,0100;kg;0,69;69,00;;;0,69;5907707056567;Hrana
MEKSIÈKI MIX PODRAVKA 400 g;228468;Podravka;0,4000;kg;2,19;5,48;;;2,19;3858885112977;Hrana
VINO ROSEMOUNT E.SHIRAZ 0,75 L;228551;;0,7500;l;6,99;9,32;;;6,4;9325040001727;Piæa
VINO ROSEMOUNT ED.CHARD.0,75 L;228554;;0,7500;l;6,99;9,32;;;6,4;9325040002885;Piæa
ŽITA.KELLOGG´S FRO.LOOPS 375 g;228585;Kelloggs;0,3750;kg;5,99;15,97;;;5,99;5059319035543;Hrana
BLAZINICE MAXI DESPAR XME 40/1;228589;Despar;40,0000;kom;1,39;0,03;;;1,35;8001300811398;Toaletne potrepštine
BLAZINICE DESPAR XME 70/1;228590;Despar;70,0000;kom;1,15;0,02;;;1,15;8001300811381;Toaletne potrepštine
PEÈENICA DALMATINSKA REZ.100 g;228595;Dimmes;0,1000;kg;;30,90;3,09;3,49;3,49;3859892362607;Hrana
PANCETA DALMATINSKA REZ.100 g;228597;Dimmes;0,1000;kg;3,09;30,90;;;3,09;3859892362621;Hrana
BUÐOLA DALMATINSKA REZ.100 g;228598;Dimmes;0,1000;kg;3,69;36,90;;;3,69;3859892362614;Hrana
PRŠUT DIMMES REZ.100 g;228599;Dimmes;0,1000;kg;;34,90;3,49;4,19;4,19;3859892362638;Hrana
TEK.SAPUN GROŽ.AFRODITA 300ml;228659;Afrodita;0,3000;L;3,49;11,63;;;3,49;3831070650607;Kozmetika
DESER.VINO NA BAZI PROŠEKA 1 L;228676;;1,0000;l;7,79;7,79;;;7,79;3859888568938;Piæa
KEKS JAFFA CHOCO CRVENKA 155 g;228694;Jaffa;0,1550;kg;1,39;8,97;;;1,29;8600114005360;Hrana
NAMAZ S-BUDG.ÈOKO.LJEŠNJ.400 g;228710;S-Budget;0,4000;kg;1,99;4,98;;;1,98;9100000545448;Hrana
PIÆE OD SOKA NAR I RIBIZLA 1 L;228741;Fructal;1,0000;L;;1,59;1,59;1,99;1,89;3838945029247;Piæa
PIÆE OD SOKA BOROVNICE 1 L;228742;Fructal;1,0000;L;;1,59;1,59;1,99;1,89;3838945029254;Piæa
SOK FRUCTAL SUPERIO.ANANAS 1 L;228743;Fructal;1,0000;L;2,49;2,49;;;2,49;3838945509077;Piæa
SOK OD NARANÈE 100% 1 L;228744;Fructal;1,0000;L;3,99;3,99;;;2,89;3838945007870;Piæa
VINO LA CA.PINOT GRIGIO 0,75 L;228808;;0,7500;l;6,99;9,32;;;7,32;8004300362136;Piæa
VINO NERO D AVOLA IGT 0,75 L;228812;;0,7500;l;8,39;11,19;;;7,28;8004300699645;Piæa
VINO LA CACCIATOR.SYRAH 0,75 L;228819;;0,7500;l;6,95;9,27;;;7,02;8004300018873;Piæa
VINO PRIMITI. TARANTINO 0,75 L;228821;;0,7500;l;8,19;10,92;;;8,58;8004300250648;Piæa
PIVO ZMAJSKO PALE ALE 0,33 L;228875;;0,3300;l;2,02;6,12;;;2,02;3858895210045;Piæa
VINO RIZLING CAPISTRANO 2 L;228900;;2,0000;l;5,42;2,71;;;5,42;3858886522102;Piæa
VINO MAKEDONSKI VRANAC 2 L;228905;;2,0000;l;5,42;2,71;;;5,42;3858886522096;Piæa
LASAGNE BOLOGNESE SB 1000 g;228979;S-Budget;1,0000;kg;5,49;5,49;;;5,49;9100000809281;Hrana
DEO SPRAY MIAMI HILLS 75 ml;229018;JEAN MARC;0,0750;L;1,69;22,53;;;1,69;5901815005073;Kozmetika
DEO SPRAY LA BELLE 75 ml;229022;JEAN MARC;0,0750;L;1,69;22,53;;;1,69;5901815016352;Kozmetika
DEO SPRAY GIOVANNI COTE 75 ml;229023;JEAN MARC;0,0750;L;1,69;22,53;;;1,69;5901815014884;Kozmetika
KOMPOT SPAR MANDARINA 312 g;229026;SPAR;0,1750;kg;1,79;10,23;;;1,79;9100000071107;Hrana
KOMPOT S-BUDGET VOÆ.KOK.820 g;229034;S-Budget;0,5000;kg;2,69;5,38;;;2,99;9100000835020;Hrana
LEÆA S-BUDGET 800 g;229038;S-Budget;0,5300;kg;1,79;3,38;;;1,79;9100000779201;Hrana
BALZAM NIVEA COOLING 100 ml;229087;Nivea;0,1000;L;11,29;112,90;;;11,29;9005800244631;Kozmetika
ZAÈIN VEGETA PIKANT 100 g;229368;;0,1000;kg;1,49;14,90;;;1,49;3850104273490;Hrana
ZAÈIN VEGETA MEDITERAN 100 g;229374;;0,1000;kg;1,49;14,90;;;1,49;3850104273483;Hrana
Sir kozji Euroser cca 4,5 kg;229381;Euroser;1,0000;kg;23,59;23,59;;;22,99;5907627471433;Hrana
SIR KOZJI REZANI EUROSER 100 g;229383;Euroser;0,1000;kg;2,89;28,90;;;2,59;5907627471532;Hrana
MASLAC KOZJI 125 g;229386;Euroser;0,1250;kg;2,29;18,32;;;2,12;5907627470771;Hrana
CRVE.PAPR. SA SIROM CAMP.250 g;229393;Euroser;0,1500;kg;3,79;25,27;;;3,79;5902431270753;Hrana
ULOŠ.HIG.VIOLETA COTTON 20/1;229397;Violeta;20,0000;kom;2,49;0,12;;;2,65;3870128008069;Toaletne potrepštine
ULOŠ.HIG.VIOLETA COTTON 10/1;229400;Violeta;10,0000;kom;1,53;0,15;;;1,53;3870128007925;Toaletne potrepštine
POSL.ZA PSE SCOTTY MINIS 60 g;229406;Scotty;0,0600;kg;1,59;26,50;;;1,59;9100000693668;Proizvodi za kuæanstvo
TEK.DET.FROSCH BABY 1,5 L ;229407;Frosch;1,5000;L;7,35;4,90;;;7,35;4009175968616;Sredstva za èišæenje
DENTASTIX SCOTTY 720 g;229421;Scotty;0,7200;kg;4,99;6,93;;;4,99;9100000694559;Proizvodi za kuæanstvo
GEL TUŠ.FA PINK JASMIN 250 ml;229485;Fa;0,2500;L;;5,16;1,29;1,99;2,75;9000100935449;Kozmetika
REG.ELSEVE HUILE EXT 200 ml;229504;Elseve;0,2000;L;4,49;22,45;;;4,39;3600522451303;Kozmetika
ŠAMP.ELSEVE HUILE EXT 250 ml;229505;Elseve;0,2500;L;4,49;17,96;;;4,39;3600522449393;Kozmetika
BOJA ZA KOSU PALETTE ICC LG5;229556;Palette;1,0000;kom;4,25;4,25;;;4,25;3838824307480;Kozmetika
SPAR OKRUGLICE OD KRUHA 200 g;229658;SPAR;0,2000;kg;1,79;8,95;;;1,72;9100000737935;Hrana
PEÈENI GRAH S-BUDGET 415 g;229679;S-Budget;0,4150;kg;2,09;5,04;;;2,09;3830046457707;Hrana
TUNA SALATA SPAR TEKSAŠ.280 g;229680;SPAR;0,2800;kg;2,99;10,68;;;2,99;3830046450852;Hrana
TUNA SALATA SPAR MEKS.280 g;229681;SPAR;0,2800;kg;2,99;10,68;;;2,99;3830046450845;Hrana
POSL.ZA PSE PEDIG.BISC.500 g;229682;Pedigree;0,5000;kg;3,99;7,98;;;3,99;5998749127322;Proizvodi za kuæanstvo
OCAT JABUÈNI ENCIAN 700 ml;229683;;0,7000;l;3,79;5,41;;;3,79;3858890100747;Hrana
SRE.ZA ÈIŠÆ.KERAM.PLOÈA 200 ml;229743;Cera Clen;0,2000;L;3,71;18,55;;;3,71;4002448006473;Sredstva za èišæenje
JOG.VOÆNI BOROVNICA SPAR 500 g;229787;SPAR;0,5000;kg;1,29;2,58;;;1,29;9100000020747;Hrana
ÈAJ IMUNOSTRES DARVITALIS 50 g;229823;Darvitalis;0,0500;kg;3,99;79,80;;;3,99;3858890830910;Piæa
ÈAJ GASTRO DAL DARVITALIS 50 g;229831;Darvitalis;0,0500;kg;3,99;79,80;;;3,99;3859888245990;Piæa
TUNA S-BUDGET KOMADIÆI 185 g;229949;S-Budget;0,1300;kg;1,39;10,69;;;1,39;3858889119057;Hrana
VINO MIRAZ GRAŠEVINA 0,75 L;230044;;0,7500;l;10,02;13,36;;;10,02;3859892201074;Piæa
VINO DIKA ROSE 0,75 L;230046;;0,7500;l;4,99;6,65;;;6,72;3859892201197;Piæa
KOBASICA ÈAJNA 300 g;230089;Gavrilovic;0,3000;kg;6,39;21,30;;;6,19;3858890203837;Hrana
KAPARI NATURETA SL.VODA 200 g;230092;Natureta;0,1000;kg;3,69;36,90;;;3,79;3830003054451;Hrana
ZAM.MLIJEKO HIPP COMB.12 600 g;230131;Hipp;0,6000;kg;12,79;21,32;;;12,79;4062300447240;Hrana
DEO SPRAY FA GREEN TEA 150 ml;230145;Fa;0,1500;L;3,29;21,93;;;3,20;9000100936125;Kozmetika
PUDING SA ŠLAG.DUKAT ÈOK.170 g;230162;Dukat;0,1700;kg;0,79;4,65;;;0,75;3850354011576;Hrana
ROLADICE ROLINO CACAO 222 g;230173;Balconi;0,2220;kg;;8,06;1,79;2,22;2,22;8001585001330;Hrana
ROLADA ROLL MAX CACAO 300 g;230176;Balconi;0,3000;kg;;5,30;1,59;1,99;1,99;8001585002153;Hrana
DEO SP.REXONA INVISIBLE 150 ml;230215;Rexona;0,1500;L;2,79;18,60;;;2,99;8712561534444;Kozmetika
DEO STICK REXONA INVISIB.50 ml;230223;Rexona;0,0500;L;2,79;55,80;;;2,99;96097335;Kozmetika
KAP. DG CAFE AU LAIT 160 g;230233;DOLCE GUSTO;0,1600;kg;5,49;34,31;;;6,49;7613033174704;Piæa
JUHA U KOCKI GOVEÐA 80 g;230298;;0,0800;kg;1,89;23,63;;;1,89;3850104274886;Hrana
JUHA U KOCKI GOVEÐA 120 g;230299;;0,1200;kg;2,29;19,08;;;2,29;3850104274862;Hrana
BOJA EXCELLENCE 500;230310;LOREAL;1,0000;kom;8,99;8,99;;;8,49;3600523731879;Kozmetika
BOJA ZA KOSU EXCELLENCE 8.1;230312;LOREAL;1,0000;kom;8,99;8,99;;;8,49;3600523724963;Kozmetika
BOJA ZA KOSU EXCELLENCE 9;230313;LOREAL;1,0000;kom;8,99;8,99;;;8,49;3600523724895;Kozmetika
BOJA ZA KOSU EXCELLENCE 5.3;230314;LOREAL;1,0000;kom;8,99;8,99;;;8,49;3600523724871;Kozmetika
FARBA EXCELLENCE 7;230316;LOREAL;1,0000;kom;8,99;8,99;;;7,16;3600523724888;Kozmetika
VODKA KEGLEVICH CLASSIC 1 L;230335;;1,0000;l;13,02;13,02;;;10,99;8000440112372;Piæa
SIR BURRATA PREMIUM 120 g;230368;SPAR PREMIUM;0,1200;kg;2,29;19,08;;;2,29;8001300651598;Hrana
CROISSANT SPAR PREMIUM 360 g;230386;SPAR PREMIUM;0,3600;kg;3,99;11,08;;;4,59;3831115301020;Hrana
JUHA U KOCKI KOKOŠJA POD.120 g;230417;;0,1200;kg;2,29;19,08;;;2,29;3850104274855;Hrana
PISTACIO S-BUDGET 200 g;230431;S-Budget;0,2000;kg;3,99;19,95;;;3,59;9100000785271;Hrana
BRUSCHETTE MARETTI 70 g;230479;Maretti;0,0700;kg;;11,29;0,79;0,95;0,89;3800205873358;Hrana
ULOŠCI PAMINA NORMAL 45/1;230494;Pamina;45,0000;kom;1,69;0,04;;;1,69;9100000946986;Toaletne potrepštine
Sir škripavac polutvrdi;230495;Euro Milk;1,0000;kg;12,99;12,99;;;12,99;3859889770651;Hrana
ULOŠCI PAMINA FLEXIFORM 45/1;230496;Pamina;45,0000;kom;1,79;0,04;;;1,79;9100000946948;Toaletne potrepštine
ULOŠCI PAMINA MAXI NORMAL 20/1;230500;Pamina;20,0000;kom;1,29;0,06;;;1,29;9100000946856;Toaletne potrepštine
VODA MIVELA BLAGOGAZIRAN.0,5 L;230530;Mivela;0,5000;L;1,39;2,78;;;1,39;8600599002847;Piæa
ZUB.PASTA COLGATE OPTIC 75 ml;230614;Colgate;0,0750;L;3,95;52,67;;;3,98;8718951050860;Kozmetika
SREDSTVO PERMETAL 650 ml;230646;Permetal;0,6500;L;3,84;5,91;;;3,39;3850111753831;Sredstva za èišæenje
ROLL ON BIOBAZA MEN BLA.50 ml;230655;Biobaza;0,0500;L;3,99;79,80;;;3,85;3859892638719;Kozmetika
ŠEÆER SMEÐI MUSCOVADO 500 g;230661;Encian;0,5000;kg;4,49;8,98;;;4,49;3858890100969;Hrana
GEL TU.BIOBAZA B.ENERGY 220 ml;230664;Biobaza;0,2200;L;3,69;16,77;;;3,31;3859892638344;Kozmetika
PEKM.BAKINA TAJNA ŠLJIVA 375 g;230687;Bakina Tajna;0,3750;kg;4,99;13,31;;;4,99;8600103131971;Hrana
DŽEM BAKINA TAJNA JAGODA 375g;230689;Bakina Tajna;0,3750;kg;5,99;15,97;;;5,99;8606011030344;Hrana
ROLL ON BIOBAZA SILKY 50 ml;230691;Biobaza;0,0500;L;3,99;79,80;;;3,85;3859892638740;Kozmetika
ROLL ON BIOBAZA GREEN 50 ml;230692;Biobaza;0,0500;L;;39,80;1,99;3,00;3,85;3859892638733;Kozmetika
ROLL ON BIOBAZA LAVANDER 50 ml;230696;Biobaza;0,0500;L;3,99;79,80;;;3,85;3859892638726;Kozmetika
GEL TUŠ.DENIM ORIGINAL 250 ml;230711;Denim;0,2500;L;2,79;11,16;;;2,79;8008970004266;Kozmetika
GEL TU.DENIM GOLD 250 ml;230713;Denim;0,2500;L;2,79;11,16;;;2,79;8008970037196;Kozmetika
DEO SPRAY DENIM ORIGIN.150 ml;230714;Denim;0,1500;L;3,65;24,33;;;3,39;8008970004402;Kozmetika
DEO SPRAY DENIM GOLD 150 ml;230715;Denim;0,1500;L;3,65;24,33;;;3,39;8008970037776;Kozmetika
DŽEM BAK.TAJNA MARELICA 375 g;230721;Bakina Tajna;0,3750;kg;3,99;10,64;;;3,99;8606102785016;Hrana
DŽEM BAK.TAJ.DIVLJA BORO.375 g;230722;;0,3750;kg;5,19;13,84;;;5,09;8606102785047;Hrana
AJVAR BAKINA TAJNA PATL.300 g;230725;Bakina Tajna;0,3000;kg;5,49;18,30;;;5,49;8606011031426;Hrana
PINÐUR BAKINA TAJNA 300 g;230726;Bakina Tajna;0,3000;kg;5,49;18,30;;;5,49;8606011030320;Hrana
LJUTENICA BAKINA TAJNA 300 g;230727;Bakina Tajna;0,3000;kg;5,49;18,30;;;5,49;8606011035349;Hrana
NAPOLIT.MANNER MIGNON 400 g;230774;Manner;0,4000;kg;5,59;13,98;;;4,89;9000331607993;Hrana
ŠAMPON BATISTE DARK 200ml;230823;BATISTE;0,2000;L;4,59;22,95;;;5,30;5010724527443;Kozmetika
ŠAMPON BATISTE CHERRY 200ml;230824;BATISTE;0,2000;L;4,59;22,95;;;4,59;5010724526798;Kozmetika
ŠAMPON BATISTE BLUSH 200ml;230825;BATISTE;0,2000;L;4,59;22,95;;;4,59;5010724527375;Kozmetika
ŠAMPON BATISTE XXL VOL.200 ml;230826;BATISTE;0,2000;L;4,59;22,95;;;5,30;5010724529072;Kozmetika
NAMAZ VOÆNI MARELICA 500 g;230855;Podravka;0,5000;kg;2,99;5,98;;;3,19;3850104273520;Hrana
NAM.VOÆNI MIJEŠANO VOÆE 500 g;230859;Podravka;0,5000;kg;2,99;5,98;;;3,19;3850104273537;Hrana
NAMAZ VOÆNI ŠIPAK 500 g;230862;Podravka;0,5000;kg;2,99;5,98;;;3,19;3850104273544;Hrana
KORE ZA MAÐARICU 440 g;230892;;0,4400;kg;1,99;4,52;;;3,18;8606101301842;Hrana
KORE ZA MEDENU PITU 450 g;230894;;0,4500;kg;1,99;4,42;;;3,18;8606101301606;Hrana
KORE ZA ROZEN KOLAÈ 430 g;230895;;0,4300;kg;1,99;4,63;;;3,18;8606101301026;Hrana
PUDING VANILIJA PODRAVKA 37 g;230896;Podravka;0,0370;kg;0,70;18,92;;;0,70;3850104274800;Hrana
JUHA U KOCKI POD.KOKOŠJA 80 g;230897;Podravka;0,0800;kg;1,89;23,63;;;1,89;3850104274879;Hrana
JUHA U KOCKI POD.KOKOŠJA 40 g;230898;Podravka;0,0400;kg;1,19;29,75;;;1,19;3850104267208;Hrana
JUHA U KOCKI POD.GOVEÐA 40 g;230899;Podravka;0,0400;kg;1,19;29,75;;;1,19;3850104274831;Hrana
Kulen Andro;230901;Andro;1,0000;kg;12,99;12,99;;;23,34;3858892822951;Hrana
SIR ŠKRIPAVAC MILS 250 g;230906;Mils;0,2500;kg;4,99;19,96;;;4,99;3859893220050;Hrana
VL.MAR.VIOLETA BADEM 2X56/1;230912;Violeta;112,0000;kom;3,59;0,03;;;3,59;3870128007284;Toaletne potrepštine
RAKIJA TRAVA STRAVA 1 L;230913;;1,0000;l;12,52;12,52;;;12,52;3859889132992;Piæa
MAÈJA HRANA SHEBA 85 g;230918;Sheba;0,0850;kg;1,09;12,82;;;1,09;4008429069758;Proizvodi za kuæanstvo
KAJMAK PRESIDENT 100 g;230956;President;0,1000;kg;2,49;24,90;;;2,45;8606002112684;Hrana
SAV.LEDO S TAMN.ÈOK./VIŠ.500 g;230961;Ledo;0,5000;kg;3,99;7,98;;;4,19;3850116103068;Hrana
BIO ÐUMBIR NP 300 g;230965;Natur pur;0,3000;kg;2,49;8,30;;;2,99;3856021225581;Hrana
KRASTAVCI SPAR KORN.MED 350 g;231024;SPAR;0,1900;kg;1,79;9,42;;;1,79;9100000771687;Hrana
KRASTAVCI SPAR KORN.CHIL.350 g;231026;SPAR;0,1900;kg;1,79;9,42;;;1,79;9100000771700;Hrana
DEO SPRAY AXE BLACK 150 ml;231057;Axe;0,1500;L;4,89;32,60;;;4,55;8712561614122;Kozmetika
GEL ZA TUŠ.AXE BLACK 250 ml;231059;Axe;0,2500;L;2,49;9,96;;;2,99;8710447276600;Kozmetika
BRITV.WILKINSON ULTIMATE P.4/1;231063;Wilkinson;4,0000;kom;6,29;1,57;;;6,29;4027800874064;Kozmetika
TJESTENINA BAR.PENNE BG.400 g;231066;Barilla;0,4000;kg;4,69;11,73;;;4,69;8076809545457;Hrana
TJESTENINA BAR.SPAGH.BG.400 g;231068;Barilla;0,4000;kg;4,69;11,73;;;4,69;8076809545440;Hrana
TJESTENINA BARILA FUS.BG.400 g;231069;Barilla;0,4000;kg;4,69;11,73;;;4,69;8076809545464;Hrana
ŠEÆER LIMUN DOLCELA 3X10g 30 g;231175;Podravka;0,0300;kg;0,66;22,00;;;0,89;3850104272103;Hrana
ŠEÆER RUM DOLCELA 3X10 g 30 g;231176;Podravka;0,0300;kg;0,66;22,00;;;0,89;3850104272097;Hrana
ŽELATINA MLJEV.DOL. 3X10g 30 g;231178;Podravka;0,0300;kg;2,29;76,33;;;2,29;3850104272080;Hrana
PRELJ.ZA TORTE DOL.3X13 g 39 g;231179;Podravka;0,0390;kg;2,09;53,59;;;2,09;3850104272066;Hrana
KUKURUZ NATUR PUR 340 g;231184;Spar Natur pur;0,2850;kg;1,99;6,98;;;1,99;9100000076478;Hrana
GRAŠAK MRKVA NATUR PUR 400 g;231185;Spar Natur pur;0,2650;kg;2,29;8,64;;;2,29;9100000772400;Hrana
GRAH NATUR PUR BIJELI 400 g;231187;Spar Natur pur;0,2400;kg;1,59;6,63;;;1,59;9100000747385;Hrana
GRAH NATUR PUR CRVENI 400 g;231188;Spar Natur pur;0,2400;kg;1,49;6,21;;;1,49;9100000747408;Hrana
ŠEÆER VANILIJA DOLCELA 30 g;231190;;0,0300;kg;0,89;29,67;;;1,19;3850104272110;Hrana
SIR MOZZ. BUFFALA GALBAN.125 g;231205;Galbani;0,1250;kg;3,49;27,92;;;3,19;8000430130164;Hrana
SOK SUPRISE JABUKA 0,3 L;231210;;0,3000;l;1,59;5,30;;;1,52;8594023921050;Piæa
KRPA ZA POD 50X60cm;231212;;1,0000;kom;5,49;5,49;;;5,49;8009986004417;Proizvodi za kuæanstvo
SOK SURPRISE MULTI.0,3 L;231214;;0,3000;l;1,59;5,30;;;1,52;8594023921043;Piæa
SOK SUPRISE JAGODA 0,3 L;231219;;0,3000;l;1,59;5,30;;;1,52;8594023923214;Piæa
DEO SP.OLD SPICE WHITEW.150 ml;231222;Old Spice;0,1500;L;3,49;23,27;;;3,85;4084500479821;Kozmetika
DEO ST.OLD SPICE WHITEW.50 ml;231235;Old Spice;0,0500;L;3,49;69,80;;;3,20;8700216162180;Kozmetika
DEO ST.OLD SPICE ORIGINA.50 ml;231236;Old Spice;0,0500;L;3,49;69,80;;;3,85;4084500490543;Kozmetika
KRPA ÈAROBNA ZA POD 40X60cm;231239;;1,0000;kom;4,59;4,59;;;4,59;8009986012818;Proizvodi za kuæanstvo
VINO ROSO DINGAÈ 0,75 L;231245;;0,7500;l;15,19;20,25;;;14,79;3859888568822;Piæa
VINO ROSO POŠIP 0,75 L;231246;;0,7500;l;7,99;10,65;;;10,99;3859888568853;Piæa
BRISAÈ PODA MOP;231252;;1,0000;kom;3,69;3,69;;;3,69;8009986011767;Proizvodi za kuæanstvo
DRŠKA ZA MOP ILI METLU;231264;;1,0000;kom;1,54;1,54;;;1,54;8009986010739;Proizvodi za kuæanstvo
BRISAÈ PRAŠINE S DRŠKOM;231271;;1,0000;kom;1,98;1,98;;;1,98;8009986010807;Proizvodi za kuæanstvo
METLA SOBNA;231280;;1,0000;kom;9,69;9,69;;;9,69;8009986012290;Proizvodi za kuæanstvo
GLJIVE JABLANOVAÈE 150 g;231332;;0,1500;kg;2,79;18,60;;;2,79;3859889098236;Hrana
DŽEM DIDA BOŽA MANDARINA 690 g;231336;Dida Boza;0,6900;kg;;5,78;3,99;6,29;5,69;3859892699666;Hrana
KINDER CHOCOLATE MINI 120 g;231352;Kinder;0,1200;kg;3,39;28,25;;;3,09;8000500256213;Hrana
TABLETE FINISH QUANTUM 60/1;231458;Finish;60,0000;kom;15,99;0,27;;;14,99;5908252004881;Sredstva za èišæenje
PUREÆ.PLJESKAVICE VINDON 400 g;231509;Vindija;0,4000;kg;4,49;11,23;;;4,49;3850339439104;Hrana
PUREÆI ÆEVAPÈIÆI VINDON 400 g;231511;Vindija;0,4000;kg;4,49;11,23;;;4,49;3850339439005;Hrana
CAPPUC. NESC.DUPLA ÈOKO.148 g;231612;DOLCE GUSTO;0,1480;kg;4,19;28,31;;;4,19;7613036204897;Piæa
Tuna filet žutoperajna;231675;;1,0000;kg;18,99;18,99;;;16,99;;Hrana
PUDING ÈOKOLADA PODRAVKA 45 g;231762;Podravka;0,0450;kg;0,70;15,56;;;0,70;3850104274817;Hrana
JUHA KREM OD ŠAMPINJONA 63 g;231764;Podravka;0,0630;kg;1,39;22,06;;;1,39;3850104274626;Hrana
JUHA KREM OD BROKULE 57 g;231766;Podravka;0,0570;kg;1,39;24,39;;;1,39;3850104274589;Hrana
SOK H.D. MULTIV.RED 100% 0,2 L;231866;Happy Day;0,2000;l;0,79;3,95;;;0,79;9008700143035;Piæa
NAMAZ SA ÈILIJEM 2X50 g;231870;Vegetariana;0,1000;kg;1,89;18,90;;;1,89;3859892560317;Hrana
NAREZAK BEZ MES.S MASLIN.300 g;231871;Vegetariana;0,3000;kg;4,29;14,30;;;4,29;3859892560133;Hrana
DŽEM PRIMA FRUTTA JAGODA 240 g;231899;Prima;0,2400;kg;3,39;14,13;;;3,39;8008660095031;Hrana
DŽEM PRIMA FR.BRESK.MARA.240 g;231905;Prima;0,2400;kg;2,99;12,46;;;3,39;8008660095062;Hrana
DŽEM PRIM.FRUTTA TREŠNJA 240 g;231908;Prima;0,2400;kg;3,39;14,13;;;3,39;8008660095024;Hrana
DŽEM PRIMA FRUTTA MALINA 240 g;231911;Prima;0,2400;kg;3,99;16,63;;;4,99;8008660095055;Hrana
DŽEM PRIMA FRUT.MARELICA 240 g;231912;Prima;0,2400;kg;3,39;14,13;;;3,39;8008660095017;Hrana
DŽEM PRIMA FRUT.ŠUM.VOÆE 240 g;231913;Prima;0,2400;kg;4,29;17,88;;;4,29;8008660095048;Hrana
KOLAÈ KINDER ŠNITA 80 g;231915;;0,0800;kg;1,49;18,63;;;1,39;3858889612589;Hrana
KOLAÈ ESTERHAZY ŠNITA 80 g;231916;;0,0800;kg;1,49;18,63;;;1,39;3858889612626;Hrana
SVJ.LIS.TIJESTO S-BUDGET 275 g;231928;S-Budget;0,2750;kg;1,19;4,33;;;1,19;9100000830254;Hrana
SLAD.KING DOUBLE MINI 4x60 ml;231934;Ledo;0,2400;L;5,99;24,96;;;5,59;3850116005973;Hrana
SLAD.SNJEGULJICA 6x65 ml;231935;Ledo;0,3900;L;4,95;12,69;;;4,95;3850116065168;Hrana
JUHA KREM OD RAJÈICE 60 g;231975;Podravka;0,0600;kg;1,39;23,17;;;1,39;3850104274619;Hrana
JUHA KREM OD GLJIVA 54 g;231977;Podravka;0,0540;kg;1,39;25,74;;;1,39;3850104274596;Hrana
JUHA KREM OD ŠPAROGA 55 g;231978;Podravka;0,0550;kg;1,39;25,27;;;1,39;3850104274633;Hrana
PJEN.VINO BRUT D ARGENT 1,5 L;231980;;1,5000;l;;7,66;11,49;15,22;15,22;3263287318900;Piæa
MLIJEÈNA PECIVA 400 g;231995;;0,4000;kg;2,92;7,30;;;2,92;8006837001083;Hrana
KOLAÈ SLATKI SIR 250 g;232021;;0,2500;kg;4,59;18,36;;;4,59;3859890209577;Hrana
ŠUMSKO VOÆE SPAR 250 g;232092;SPAR;0,2500;kg;1,99;7,96;;;1,99;9100000965727;Hrana
JAGODE SPAR 250 g;232094;SPAR;0,2500;kg;1,49;5,96;;;1,39;9100000965680;Hrana
MALINE SPAR 250 g;232095;SPAR;0,2500;kg;3,49;13,96;;;2,99;9100000965703;Hrana
PIVO PAN ZLATNI 4X0,5 L;232127;Pan;2,0000;l;4,25;2,13;;;5,11;3858887580651;Piæa
TUNA PAŠTETA EVA 95 g;232154;Eva;0,0950;kg;1,89;19,89;;;1,79;3850104274978;Hrana
DES.KINDER PINGUI 8x30 g;232222;Kinder;0,2400;kg;3,99;16,63;;;3,84;4008400290829;Hrana
KAVA S BUDGET CREMA ZRN.1 kg;232354;S-Budget;1,0000;kg;16,99;16,99;;;17,99;9100100135006;Piæa
HUMMUS ZEL.PAPR.NAMAZ 250 g;232370;Sana;0,2500;kg;3,49;13,96;;;3,49;3859892873110;Hrana
HUMMUS ZRN.SLANUTKA NAMA.250 g;232371;Sana;0,2500;kg;3,49;13,96;;;3,58;3859892873080;Hrana
HUMMUS ÈILI NAMAZ 250 g;232372;Sana;0,2500;kg;3,49;13,96;;;3,49;3859892873059;Hrana
Pišmolj oèišæeni;232373;;1,0000;kg;7,29;7,29;;;6,99;93856024301209;Hrana
HUMMUS CLASIC NAMAZ 250 g;232375;Sana;0,2500;kg;3,49;13,96;;;3,49;3859892873011;Hrana
HUMMUS CLASSIC NAMAZ 100 g;232376;Sana;0,1000;kg;1,55;15,50;;;1,55;3859892873028;Hrana
SODA BIKARBON ENCIAN 500 g;232425;Encian;0,5000;kg;2,49;4,98;;;2,49;3858890101256;Hrana
SIR ŠKRIP. EUROMILK cca 350 g;232427;Euro Milk;1,0000;kg;13,59;13,59;;;13,59;3859889770668;Hrana
DEO ROLL ON NIVEA F.COMF.50 ml;232479;Nivea;0,0500;L;4,99;99,80;;;4,99;42283409;Kozmetika
PIVO HOLSTEN 0,5 L LIMENKA;232487;Holsten;0,5000;l;1,05;2,10;;;1,05;3858887584208;Piæa
OSV.GLADE SPRAY LAVANDA 300 ml;232497;Glade;0,3000;L;3,05;10,17;;;3,69;8002030116555;Sredstva za èišæenje
SLAD.TWIX X-TRA PRUTIÆ 47 g;232535;Mars;0,0470;kg;1,89;40,21;;;1,89;5000159484640;Hrana
JAJA S-BUDGET M 6/1;232536;S-BUDGET;6,0000;kom;1,69;0,28;;;1,59;3858889119675;Hrana
KEKS MILKA LILA STIX 112 g;232542;Milka;0,1120;kg;2,59;23,13;;;2,59;7622210406354;Hrana
KEKS JAFFA KAKAO I NARAN.120 g;232547;Jaffa;0,1200;kg;1,39;11,58;;;1,39;3850102505081;Hrana
OSVJ.ZA WC BREF AKTIV 2X50 g;232565;Bref;0,1000;kg;2,79;27,90;;;3,95;9000100956123;Sredstva za èišæenje
MASLAC IRSKI TRADICIONAL.200 g;232676;Euroser;0,2000;kg;3,19;15,95;;;3,49;5907627470306;Hrana
SIR OLD AMSTERD.KOCKICE 150 g;232677;Euroser;0,1500;kg;5,49;36,60;;;5,69;8710243964268;Hrana
ÈAJNO PECIVO SPAR LINCERI 400g;232803;SPAR;0,4000;kg;2,59;6,48;;;2,49;3856021200076;Hrana
GEL CALGON 750 ml;232915;Calgon;0,7500;L;8,99;11,99;;;8,99;5997321700267;Sredstva za èišæenje
SUDŽUK 400 g;232979;Gavrilovic;0,4000;kg;13,89;34,73;;;10,89;3858890203691;Hrana
ULJE GO TAN-WOK 250 ml;233010;;0,2500;L;3,99;15,96;;;4,59;8710605026559;Hrana
ULJE SEZAM GO TAN 250 ml;233014;;0,2500;L;5,99;23,96;;;6,29;8710605026030;Hrana
MAST BILJNA ZVIJEZDA 500 g;233017;Zvijezda;0,5000;kg;2,65;5,30;;;2,65;3858882210201;Hrana
VINO VRANAC 1 L KG PET;233046;;1,0000;L;3,05;3,05;;;3,05;3859891270194;Piæa
VINO PRIMORES VRANAC 0,75 L;233047;;0,7500;l;3,42;4,56;;;3,42;3859889132879;Piæa
PIVO BUDWEISER TAMNO P.A.0,5 L;233049;Budweiser Budvar;0,5000;l;1,35;2,70;;;1,35;8594403705300;Piæa
VINO GRAŠEVINA 1 L KG PET;233053;;1,0000;L;3,25;3,25;;;3,25;3859891270941;Piæa
CEDEVITA LIMUN I BAZGA 200 g;233062;Cedevita;0,2000;kg;2,19;10,95;;;2,09;3850322009871;Piæa
KIKIRIKI S-BUDGET LIMEN. 500 g;233130;S-Budget;0,5000;kg;3,59;7,18;;;3,59;9100000698168;Hrana
ULJE KONOPLJINO GEA 250 ml;233197;Gea;0,2500;L;4,49;17,96;;;4,49;3830000146524;Hrana
ULJE LANENO GEA 250 ml;233200;Gea;0,2500;L;3,09;12,36;;;3,09;3830000146531;Hrana
BIO KRUŠKA NATUR PUR 500 g;233234;SPAR Natur*pur;0,5000;kg;;2,98;1,49;1,99;2,09;3856021231964;Hrana
MLIJE.KOZJE SVJEŽE SPAR 0,75 L;233235;SPAR;0,7500;L;1,99;2,65;;;1,99;9100000700380;Hrana
BIO POVRÆE ZA JUHU NP 500 g;233237;SPAR Natur*pur;0,5000;kg;2,59;5,18;;;2,59;3831115307039;Hrana
BIO PERŠIN KORIJEN NP 300 g;233240;SPAR Natur*pur;0,3000;kg;1,99;6,63;;;1,99;3831115306865;Hrana
BIO PORILUK NATUR PUR 300 g;233242;SPAR Natur*pur;0,3000;kg;2,49;8,30;;;2,49;3831115306889;Hrana
BIO CELER KORIJEN NP  500 g;233246;SPAR Natur*pur;0,5000;kg;1,69;3,38;;;1,69;3831115307008;Hrana
BIO CELER LIST NATUR PUR 350 g;233248;SPAR Natur*pur;0,3500;kg;1,69;4,83;;;1,89;3831115306834;Hrana
SLAD.MINI SNACK DESPAR 6x55 g;233347;Despar;0,3300;kg;3,99;12,09;;;3,99;8001300671350;Hrana
KAVA ESPR.SEGAFR. ZRNO 500 g;233374;Segafredo;0,5000;kg;12,69;25,38;;;12,69;8003410311027;Piæa
KAVA SEGAF.SEL.CREMA ZRN.500 g;233378;Segafredo;0,5000;kg;13,19;26,38;;;13,19;9001810011645;Piæa
KAVA SEGAFREDO MOKA 250g;233380;Segafredo;0,2500;kg;6,49;25,96;;;6,49;8003410344254;Piæa
KAVA BARCAFFE BLACK & EASY 8 g;233417;Barcaffe;0,0080;kg;0,39;48,75;;;0,35;3838471028844;Piæa
LEDENI ÈAJ SPAR BRESKVA 1,5 L;233444;SPAR;1,5000;l;1,45;0,97;;;1,42;5999138200268;Piæa
LEDENI ÈAJ SPAR LIMUN 1,5 L;233445;SPAR;1,5000;l;1,45;0,97;;;1,42;5999138200275;Piæa
JOGURT ACTIVIA ŽITARIC.4X125 g;233466;Danone;0,5000;kg;2,69;5,38;;;2,49;5941209001922;Hrana
JOGURT ACTIV.MUSLI MIX 4X125 g;233475;Danone;0,5000;kg;2,69;5,38;;;2,49;5997536301945;Hrana
KEKS MINI MADELEINES 175 g;233508;St Michel Biscuits;0,1750;kg;;11,37;1,99;2,59;2,59;3178530402353;Hrana
KEKS MINI MADEL.ÈOKOLADA 175 g;233509;St Michel Biscuits;0,1750;kg;;11,37;1,99;2,59;2,59;3178530407938;Hrana
KEKS MINI MADELEINES 250 g;233517;St Michel Biscuits;0,2500;kg;3,29;13,16;;;3,29;3178531008110;Hrana
JOG.GRÈKI TIP VILIKIS 150 g;233523;Z Bregov;0,1500;kg;0,99;6,60;;;0,99;3850108030594;Hrana
SIR GALBANI GRANA PADANO 200 g;233547;Galbani;0,2000;kg;6,59;32,95;;;6,49;8000430388367;Hrana
SIR RICOTTA GALBANI 250 g;233550;Galbani;0,2500;kg;2,49;9,96;;;2,29;8000430194012;Hrana
JOGURT LIMUN KOLAÈ DUKAT.150 g;233552;Dukat;0,1500;kg;;5,93;0,89;0,99;0,99;3850354010944;Hrana
PJENA NIVEA MEN SENSIT.200 ml;233640;Nivea;0,2000;L;3,99;19,95;;;4,79;9005800249209;Kozmetika
ÈOK.KINDER COUNTRY 94 g;233658;Kinder;0,0940;kg;2,79;29,68;;;2,49;8000500199985;Hrana
DESPAR VODA MINERAL. NEGAZ.1 L;233671;Despar;1,0000;l;,45;0,45;;;0,42;8001300150893;Piæa
SKUŠA EVA FIL.MEDITERAN 115 g;233673;Eva;0,0810;kg;3,59;44,32;;;3,59;3850104275050;Hrana
BROKULA PODRAVKA 400 g;233696;Podravka;0,4000;kg;2,49;6,23;;;2,49;3858885113073;Hrana
ÈOKOLADNI KOLAÈ SPAR 400 g;233698;SPAR;0,4000;kg;;6,48;2,59;2,69;2,89;9100000695631;Hrana
MRAMORNI KOLAÈ SPAR 400 g;233700;SPAR;0,4000;kg;;6,48;2,59;2,69;2,89;9100000695617;Hrana
INSTANT KAVA SPAR CREMA 150 g;233703;SPAR;0,1500;kg;5,99;39,93;;;5,99;9100000757797;Piæa
KAŠICA HIPP JAB.MAN.BAN.190 g;233738;Hipp;0,1900;kg;1,67;8,79;;;1,67;4062300293779;Hrana
PIVO LOWENBRAU 2 L;233797;Löwenbräu;2,0000;l;2,79;1,40;;;2,68;3850131004654;Piæa
ŽICA S DETERDŽENTOM BRAVO 10/1;233847;;10,0000;kom;2,19;0,22;;;2,19;3858882680141;Proizvodi za kuæanstvo
WHISKEY JW DOUBLE BLACK 0,7 L;233861;Johnnie Walker;0,7000;l;45,49;64,99;;;50,28;5000267116426;Piæa
RUM CPT MORGAN WHITE 0,7 L;233862;Captain Morgan;0,7000;l;17,99;25,70;;;18,99;5000281040899;Piæa
GEL TUŠ.AFRODITA ARGAN 250 ml;233890;Afrodita;0,2500;L;2,95;11,80;;;2,95;3831070651024;Kozmetika
OSVJ.PIÆE.S OKUS KRUŠ.ME.0,5 L;233898;S-Budget;0,5000;l;,85;1,70;;;0,82;9100000047393;Piæa
OSVJ.PIÆE S OKU.KUP.LIME.0,5 L;233900;S-Budget;0,5000;l;,85;1,70;;;0,82;9100000047430;Piæa
SLAD.VANILIJA-JAG.DESPAR 6x50g;233997;Despar;0,3000;kg;2,49;8,30;;;2,49;8001300671312;Hrana
KRUMPIR KRIŠKE WEDG.SPAR 750 g;234001;SPAR;0,7500;kg;2,49;3,32;;;2,65;9100000701981;Hrana
PAŠTETA PIKETA ÈAJNA 95 g;234066;Podravka;0,0950;kg;1,19;12,53;;;1,19;3850104277788;Hrana
SPUŽVA TRENDY 3/1;234139;;3,0000;kom;1,79;0,60;;;1,79;3858882682725;Proizvodi za kuæanstvo
KAVA LATTE MAC.PARMALAT 200 ml;234189;Dukat;0,2000;l;1,99;9,95;;;2,09;8594002782023;Piæa
KAVA LATTE CAPP.PARMAL.200 ml;234190;Dukat;0,2000;L;1,99;9,95;;;2,09;8594002782016;Piæa
PREZERVATIV YOU&ME LUBRIK. 3/1;234218;Vulkan;3,0000;kom;2,55;0,85;;;2,55;8594068382519;Toaletne potrepštine
VINO CASAL MENDES VERDE 0,75 L;234242;;0,7500;l;6,99;9,32;;;6,4;5601213188216;Piæa
VINO ALIANCA TINTO 0,75 L;234244;;0,7500;l;7,49;9,99;;;6,4;5601237241225;Piæa
PIVO OŽUJSKO GREJP 2 L;234246;Ožujsko;2,0000;l;3,89;1,95;;;3,39;3850131003985;Piæa
ŽITARICE NESTLE CHEERIOS 375 g;234262;Nestle;0,3750;kg;4,59;12,24;;;4,39;5900020022745;Hrana
ŽITAR. NESTLE CINI MINIS 375 g;234283;Nestle;0,3750;kg;4,59;12,24;;;4,39;5900020022769;Hrana
ŽITARICE NESTLE FITNESS 625 g;234474;Nestle;0,6250;kg;6,29;10,06;;;6,29;7613035265769;Hrana
PIVO STAROPRAMEN LIM 0,5 L;234479;Staropramen;0,5000;l;1,65;3,30;;;1,62;3850131003398;Piæa
BOMBONIJERA NOUGAT FAN.175 g;234483;Kandit;0,1750;kg;7,99;45,66;;;7,99;3858889861512;Hrana
BOMBONI GUM.SPAR TREŠNJA 200g;234490;SPAR;0,2000;kg;1,19;5,95;;;1,19;9100000693279;Hrana
SLADOLED TWIX 6x34,2 g;234537;Twix;0,2050;kg;4,99;24,34;;;4,99;5000159484695;Hrana
SLADOLED BOUNTY 6x39,1 g;234540;Bounty;0,2340;kg;4,99;21,32;;;4,99;5000159483063;Hrana
ŽICA ÈELIÈNA 1/1;234553;;1,0000;kom;0,99;0,99;;;0,99;3859888122451;Proizvodi za kuæanstvo
HRENOVKA PILEÆA EXTRA 200 g;234586;Perutnina;0,2000;kg;1,02;5,10;;;1,02;3838977014204;Hrana
VREÆICE ZIPPER 1L 12/1;234601;;12,0000;kom;3,39;0,28;;;3,39;4008871209863;Proizvodi za kuæanstvo
BLAZ..JASMIN SOFT NATURE 80/1;234706;Jasmin;80,0000;kom;1,95;0,02;;;1,95;3838985882086;Toaletne potrepštine
PAŠTETA PIKETA JETRENA 95 g;234717;Podravka;0,0950;kg;1,25;13,16;;;1,25;3850104277795;Hrana
NAVLAKA ZA BRISAÈ PODA ;234724;;1,0000;kom;10,29;10,29;;;10,29;4006501520951;Proizvodi za kuæanstvo
CORNFLAK.KUK.PAH.NESTLE 500 g;234732;Nestle;0,5000;kg;4,29;8,58;;;4,29;5900020025456;Hrana
CORN FLAKES NESTLE 250 g;234734;Nestle;0,2500;kg;2,49;9,96;;;2,49;5900020025432;Hrana
BRIJAÈ GILLETTE PROGLIDE 2UP;234762;Gillette;1,0000;kom;14,99;14,99;;;14,89;7702018390816;Kozmetika
PELENE GAÆICE PAMPERS 44/1;234765;Pampers;44,0000;kom;14,99;0,34;;;14,99;8006540069356;Toaletne potrepštine
PELENE GAÆICE PAMPERS 48/1;234768;Pampers;48,0000;kom;14,99;0,31;;;14,99;8006540069325;Toaletne potrepštine
PELENE GAÆICE PAMPERS 52/1;234769;Pampers;52,0000;kom;14,99;0,29;;;14,99;8006540069264;Toaletne potrepštine
TRAJNI KOLAÈ S KREMOM 300 g;234789;;0,3000;kg;3,59;11,97;;;3,59;8015854140453;Hrana
ŽITNA KAŠICA KEKS.JAB.KA.200 g;234834;Lino;0,2000;kg;2,49;12,45;;;2,49;3850104251894;Hrana
VOÆ.ZABAVA BEBI.VR.VOÆE 90 g;234840;Bebivita;0,0900;kg;1,09;12,11;;;1,1;4018852035169;Hrana
PIŠKOTE NAT.P.BIO DINKEL 200 g;234842;Spar Natur pur;0,2000;kg;2,19;10,95;;;2,12;9100000698649;Hrana
GLJIVE MJEŠAVINA SPAR 750 g;234855;SPAR;0,7500;kg;3,79;5,05;;;3,79;3831115300696;Hrana
SOK S BUDGET 100% JABUKA 1 L;234998;S-Budget;1,0000;l;1,59;1,59;;;1,35;9100000987231;Piæa
KEK.BR.DUPLA ÈOKOLADA 160 g;235056;Breakfast;0,1600;kg;1,75;10,94;;;1,75;3856014117886;Hrana
PERECI SLANI SALTAS 200 g;235058;Saltas;0,2000;kg;1,19;5,95;;;1,19;3856014114908;Hrana
PILEÆI MEDALJO.SA SIROM 660 g ;235101;Cekin;0,6600;kg;7,49;11,35;;;8,39;3850159141379;Hrana
SLANUTAK PODRAVKA 800 g;235108;Podravka;0,4800;kg;2,79;5,81;;;2,79;3850104275609;Hrana
VINO ORAHOV.FRAN.ROSE 0,75 L;235153;;0,7450;l;6,29;8,44;;;5,52;3858889830594;Piæa
LOS.NIVEA ZA SKID.ŠMIN.125 ml;235246;Nivea;0,1250;L;8,59;68,72;;;8,59;4005900099174;Kozmetika
VODA ZA USTA LISTERINE 500ml;235263;Listerine;0,5000;L;7,49;14,98;;;7,29;3574661491790;Kozmetika
PAŠTETA PODRAVKA JETRENA 95 g;235380;Podravka;0,0950;kg;1,29;13,58;;;1,29;3858886469230;Hrana
NEKT.S-BUDGET JABUKA 1,5 L;235531;S-Budget;1,5000;l;1,65;1,10;;;1,65;9100000761961;Piæa
MASLINE S-BUDGET CRNE 700 g;235537;S-Budget;0,4000;kg;2,89;7,23;;;2,99;3856021200359;Hrana
MASLINE S-BUDGET ZELENE 720 g;235538;S-Budget;0,3800;kg;2,79;7,34;;;2,79;3856021200311;Hrana
TJES.TALIANETTA ŠPIN.SIR 155 g;235587;Podravka;0,1550;kg;2,49;16,06;;;2,49;3850104275203;Hrana
TAMPONI PAMINA SUPER 56/1;235679;Pamina;56,0000;kom;3,49;0,06;;;3,35;9100000947075;Toaletne potrepštine
TAMPONI PAMINA NORMAL 64/1;235682;Pamina;64,0000;kom;3,49;0,05;;;3,59;9100000947037;Toaletne potrepštine
TAMPONI PAMINA NORMAL 32/1;235684;Pamina;32,0000;kom;1,99;0,06;;;1,67;9100000947044;Toaletne potrepštine
BUREK SA SVJ. SIROM SPAR 940 g;235707;SPAR;0,9400;kg;6,49;6,90;;;6,49;3856021200007;Hrana
ÈAJ NATUR PUR BIO KAMIL.32 g;235709;Spar Natur pur;0,0320;kg;3,09;96,56;;;2,99;9100100002506;Piæa
KREMA NIVEA MEN STYLING 150 ml;235711;Nivea;0,1500;L;6,49;43,27;;;6,49;42277309;Kozmetika
PAPAR I SOL KOTANYI MLIN.65 g;235715;;0,0650;kg;3,99;61,38;;;3,99;9001414541753;Hrana
ZAÈIN KURKUMA KOTANYI 35 g;235717;;0,0350;kg;1,39;39,71;;;1,29;9001414104316;Hrana
ZAÈ.KIM MLJEVENI KOTANYI 35 g;235719;;0,0350;kg;2,39;68,29;;;2,09;9001414240250;Hrana
LUBRIKANT BILLY BOY FUN 200 ml;235721;Billy Boy;0,2000;L;10,49;52,45;;;10,49;4008600210030;Toaletne potrepštine
POSL.ZA MAÈKE FELIX PARTY 60 g;235754;Felix;0,0600;kg;1,49;24,83;;;1,59;3858890176957;Proizvodi za kuæanstvo
POSL.ZA MAÈ.FELIX PAR.MIX 60 g;235756;Felix;0,0600;kg;1,49;24,83;;;1,59;3858890176933;Proizvodi za kuæanstvo
POSL.ZA MAÈ.FELIX PAR.MIX 60 g;235757;Felix;0,0600;kg;1,49;24,83;;;1,59;3858890176919;Proizvodi za kuæanstvo
POSLASTICA ZA PSE FRISK.126 g;235760;Friskies;0,1260;kg;1,99;15,79;;;1,99;7613035219793;Proizvodi za kuæanstvo
POSLASTICA ZA PSE FRISK.42 g;235761;Friskies;0,0420;kg;0,79;18,81;;;0,79;7613035219816;Proizvodi za kuæanstvo
HRA.ZA MAÈ.GOUR.PER.GOV.4X85 g;235762;Gourmet;0,3400;kg;3,09;9,09;;;3,09;7613032870393;Proizvodi za kuæanstvo
HRA.ZA MAÈ.GOUR.PER.PAÈ.4X85 g;235763;Gourmet;0,3400;kg;3,09;9,09;;;3,09;7613287781789;Proizvodi za kuæanstvo
HRA.ZA MAÈ.GOUR.PER.EXO.4X85 g;235764;Gourmet;0,3400;kg;3,09;9,09;;;3,09;7613031584765;Proizvodi za kuæanstvo
HRANA ZA STER.MAÈKE ONE 800 g;235801;One;0,8000;kg;5,59;6,99;;;5,59;8445290246813;Proizvodi za kuæanstvo
HRANA ZA MAÈ.ONE PUR.RI.800 g;235802;One;0,8000;kg;5,59;6,99;;;5,59;7613035468047;Proizvodi za kuæanstvo
HRANA ZA MAÈKE ONE LOS.800 g;235803;One;0,8000;kg;5,59;6,99;;;5,59;8445290080028;Proizvodi za kuæanstvo
KEKS SPECULAS KOESTLIN 200 g;235854;Speculaas;0,2000;kg;2,19;10,95;;;1,64;3856014117022;Hrana
KEKS SPECULAS KOESTLIN 400 g;235855;Speculaas;0,4000;kg;3,69;9,23;;;2,76;3856014116995;Hrana
JOG.ÈVRSTI 3,2% S BUDGET 180 g;235864;S-Budget;0,1800;kg;0,37;2,06;;;0,37;3856021200113;Hrana
Kob.dom.za peèenje;235887;Ravliæ;1,0000;kg;11,89;11,89;;;11,89;3859892966218;Hrana
JEGER DOMAÆI VP 300 g;235899;Medven;0,3000;kg;2,99;9,97;;;3,29;3859892811372;Hrana
JEGER PIK 300 g;235900;Sljeme;0,3000;kg;3,29;10,97;;;3,29;3850139170832;Hrana
ŠEÆER MLJEVENI FRANCK 250 g;235907;Franck;0,2500;kg;0,99;3,96;;;0,99;3858881087460;Hrana
ŠEÆER MLJEVENI FRANCK 500 g;235908;Franck;0,5000;kg;1,85;3,70;;;1,85;3858881087477;Hrana
KREMA BECUTAN HIDRATANT.200 ml;235938;Becutan;0,2000;L;5,15;25,75;;;5,15;5310001230944;Kozmetika
ŠAM.I KUPKA BECUTAN 2U1 400 ml;235939;Becutan;0,4000;L;5,59;13,98;;;5,59;5310001223434;Kozmetika
MLIJEK.BECUTAN ZA DJECU 400 ml;235940;Becutan;0,4000;L;5,49;13,73;;;5,49;5310001223373;Kozmetika
LOSOS DIVLJI SPAR 115 g;235969;SPAR Vital;0,1150;kg;4,79;41,65;;;4,79;9100000698182;Hrana
PESTO SPAR RAJÈICA,BOS.190 g;235975;SPAR marka kvalitete;0,1900;kg;2,49;13,11;;;2,49;8710671088406;Hrana
ŠTAPIÆI FREE FROM SLANI 110 g;235982;SPAR free from;0,1100;kg;2,19;19,91;;;2,14;9100000692524;Hrana
VINO POSTUP SKARAMUÈA 0,75 L;235995;;0,7500;l;14,19;18,92;;;14,19;3859888214347;Piæa
VINO ROSE SKARAMUÈA 0,75 L;235996;;0,7500;l;9,69;12,92;;;9,69;3859888214286;Piæa
KEKS MILKA CHOC & CHOC 150 g;236014;Milka;0,1500;kg;3,39;22,60;;;3,39;7622210413147;Hrana
Kobasica èajna Sljeme;236036;Sljeme;1,0000;kg;17,19;17,19;;;17,19;3850139230659;Hrana
TORTILLA ÈIPS SPAR SIR 200 g;236046;SPAR;0,2000;kg;1,29;6,45;;;1,29;8710671090232;Hrana
BOMBONIJERA FONTANA 194 g;236062;Fontana;0,1940;kg;4,99;25,72;;;5,01;3850102505289;Hrana
PJEN.VINO HUGO GRACIOSO 0,75 L;236159;Ekskluzivno za SPAR;0,7500;l;3,18;4,24;;;3,18;4002391301106;Piæa
PJEN.VINO HUGO ROSE 0,75 L;236160;Ekskluzivno za SPAR;0,7500;l;3,18;4,24;;;3,18;4002391302103;Piæa
DO.JEL.SPAR PASTA ASCIUTA 67 g;236244;SPAR marka kvalitete;0,0670;kg;1,19;17,76;;;1,19;9100000699301;Hrana
DOD.JEL.SPAR GULAŠ 73 g;236245;SPAR;0,0730;kg;1,19;16,30;;;1,19;9100000699325;Hrana
DOD.JEL.SPAR SPAG.CARBON.38 g;236246;SPAR marka kvalitete;0,0380;kg;1,19;31,32;;;1,19;9100000699349;Hrana
DOD.JEL.SPAR FAŠIRANCI 76 g;236247;SPAR marka kvalitete;0,0760;kg;1,19;15,66;;;1,19;9100000699363;Hrana
DOD.JEL.SPAR ŠNICLE 54 g;236248;SPAR marka kvalitete;0,0540;kg;1,19;22,04;;;1,19;9100000699424;Hrana
DOD.JEL.SPAR LAZANJE 75 g;236249;SPAR marka kvalitete;0,0750;kg;1,19;15,87;;;1,19;9100000699448;Hrana
DO.JEL.SPAR CHILI C.CARNE 55 g;236251;SPAR marka kvalitete;0,0550;kg;1,19;21,64;;;1,19;9100000699509;Hrana
DOD.JEL.SPAR GLJIVE 60 g;236252;SPAR marka kvalitete;0,0600;kg;1,19;19,83;;;1,19;9100000699547;Hrana
VINO ZLATAN PLAVAC EKO 0,75 L;236275;;0,7500;l;9,05;12,07;;;9,05;3859888437562;Piæa
SLADILO VITAL KSILITOL 1 kg;236299;SPAR Vital;1,0000;kg;8,79;8,79;;;7,99;9100000703190;Hrana
INST.KAKAO KRAŠ EXPRESS 400 g;236302;Kraš;0,4000;kg;4,29;10,73;;;4,29;3850102506996;Piæa
UMAK SPAR TEX MEX SRE.LJ.230 g;236337;SPAR marka kvalitete;0,2300;kg;1,89;8,22;;;1,85;8710671150943;Hrana
TORTILLE SPAR KUKURU.8/1 320 g;236349;SPAR;0,3200;kg;1,79;5,59;;;1,79;8710671151025;Hrana
PAN.FILET ALJ.UGLJ.SPAR 400 g;236385;SPAR;0,4000;kg;3,39;8,48;;;3,59;9100000703114;Hrana
VEGET.NAREZAK PIKANT VE 80 g;236389;SPAR Veggie;0,0800;kg;1,79;22,38;;;1,79;9100000978369;Hrana
LIKER PELIN S-BUDGET  0,7 L;236399;S-Budget;0,7000;l;6,29;8,99;;;6,27;3856021200175;Piæa
TRAVARICA S-BUDGET 0,7 L;236400;S-Budget;0,7000;l;7,99;11,41;;;7,99;3856021200137;Piæa
RAKIJA LOZA S-BUDGET  0,7 L;236401;S-Budget;0,7000;l;7,99;11,41;;;7,99;3856021200212;Piæa
RAKIJA LOZA S-BUDGET  0,1 L;236403;S-Budget;0,1000;l;1,19;11,90;;;1,29;3856021200236;Piæa
BRANDY S-BUDGET 0,1 L;236404;S-Budget;0,1000;l;1,19;11,90;;;1,29;3856021200250;Piæa
VEGETERIJ.NAREZ.KLASIK VE 80 g;236407;SPAR Veggie;0,0800;kg;1,69;21,13;;;1,69;9100000978321;Hrana
VINO EL CAM. CHARDONNAY 0,75 L;236427;;0,7500;l;4,22;5,63;;;4,22;7804661041265;Piæa
VINO EL CAM.SAUVI.BLANC 0,75 L;236428;;0,7500;l;4,22;5,63;;;4,22;3263280104067;Piæa
GEL TUŠ.AXE AFRICA 400 ml;236486;Axe;0,4000;L;4,99;12,48;;;4,99;54024892;Kozmetika
TUNA PAŠTETA POVRÆE EVA 95 g;236498;Podravka;0,0950;kg;1,89;19,89;;;1,79;3850104274961;Hrana
KETCHUP HEINZ LJUTI 570 g;236506;Heinz;0,5700;kg;3,39;5,95;;;2,99;8715700420363;Hrana
HRANA ZA PSE FRISK.JUN.2,4 kg;236519;Friskies;2,4000;kg;8,99;3,75;;;8,99;7613034232205;Proizvodi za kuæanstvo
PIVO KOZEL TAMNO 0,5 L LIM.;236540;Kozel;0,5000;l;1,58;3,16;;;1,58;8594404008042;Piæa
SOK JABUKA SPAR 1 L ;236594;SPAR Qualitätsmarke;1,0000;L;2,39;2,39;;;2,39;9100000034881;Piæa
VEGETER.NAR.KRASTAVAC VE 80 g;236752;SPAR Veggie;0,0800;kg;1,79;22,38;;;1,79;9100000978345;Hrana
VINO CHIANTI LE CHIANT.0,75 L ;236755;;0,7500;l;6,29;8,39;;;6,02;8016608003437;Piæa
INST.NAPITAK SPAR NARANÈA 1 kg;236762;SPAR;1,0000;kg;4,25;4,25;;;4,25;3856021200427;Piæa
INST.NAPITAK SPAR LIMUN 1 kg;236763;SPAR;1,0000;kg;4,25;4,25;;;4,25;3856021200441;Piæa
KEFIR 3,5%MM ZBREG.T-REX 1kg ;236768;Vindija;1,0000;kg;2,49;2,49;;;2,39;3850108030488;Hrana
GRAŠAK BONDUELLE VAPEUR 400 g;236975;Bonduelle;0,4000;kg;1,99;4,98;;;1,99;3083681036800;Hrana
DRAŽEJE PRESTIGE KANDIT 200 g;236984;Kandit;0,2000;kg;7,59;37,95;;;7,59;3858889861550;Hrana
KEKS PLAZMA MLJEVENI 300 g;237038;Bambi;0,3000;kg;2,99;9,97;;;3,19;8600043001105;Hrana
MUSLI PLOÈICA CORNY DARK 40 g;237059;Corny;0,0400;kg;1,19;29,75;;;1,19;4011800583118;Hrana
WHISKEY JAMESON 4,5L;237082;Jameson;4,5000;l;167,29;37,18;;;159,99;5011007021160;Piæa
GAZIRANO PIÆE COCA-COLA 2X2 L;237233;Coca-Cola;4,0000;l;4,49;1,12;;;4,39;5449000059338;Piæa
VINO ORAHOVICA SILV.KV.0,75 L;237283;;0,7500;l;6,59;8,79;;;5,52;3858889831201;Piæa
VINO IL BARONE CAB.SAUV.0.75 L;237303;Exklusiv bei SPAR;0,7500;l;3,21;4,28;;;3,21;9100300200467;Piæa
ENE.PIÆE MONSTER GREEN 4X0,5 L;237369;Monster;2,0000;l;7,69;3,85;;;7,69;5060335635181;Piæa
ÐUMBIR U PRAHU ENCIAN 150 g;237397;Encian;0,1500;kg;7,56;50,40;;;7,56;3858890101546;Hrana
ZAGREBAÈKI ODREZAK LEDO 400 g;237550;Ledo;0,4000;kg;8,99;22,48;;;7,49;3850116102917;Hrana
BEÈKI ODREZAK LEDO 400 g;237552;Ledo;0,4000;kg;8,49;21,23;;;7,49;3850116102900;Hrana
OSV.ZA WC BREF BLUE AKT.2X50 g;237574;Bref;0,1000;kg;3,29;32,90;;;4,95;9000100889391;Sredstva za èišæenje
JUHA KREM OD RAJÈ.S MOZZA.80 g;237608;Podravka;0,0800;kg;1,59;19,88;;;1,59;3850104278198;Hrana
BRAŠNO ¨00¨ BIO DESPAR 1 kg;237628;Despar;1,0000;kg;1,79;1,79;;;1,79;8001300400585;Hrana
KRUH KAMUT NAR.DESPAR BIO 400g;237638;Despar;0,4000;kg;2,49;6,23;;;2,52;8001300701958;Hrana
HRANA ZA MAÈ.GOUR.GOLD.JA.85 g;237643;Gourmet;0,0850;kg;0,89;10,47;;;0,92;7613032814571;Proizvodi za kuæanstvo
POSLAST.ZA PSE GOVEDINA 4X11 g;237646;Vitakraft;0,0440;kg;1,69;38,41;;;1,69;4008239289155;Proizvodi za kuæanstvo
MASLINE PODRAVKA ZELENE 350 g;237662;Podravka;0,2000;kg;2,79;13,95;;;2,79;3850104279270;Hrana
MASLINE PODRAVKA ZEL.BK.650 g;237663;Podravka;0,3200;kg;4,69;14,66;;;4,69;3850104279300;Hrana
MASLINE POD.ZEL.PUNJ.PAP.350 g;237664;Podravka;0,1900;kg;3,69;19,42;;;3,74;3850104279317;Hrana
MASLINE PODRAVKA ZEL.BK.330 g;237665;Podravka;0,1600;kg;2,99;18,69;;;2,89;3850104279294;Hrana
MASLINE PODRAVKA ZELENE 700 g;237666;Podravka;0,4000;kg;4,59;11,48;;;4,59;3850104279287;Hrana
MASLINE POD.ZEL.PUNJ.PAP.680 g;237667;Podravka;0,3900;kg;5,69;14,59;;;5,74;3850104279263;Hrana
PRUTIÆI ZA GLODAV. FIFFY 150 g;237668;Fiffy;0,1500;kg;1,79;11,93;;;1,79;9100000703077;Proizvodi za kuæanstvo
MIX ZA PECIVA NATURA 150 g;237679;Natura;0,1500;kg;0,99;6,60;;;0,99;3859892798079;Hrana
ÈOK.MILKA TOFFEE NUTS 300 g;237696;Milka;0,3000;kg;6,79;22,63;;;6,79;7622210417534;Hrana
KREMA ZA DEPIL.AFRODITA 100 ml;237734;Afrodita;0,1000;L;5,79;57,90;;;6,49;3830001292695;Kozmetika
KREMA ZA DEP.AFRODITA 50 ml;237736;Afrodita;0,0500;L;5,19;103,80;;;5,79;3830001290530;Kozmetika
KAŠICA LINO JABUKA BAN.190 g;237743;Lino;0,1900;kg;1,59;8,37;;;1,59;3850104280092;Hrana
KAŠICA LINO JABUKA KEKS 190 g;237744;Lino;0,1900;kg;1,59;8,37;;;1,59;3850104280108;Hrana
KAŠICA LINO ŠLJIVA JAB.190 g;237749;Lino;0,1900;kg;1,59;8,37;;;1,59;3850104280023;Hrana
ŠAMP.H&S APPLE 250 ml;237785;Head&Shoulders;0,2500;L;4,29;17,16;;;4,29;8006540063248;Kozmetika
ŠAMP.H&S CITRUS 250 ml;237791;Head&Shoulders;0,2500;L;4,29;17,16;;;4,29;8006540063286;Kozmetika
ŠAMP.H&S CLASSIC CLEAN 250 ml;237793;Head&Shoulders;0,2500;L;4,29;17,16;;;4,29;8006540063330;Kozmetika
ŠAMP.H&S MENTHOL 250 ml;237795;Head&Shoulders;0,2500;L;4,29;17,16;;;4,29;8006540063385;Kozmetika
SIR RIB.ZA PIZZU S-BUDG.250 g;237853;S-Budget;0,2500;kg;2,69;10,76;;;2,59;9100000997179;Hrana
SIR KOZJI SVJEŽI NP BIO 140 g;237902;SPAR Natur*pur;0,1400;kg;2,99;21,36;;;2,98;9100000696133;Hrana
PIVO ESTRELLA 0,33 L;237904;;0,3300;l;1,79;5,42;;;1,79;8410793282934;Piæa
ZAÈ.DIMLJ.SLAT.MLJ.PAPRIK.70 g;237969;;0,0700;kg;1,49;21,29;;;1,49;3850104280894;Hrana
SRE.FROSCH ZA ÈIŠ.KUPAO.500 ml;238028;Frosch;0,5000;L;3,19;6,38;;;3,19;4009175941541;Sredstva za èišæenje
KEKS MOTO KAKAO I MLIJ.288 g;238048;Moto;0,2880;kg;2,99;10,38;;;2,99;3850102522866;Hrana
SIR RACLETTE SPAR 200 g;238106;SPAR;0,2000;kg;3,79;18,95;;;3,79;9100000704876;Hrana
FONDUE PRIPRAVAK SPAR 400 g;238107;SPAR;0,4000;kg;4,49;11,23;;;4,49;9100000809144;Hrana
NAMAZ MIJEŠANI SPAR 250 g;238109;SPAR;0,2500;kg;2,99;11,96;;;3,29;9100000700663;Hrana
GIN HENDRICKS 0,7 L;238114;;0,7000;l;;41,41;28,99;40,02;40,02;5010327755014;Piæa
WHISKEY TOGOUCHI BLEND 0,7L;238116;;0,7000;l;51,99;74,27;;;53,12;4901903064105;Piæa
WHISKEY AKASHI BLEND 0,5 L;238117;;0,5000;l;40,59;81,18;;;40,99;4969265703308;Piæa
RAKIJA VILJAMOVKA SIMEX 0,7 L;238118;;0,7000;l;14,92;21,31;;;14,92;8600101698704;Piæa
RAKIJA ŠLJIVOVICA MANASTIR.1 L;238204;;1,0000;l;14,02;14,02;;;14,02;8600101698582;Piæa
ZAÈ.PAPRIKA MLJ.SLAT.ŠAF.100 g;238221;;0,1000;kg;1,45;14,50;;;1,45;3859892109363;Hrana
OSV.FINISH ZA PER.POSUÐA 1/1 ;238344;Finish;1,0000;kom;2,24;2,24;;;2,24;4002448046486;Sredstva za èišæenje
MAHUNA ŽUTA S-BUDGET 1 kg;238349;S-Budget;1,0000;kg;2,35;2,35;;;2,49;3856021200298;Hrana
KAVA CREMA FRANCK 175 g;238353;Franck;0,1750;kg;4,39;25,09;;;4,39;3858881087637;Piæa
KAVA CREMA FRANCK 250 g;238355;Franck;0,2500;kg;5,39;21,56;;;5,39;3858881087644;Piæa
KAVOVINA INSTANT BIANKA 125 g;238356;Bianka;0,1250;kg;3,49;27,92;;;3,49;3858881087545;Piæa
KAVOV.INST.BIANKA CLASS.110 g;238357;Franck;0,1100;kg;3,85;35,00;;;3,85;3858881087538;Piæa
OBITELJSKO PECIVO S.BUDG.360 g;238400;S-Budget;0,3600;kg;2,19;6,08;;;2,19;3856021200595;Hrana
KRVAVICA VP;238524;Sljeme;1,0000;kg;6,49;6,49;;;6,49;3850139330199;Hrana
PAPRIKA PUNJ. SA ZELJEM 760 g;238552;;0,4000;kg;3,59;8,98;;;3,59;3859890799245;Hrana
KOBASICA GOVEÐA 300 g;238614;Gavrilovic;0,3000;kg;9,39;31,30;;;6,99;3858890203639;Hrana
KULEN BELJE NAREZAK 100 g;238619;Belje;0,1000;kg;3,69;36,90;;;3,49;3850257053215;Hrana
Kulenova seka;238629;Gavrilovic;1,0000;kg;19,79;19,79;;;19,79;3858892725924;Hrana
BRAŠNO KOKOS NATUR PUR 200 g;238643;Spar Natur pur;0,2000;kg;2,49;12,45;;;1,79;9100000158327;Hrana
VAN.ŠTA.NATUR PUR BURBON 2 kom;238653;Spar Natur pur;2,0000;kom;2,99;1,50;;;2,99;9100000745169;Hrana
ŽELATINA NATUR PUR 20 g;238654;Spar Natur pur;0,0200;kg;1,29;64,50;;;1,32;9100000764092;Hrana
NOGICE SVINJSKE DIMLJENE VP;238667;Medven;1,0000;kg;2,59;2,59;;;1,99;3859893326097;Hrana
ÈETKICA COLGATE SLIM SOFT;238735;Colgate;1,0000;kom;4,39;4,39;;;4,64;8714789954431;Kozmetika
PISTAC.NESL.PRŽ.S-BUDGET 200 g;238801;S-Budget;0,2000;kg;3,89;19,45;;;3,69;9100000703992;Hrana
KRAÈICA SUHA SVINJSKA VP;238821;Pik;1,0000;kg;7,69;7,69;;;7,49;3850139181456;Hrana
ULJE SUNCOKRETO.ZVIJEZDA 4x1 L;238985;Zvijezda;4,0000;L;6,35;1,59;;;5,99;3856015312044;Hrana
ŽIT.LINO PILLOW.BIJELO P.500 g;239017;Podravka;0,5000;kg;4,99;9,98;;;4,99;3850104263613;Hrana
NAMAZ MANGO CHU PATAKS 340 g;239024;;0,3400;kg;6,29;18,50;;;6,29;0069276220031;Hrana
BOMBO.MERCI CRISPY SELEC.250 g;239103;Merci;0,2500;kg;;23,96;5,99;7,99;7,99;4014400917956;Hrana
BOMB.FONTANA LEDENE KOC. 146 g;239156;Fontana;0,1460;kg;4,29;29,38;;;4,29;3850102007936;Hrana
MAJONEZA THOMY VREÆICA 263 g;239225;Thomy;0,2630;kg;3,15;11,98;;;3,19;3858890178678;Hrana
KULENOVA SEKA NAREZAK 80 g;239431;Gavrilovic;0,0800;kg;2,29;28,63;;;2,35;3858890206463;Hrana
KOBASICA GOVEÐA NAREZAK 80 g;239433;Gavrilovic;0,0800;kg;3,25;40,63;;;2,99;3858890203653;Hrana
PAŠTETA TELEÆA JETRENA 125 g;239436;Krainer;0,1250;kg;1,99;15,92;;;2,19;9004286421772;Hrana
RIŽA PREMIUM SUSHI 250 g;239449;Premium;0,2500;kg;1,59;6,36;;;1,59;9100000746593;Hrana
WHISKEY CHIVAS EXT.13YO 0,7 L;239458;Chivas;0,7000;l;43,99;62,84;;;44,52;5000299611104;Piæa
ZAÈ.MJ.VEG.TWIS.ZLA.PILE.30 g;239471;;0,0300;kg;1,19;39,67;;;1,19;3850104278563;Hrana
ZAÈ.MJ.VEG.TWI.SVINJ.VRE.30 g;239472;Podravka;0,0300;kg;1,19;39,67;;;1,19;3850104280900;Hrana
ZAÈIN VEGETA TWIST RIBA 30 g;239473;Podravka;0,0300;kg;1,19;39,67;;;1,19;3850104278617;Hrana
ZAÈIN VEGETA TWIST SALATA 30 g;239474;Podravka;0,0300;kg;1,19;39,67;;;1,19;3850104278600;Hrana
ZAÈ.VEGETA TWIST PILETINA 30 g;239476;;0,0300;kg;1,19;39,67;;;1,19;3850104278594;Hrana
ZAÈ.VEG.TWIST GRILL CLAS.30 g;239477;;0,0300;kg;1,19;39,67;;;1,19;3850104277207;Hrana
ZAÈ.VEGETA TWIST HRS.KRUM.30 g;239478;Podravka;0,0300;kg;1,19;39,67;;;1,19;3850104278570;Hrana
ZAÈ.VEGETA TWIST KRUMPIR 30 g;239480;Podravka;0,0300;kg;1,19;39,67;;;1,19;3850104278587;Hrana
KREM.ZA LICE AFRODI. K.D.50ml;239503;Afrodita;0,0500;L;9,59;191,80;;;9,59;3831070659952;Kozmetika
MALE TULUMBE 500 g;239513;;0,5000;kg;3,58;7,16;;;3,58;5319990443502;Hrana
VINO ORMOŽ TRAMINEC 0,75 L;239637;;0,7500;l;8,49;11,32;;;8,19;3830078701663;Piæa
BIO MANDARINA NP 1 kg;239645;SPAR Natur*pur;1,0000;kg;2,19;2,19;;;2,49;3856021214127;Hrana
PAŠTETA ARGETA SARDINA 95 g;239666;Argeta;0,0950;kg;1,49;15,68;;;1,38;3838471029919;Hrana
ÈVARCI 90 g SILMA;239683;Silma;0,0900;kg;3,79;42,11;;;3,79;3859892782139;Hrana
PAŠTETA PODRAVKA ÈAJNA 95 g;239697;Podravka;0,0950;kg;1,29;13,58;;;1,29;3858886469209;Hrana
FLIPS NATUR PUR BIO 80 g;239708;Spar Natur pur;0,0800;kg;1,19;14,88;;;1,19;9100000705019;Hrana
ÈAJ BRUSNICA XXL PODRAVKA 80 g;239876;Podravka;0,0800;kg;3,39;42,38;;;3,09;3850104270345;Piæa
ÈAJ KAMILICA XXL PODRAVKA 40 g;239878;Podravka;0,0400;kg;2,55;63,75;;;2,33;3850104249105;Piæa
KAVA CREMA MLJEVENA FRANCK 9 g;239893;Franck;0,0090;kg;0,45;50,00;;;0,39;3858881087866;Piæa
ŽIT.VITALIS HRS.JAST.ÈOK.300 g;239907;Vitalis;0,3000;kg;4,39;14,63;;;4,39;4000521018245;Hrana
SOK HIPP ŠLJIVA KRUŠKA 200 ml;239909;Hipp;0,2000;l;1,29;6,45;;;1,29;9062300129882;Piæa
EKSP.PROIZVOD VITAL RIŽA 120 g;239988;SPAR Vital;0,1200;kg;1,39;11,58;;;1,39;8001300450016;Hrana
EKSP.PROIZVOD VITAL KUK.120 g;239989;SPAR Vital;0,1200;kg;1,39;11,58;;;1,39;8001300803508;Hrana
EKSP.PROIZVOD VITAL DINK.120 g;239990;SPAR Vital;0,1200;kg;1,39;11,58;;;1,39;8001300450023;Hrana
PRUT.OD RIŽ.I KUKURUZ.BIO 200g;239991;SPAR Vital;0,2000;kg;2,49;12,45;;;2,49;8001300450047;Hrana
EKSP.PROIZVOD VITAL KUKU.200 g;239992;SPAR Vital;0,2000;kg;1,99;9,95;;;1,99;8001300450030;Hrana
RIŽA SPAR VITAL INTEGRAL 500 g;240004;SPAR Vital;0,5000;kg;1,99;3,98;;;1,99;8001300400448;Hrana
NEKTAR FRUCTAL JAGODA 0,2 L;240126;Fructal;0,2000;L;0,89;4,45;;;0,89;3838945028561;Piæa
NEKTAR FRUCTAL JABUKA 0,2 L;240132;Fructal;0,2000;L;0,89;4,45;;;0,89;3838945028547;Piæa
LEÆA VITAL 400 g;240147;SPAR Vital;0,2400;kg;1,59;6,63;;;1,59;9100000747507;Hrana
SLANUTAK VITAL BIO 400 g;240150;SPAR Vital;0,2400;kg;1,79;7,46;;;1,79;9100000747460;Hrana
CORNFLAK.S.V.BEZ ŠEÆERA 375 g;240155;SPAR Vital;0,3750;kg;2,19;5,84;;;2,25;9100000154671;Hrana
LIKER MARASKA PELINKOVAC 0,7 L;240161;;0,7000;l;12,02;17,17;;;12,02;3850158406820;Piæa
UNIV.SRE.SANYTOL ZA ÈIŠ.500 ml;240199;Sanytol;0,5000;L;3,59;7,18;;;3,39;3045200700005;Sredstva za èišæenje
SRED.SANYTOL ZA ÈIŠ.KUP.500 ml;240202;Sanytol;0,5000;L;3,59;7,18;;;3,39;3045206393003;Sredstva za èišæenje
RAJÈICA PREMIUM MARZANO 400 g;240284;SPAR Premium;0,4000;kg;2,19;5,48;;;2,19;8001300240280;Hrana
RAJÈ.PREMIUM DATTERINI 400 g;240289;SPAR Premium;0,4000;kg;1,29;3,23;;;1,29;8001300240297;Hrana
DODAT.JEL.S POVRÆEM 200 g ;240333;;0,2000;kg;1,06;5,30;;;1,06;3859892109790;Hrana
JUHA IN.FINI MIN.ŠPIN.SIR 23 g;240435;;0,0230;kg;0,89;38,70;;;0,89;3850104282010;Hrana
JUHA IN.FINI MIN.KRE.BUND.23 g;240436;;0,0230;kg;0,89;38,70;;;0,89;3850104281976;Hrana
GEL ZA TUŠ.LACTOVIT LAC.300 ml;240447;Lactovit;0,3000;L;2,69;8,97;;;2,69;8595059740295;Kozmetika
Salama obložena parmez.;240626;Sorger;1,0000;kg;;19,99;19,99;22,49;31,63;9002055006533;Hrana
KOZICE SPAR PREMIUM 400 g;240628;SPAR PREMIUM;0,4000;kg;10,99;27,48;;;9,99;3831115320496;Hrana
SPAR MINI ROLA.S LJEŠNJAK.180g;240655;SPAR;0,1800;kg;1,19;6,61;;;1,19;3856021202612;Hrana
SPAR MINI ROLADE S VANILI.180g;240656;SPAR;0,1800;kg;1,19;6,61;;;1,19;3856021202599;Hrana
VANIL.ŠEÆER DR.OETKER XXL 40 g;240671;Dr. Oetker;0,0400;kg;0,59;14,75;;;0,59;5997381358279;Hrana
DEKOR KRISTALIÆI ROZI 10 g;240676;Dr. Oetker;0,0100;kg;0,69;69,00;;;0,69;5907707056925;Hrana
SVIJEÆ.DR.OETKER HAPPY BRTHDAY;240681;Dr. Oetker;1,0000;kom;3,79;3,79;;;3,79;4000521035532;Hrana
Šunka pureæa delik.;240786;Gavrilovic;1,0000;kg;13,99;13,99;;;13,29;3858890205855;Hrana
SOL KUHINJS.SITNA MORSKA 5 kg;240794;;5,0000;kg;2,79;0,56;;;2,79;3859888817135;Hrana
POSEB.SB PILEÆA SA SIROM 500 g;240835;S-Budget;0,5000;kg;1,99;3,98;;;1,99;3856021200526;Hrana
KREMA NEVEN OLIVAL 250 ml;240872;Olival;0,2500;L;4,09;16,36;;;4,09;3859892751661;Kozmetika
DODAT.JELIMA S POVRÆEM 200 g ;240951;;0,2000;kg;1,59;7,95;;;1,59;3859892109806;Hrana
DODAT.JELIMA S POVRÆEM 400 g ;240953;;0,4000;kg;1,98;4,95;;;1,98;3859892109783;Hrana
BRIT.INDOR JEDN.MUŠ. 3 OŠT.5/1;240964;Indor;5,0000;kom;1,69;0,34;;;1,69;3858885845622;Kozmetika
BRIT.INDOR JEDN.ŽEN. 3 OŠT.5/1;240965;Indor;5,0000;kom;1,69;0,34;;;1,69;3858885845677;Kozmetika
KAKAO U PRAHU ANAMARIJA 100 g;240975;Anamarija;0,1000;kg;2,29;22,90;;;2,29;3858881773608;Piæa
MUESLI NATUREL ÈOKOLADA 350 g;240984;Naturel;0,3500;kg;2,49;7,11;;;3,59;3859889139304;Hrana
MUESLI NATUREL LJEŠNJAK 350 g;240985;Naturel;0,3500;kg;2,49;7,11;;;3,59;3859889139427;Hrana
VRHNJE KIS.NP BIO 15%M.M.250 g;240997;Spar Natur pur;0,2500;kg;1,17;4,68;;;1,17;9100000709765;Hrana
ZAÈ.PAPRIKA LA CHINATA SL.70 g;241021;;0,0700;kg;4,79;68,43;;;5,99;8421401201209;Hrana
ZAÈ.PAPRIKA LA CHINATA LJ.70 g;241022;;0,0700;kg;4,79;68,43;;;5,99;8421401301206;Hrana
ZAÈIN GOTAN PRŽENI LUK 100g;241023;Go-tan;0,1000;kg;2,49;24,90;;;2,49;8710605030938;Hrana
TJESTENINA GOTAN NEST 250 g;241027;;0,2500;kg;3,29;13,16;;;3,99;8710605028492;Hrana
TJESTENINA GOTAN NEST 250 g;241029;;0,2500;kg;3,19;12,76;;;3,99;8710605028430;Hrana
TJESTENINA GOTAN RAMEN 250 g;241030;;0,2500;kg;2,99;11,96;;;3,69;8710605028447;Hrana
KRUH PROTEINSKI S MRKVOM 250 g;241038;Encian;0,2500;kg;3,16;12,64;;;3,00;4000446011420;Hrana
OSVJ.PIÆE VINDI MULTIV.BCE 2 L;241055;;2,0000;L;2,49;1,25;;;1,99;3850108072792;Piæa
NEKTAR VINDIJA NARANÈA 1 L;241056;Vlastite potrebe;1,0000;L;1,29;1,29;;;1,29;3850108071351;Piæa
VINO PETRAÈ KARIZMA 0,75 L;241059;;0,7500;L;18,32;24,43;;;18,32;3859892634070;Piæa
HREN.WUDY FRANKFURTER XXL 360g;241079;Wudy;0,3600;kg;1,99;5,53;;;1,85;8008110559830;Hrana
KUGLOF MRAMORNI S BUDGET 400 g;241113;S-Budget;0,4000;kg;2,59;6,48;;;2,59;3858889119972;Hrana
PANI.PILEÆI ŠTAPIÆI LEDO 300 g;241124;Ledo;0,3000;kg;4,79;15,97;;;4,79;3850116101828;Hrana
REPA KISELA MAD. 500 g;241136;;0,4350;kg;1,99;4,57;;;1,99;3859891493449;Hrana
KOBASICA PUREÆA POSEBNA 500 g;241157;Perutnina;0,5000;kg;;3,38;1,69;1,79;1,79;3850220151757;Hrana
BARBOSSA SPICED GOLD 0,7 L;241161;Weingut Schloss Fels;0,7000;L;7,22;10,31;;;7,22;9100300166039;Piæa
VODA IZVORSKA SANTA 1,5 L;241210;Santa;1,5000;l;,82;0,55;;;0,82;3859891355013;Piæa
VODA IZVORSKA SANTA 0,5 L;241211;Santa;0,5000;l;,69;1,38;;;0,69;3859891355020;Piæa
VODA GAZIRANA SANTA 1,5 L;241212;Santa;1,5000;l;,82;0,55;;;0,82;3859891355044;Piæa
VODA GAZIRANA SANTA 0,5 L;241213;Santa;0,5000;l;,69;1,38;;;0,69;3859891355051;Piæa
VOÆ.JOG.JAGODA S-BUDGET 150 g;241249;S-Budget;0,1500;kg;0,37;2,47;;;0,37;3856021211782;Hrana
LISTOVI ZA SAVIJ.CLARUM 300 g ;241251;Clarum;0,3000;kg;0,99;3,30;;;0,99;3858891271590;Hrana
VOÆ.JOG.BRES/ŠUM.V.S-BUD.150 g;241253;S-Budget;0,1500;kg;0,37;2,47;;;0,37;3856021211768;Hrana
PAŠTETA OD TUNE SPAR 95 g;241255;SPAR;0,0950;kg;1,55;16,32;;;1,44;3856021200274;Hrana
VINO ZLATAN POŠIP GR.SEL.1,5 L;241293;;1,5000;l;30,02;20,01;;;30,02;3859888437685;Piæa
VINO STINA PLAVAC  0,75 L;241302;;0,7500;l;18,42;24,56;;;18,42;3859892605049;Piæa
INDIJ.ORAŠÈIÆI S-BUDGET 150 g;241306;S-Budget;0,1500;kg;2,99;19,93;;;2,35;9100000690049;Hrana
TJEST.S-BUDGET TORTIGLION 1 kg;241344;S-Budget;1,0000;kg;1,69;1,69;;;1,85;9100000715667;Hrana
TUNA FJK KOMADI ÈILI 170 g;241365;Franz Jozef Kaiser;0,1200;kg;;19,25;2,31;2,89;2,89;8595241504971;Hrana
TEK.SAPUN AFRODITA ARG.300 ml;241407;Afrodita;0,3000;L;3,49;11,63;;;3,49;3831070651642;Kozmetika
TOA.PAPIR ZEWA VLAŽNI N.C.42/1;241418;Zewa;42,0000;kom;2,19;0,05;;;2,19;7322540796520;Toaletne potrepštine
PEL.VIOLETA JUN.P.6 16+KG 48/1;241439;Violeta;48,0000;kom;12,99;0,27;;;11,99;3870128010314;Toaletne potrepštine
PEL.VIOLETA JUN.5 11-18KG 52/1;241440;Violeta;52,0000;kom;13,99;0,27;;;13,99;3870128010291;Toaletne potrepštine
PEL.VIOLETA MAXI 4 7-18KG 60/1;241441;Violeta;60,0000;kom;14,99;0,25;;;15,89;3870128010253;Toaletne potrepštine
PEL.VIOLETA MIDI 3 4-9KG 66/1;241442;Violeta;66,0000;kom;14,99;0,23;;;15,92;3870128010222;Toaletne potrepštine
PIVO ESTRELLA DAMM LIM 0,5 L;241471;;0,5000;l;1,65;3,30;;;1,79;8410793286123;Piæa
PEL.VIOLETA MAX.4+ 9-20KG 56/1;241569;Violeta;56,0000;kom;14,99;0,27;;;15,92;3870128010277;Toaletne potrepštine
KIKIRIKI S BUDGET 500 g;241570;S-Budget;0,5000;kg;2,29;4,58;;;1,99;8057204091961;Hrana
BABY PODLOGE VIOLETA 10/1 ;241584;Violeta;10,0000;kom;4,37;0,44;;;4,37;3870128006485;Toaletne potrepštine
KAVA BARCAFFE BLACK & EASY11 g;241600;Barcaffe;0,0110;kg;0,39;35,45;;;0,35;3838471030359;Piæa
SARDINA VITAL MASL.ULJE 120 g;241647;SPAR Vital;0,1200;kg;4,19;34,92;;;4,19;9100000126180;Hrana
BOMB.GUMENI VEG.ROYAL  200 g;241655;SPAR Veggie;0,2000;kg;1,49;7,45;;;1,49;9100000699288;Hrana
SPUŽVA ABRAZIVNA 1/1;241695;;1,0000;kom;1,19;1,19;;;1,19;3872292000047;Proizvodi za kuæanstvo
SPUŽVA ABRAZIVNA 3/1;241697;;3,0000;kom;1,99;0,66;;;1,99;3872292000054;Proizvodi za kuæanstvo
SPUŽVA ZA INOX I TEFLON 1/1;241702;;1,0000;kom;1,72;1,72;;;1,72;3872292000085;Proizvodi za kuæanstvo
KRPA SPUŽVASTA 3/1;241704;;3,0000;kom;2,65;0,88;;;2,65;3872292000023;Proizvodi za kuæanstvo
Hama odrezak;241705;;1,0000;kg;12,99;12,99;;;12,79;3858890591880;Hrana
ŽICA ZA SUÐE 3/1;241707;;3,0000;kom;2,65;0,88;;;2,65;3872292000146;Proizvodi za kuæanstvo
VINO FRANKOV.MALVAZIJA 0,75 L;241725;;0,7500;l;12,99;17,32;;;11,98;3857500010308;Piæa
CAPPUCCINO GLORIA ÈOKO.200 g;241726;Gloria;0,2000;kg;2,79;13,95;;;2,79;3850291055558;Piæa
CAPPUCCINO GLORIA CLASS. 200 g;241727;Gloria;0,2000;kg;2,79;13,95;;;2,79;3858881087804;Piæa
SIR POL.KUH.PLEMIÆKI 200 g;241735;Euro Milk;0,2000;kg;;14,95;2,99;3,99;4,29;3859889770439;Hrana
VOÆNI NAM.S-BUDGET ŠIPAK 700 g;241762;S-Budget;0,7000;kg;2,99;4,27;;;2,99;3856021200656;Hrana
VOÆ.NAM.S-BUDG.MIJEŠANI 700 g;241765;S-Budget;0,7000;kg;2,49;3,56;;;2,49;3856021200878;Hrana
VOÆ.NAM.S-BUDG.MARELICA 700 g;241767;S-Budget;0,7000;kg;2,49;3,56;;;2,49;3856021200649;Hrana
MESNI DORUÈAK SPAR 150 g;241782;SPAR;0,1500;kg;1,39;9,27;;;1,39;3858889119651;Hrana
CAPPUCCI.GLORIA VANILIJA 200 g;241825;Gloria;0,2000;kg;2,79;13,95;;;2,79;3858881087828;Piæa
MAR.DR.BECKMANN ZA BJEL.R.15/1;241886;Dr. Beckmann;15,0000;kom;4,09;0,27;;;4,09;4008455049816;Proizvodi za kuæanstvo
ÈET.ZA ZUB.BEAUTY KISS KID.1/1;241974;Beauty Kiss;1,0000;kom;0,95;0,95;;;0,95;9100000033549;Toaletne potrepštine
PIVO PITTING.4,2% 6X0.5 L LIM;241980;Pittinger;3,0000;l;4,99;1,66;;;3,39;9100000060088;Piæa
KEKS BELVEDERE MANNER 400 g;242191;Manner;0,4000;kg;3,09;7,73;;;2,52;9000331608709;Hrana
ÈAJ NATURAVITA METVICA 30 g;242218;Naturavita;0,0300;kg;1,55;51,67;;;1,55;3858884090542;Piæa
ÈAJ NATUR.BRUSNICA I NAR 46 g;242220;Naturavita;0,0460;kg;2,15;46,74;;;2,15;3858884090566;Piæa
ÈAJ NATURAVITA ZELENI ÈAJ 40 g;242221;Naturavita;0,0400;kg;1,79;44,75;;;1,79;3858884090580;Piæa
ÈAJ NATURAV.KAMILICA MAXI 40g;242222;Naturavita;0,0400;kg;2,34;58,50;;;2,34;3858884090689;Piæa
ÈAJ NATURAVITA ŠUM.VOÆE 120 g;242223;Naturavita;0,1200;kg;3,13;26,08;;;3,13;3858884090696;Piæa
ÈAJ NATUR.BRUS.I NAR MAXI 92 g;242224;Naturavita;0,0920;kg;3,19;34,67;;;3,19;3858884090658;Piæa
ÈAJ NATURAVITA KAMILICA 20 g;242225;Naturavita;0,0200;kg;1,55;77,50;;;1,55;3858884090528;Piæa
ÈAJ NATUR.ŠIPAK HIBISKUS 50 g;242226;Naturavita;0,0500;kg;2,09;41,80;;;2,09;3858884090535;Piæa
ÈAJ NATURAV.ŠIPAK HIBISK.100 g;242229;Naturavita;0,1000;kg;3,19;31,90;;;3,19;3858884090627;Piæa
ÈAJ NATURAVITA UVIN INST.180 g;242231;Naturavita;0,1800;kg;6,69;37,17;;;5,89;3858884090719;Piæa
ÈAJ NATURAVITA KOPRIVA 30g;242235;Naturavita;0,0300;kg;2,19;73,00;;;2,19;3858884090634;Piæa
ÈAJ NATURAV. ZELENI MAXI 80 g;242236;Naturavita;0,0800;kg;2,34;29,25;;;2,34;3858884090672;Piæa
ÈAJ NATURAVITA ZELENI 40 g;242237;Naturavita;0,0400;kg;1,99;49,75;;;1,99;3858884090603;Piæa
HRANA ZA MAÈ.WHISK.PILE.1,4 kg;242279;Whiskas;1,4000;kg;8,99;6,42;;;8,99;5998749129784;Proizvodi za kuæanstvo
HRANA ZA MAÈ.WHISK.GOV.1,4 kg;242281;Whiskas;1,4000;kg;8,99;6,42;;;8,99;5998749129746;Proizvodi za kuæanstvo
HRANA ZA MAÈ.WHISK.TUNA 1,4 kg;242282;Whiskas;1,4000;kg;8,99;6,42;;;8,99;5998749129944;Proizvodi za kuæanstvo
BAKALAR BIANCO TRENTON 165 g;242337;Trenton;0,1650;kg;3,99;24,18;;;3,99;3859893081217;Hrana
PAŠTETA OD DIM.LOS.TRENT.165 g;242342;Trenton;0,1650;kg;3,69;22,36;;;3,69;3859893081187;Hrana
KREMA NIVEA CARE UNIVER.200 ml;242345;Nivea;0,2000;L;7,29;36,45;;;8,49;42449829;Kozmetika
MASLIN.PUNJ.TUNOM PRE.240 g;242348;SPAR PREMIUM;0,1300;kg;5,99;46,08;;;5,99;8001300241348;Hrana
BRA.PREMIUM TIP 0 MANITOB.1 kg;242349;SPAR Premium;1,0000;kg;1,89;1,89;;;1,85;8001300240662;Hrana
ÈOK.JAJA DESP.PREM.LJEŠ.150 g;242350;SPAR PREMIUM;0,1500;kg;2,79;18,60;;;0,99;8001300801849;Hrana
ÈOK.ŽIVOTINJSKO CARSTVO 15 g;242376;Životinjsko Carstvo;0,0150;kg;0,69;46,00;;;0,69;3850102507979;Hrana
ZOB.DOBRA KAŠA MALIN.VAN.260 g;242431;;0,2600;kg;;7,50;1,95;3,29;3,29;8595054901073;Hrana
ZOB.DOBRA KAŠA ŠUMSK.VOÆ.260 g;242433;;0,2600;kg;;7,50;1,95;3,29;3,29;8595054902247;Hrana
MASLINE FJK CRNE OTKOŠT.300 g;242439;Franz Jozef Kaiser;0,1700;kg;;10,29;1,75;2,19;2,19;8595241505886;Hrana
KEKS SARA CLASSIC 220 g;242455;Sara;0,2200;kg;;6,77;1,49;1,79;1,59;3850102012763;Hrana
KEKS GRIESSON COOK.BROWN.150 g;242457;Griesson;0,1500;kg;2,39;15,93;;;2,39;4001518117019;Hrana
POSLAS.ZA PSE BEEF STICK  24 g;242562;Vitakraft;0,0240;kom;1,29;53,75;;;1,29;4008239184399;Proizvodi za kuæanstvo
POSLAST.ZA PSE BEEF STICK 12 g;242564;;0,0120;kom;,69;57,50;;;0,69;4008239181862;Proizvodi za kuæanstvo
POSL.ZA PSE DENT.FRESH 70 g;242566;;0,0700;kg;2,39;34,14;;;2,39;4008239308900;Proizvodi za kuæanstvo
POSL.ZA PSE DENTAL FRESH 180 g;242568;;0,1800;kg;2,89;16,06;;;2,92;4008239308924;Proizvodi za kuæanstvo
POSL.ZA PSE DENT.FRESH 120 g;242572;;0,1200;kg;2,49;20,75;;;2,52;4008239308917;Proizvodi za kuæanstvo
SMOOTHIE MAREL/MRK. SPAR 250 g;242582;SPAR enjoy;0,2500;kg;1,39;5,56;;;1,39;9100000758411;Piæa
JOGURT OVÈJI SPAR 4,2% 180 g;242588;SPAR Qualitätsmarke;0,1800;kg;0,89;4,94;;;0,90;9100000709895;Hrana
JOGURT KOZJI SPAR 3,2% 180 g;242589;SPAR Qualitätsmarke;0,1800;kg;0,89;4,94;;;0,89;9100000707532;Hrana
ZUBNA PASTA SIGNAL CA.P.125 ml;242611;Signal;0,1250;L;2,99;23,92;;;2,99;5900300132515;Kozmetika
BIO CIKLA NATUR PUR 1 kg;242651;SPAR Natur*pur;1,0000;kg;1,89;1,89;;;1,89;3831115306766;Hrana
OSV.BREF CO.AKT.EUCALYP.3x50 g;242674;Bref;0,1500;kg;3,99;26,60;;;5,95;9000101018066;Sredstva za èišæenje
DEO ROLL-ON NIVEA P&C Ž.50 ml;242770;Nivea;0,0500;L;;29,80;1,49;2,99;4,99;42289005;Kozmetika
RIBICE BOBI SLANE 100 g;242868;Bobi;0,1000;kg;1,19;11,90;;;0,99;3858891590745;Hrana
INST.KAVA FRANCK CLASS. 100 g;242878;Franck;0,1000;kg;4,49;44,90;;;4,49;3850291055213;Piæa
ŽICA ZA SUÐE 6/1;242888;;6,0000;kom;2,49;0,42;;;2,49;8009986013822;Proizvodi za kuæanstvo
ŽICA S DETERDŽENTOM 10/1;242892;;10,0000;kom;1,59;0,16;;;1,59;8009986003632;Proizvodi za kuæanstvo
PLOÈ.NESTLE FITNESS C.23,5 g;242962;Nestle;0,0235;kg;0,99;42,13;;;0,89;5900020024978;Hrana
KAVA MLJEV.ZLATNA DŽEZVA 200 g;242966;ZLATNA DŽEZVA;0,2000;kg;;14,95;2,99;4,39;4,19;3870007014303;Piæa
KAVA MLJEV.ZLATNA DŽEZVA 500 g;242967;ZLATNA DŽEZVA;0,5000;kg;9,89;19,78;;;8,99;3870007014235;Piæa
SLA.KING KORN.MAL. LEDO 220 ml;243032;Ledo;0,2200;L;2,79;12,68;;;2,79;3850116105710;Hrana
ŽICA ZA SUÐE 1/1;243036;;1,0000;kom;,79;0,79;;;0,79;3858884123660;Proizvodi za kuæanstvo
ŽICA ZA SUÐE 2/1;243038;;2,0000;kom;1,19;0,60;;;1,19;3858884123493;Proizvodi za kuæanstvo
ŽICA ZA SUÐE 3/1;243039;;3,0000;kom;1,72;0,57;;;1,72;3858884123486;Proizvodi za kuæanstvo
DET.S BUDGET ZA PR.RUBLJA 9 kg;243104;S-Budget;9,0000;kg;10,69;1,19;;;10,68;3856021200625;Sredstva za èišæenje
VRHNJE ZA KUH.B&F DUKAT 200 g;243129;Dukat;0,2000;kg;1,49;7,45;;;1,49;3850354012641;Hrana
ÈOK.JAJE KINDER LEI MAXI 100 g;243151;Ferrero;0,1000;kg;;44,90;4,49;4,99;5,99;8000500170359;Hrana
SPUŽVA S ABRAZIVOM 5/1;243190;;5,0000;kom;1,79;0,36;;;1,79;9001378837909;Proizvodi za kuæanstvo
Dimljeni vrat;243199;Pik;1,0000;kg;14,29;14,29;;;14,29;3850139602531;Hrana
SRIJEMSKA SPAR NAREZAK 100 g;243213;SPAR;0,1000;kg;;18,90;1,89;1,99;2,49;3856021200830;Hrana
ÈAJNA SPAR NAREZAK 100 g;243214;SPAR;0,1000;kg;2,59;25,90;;;2,69;3856021200755;Hrana
MILANSKA SPAR NAREZAK 100 g;243216;SPAR;0,1000;kg;;18,90;1,89;2,29;2,29;3856021200816;Hrana
USKRŠNJE JAJE MILKA 136 g;243222;Milka;0,1360;kg;4,19;30,81;;;0,99;7622210491640;Hrana
BIO MATOVILAC 100 g;243275;;0,1000;kg;1,49;14,90;;;1,39;8032140320351;Hrana
GEL AIRWICK MORNING RAIN 150g;243290;Airwick;0,1500;kg;2,69;17,93;;;2,69;5999109544544;Sredstva za èišæenje
Bio tikva butternut NP;243292;SPAR Natur*pur;1,0000;kg;1,99;1,99;;;2,19;3856021232565;Hrana
Bio tikva hokaido Natur Pur;243293;SPAR Natur*pur;1,0000;kg;;1,39;1,39;1,99;2,09;3856021232541;Hrana
VEGGIE SALAT.UMAK 250 ml;243299;SPAR Veggie;0,2500;L;2,65;10,60;;;2,65;9100000706887;Hrana
SKUTA KRAVLJA PAŠKA 400 g;243338;Paska Sirana;0,4000;kg;;9,98;3,99;4,99;3,99;3859892884130;Hrana
DESERT MONTE TOP CUP 70 g;243369;Zott;0,0700;kg;0,89;12,71;;;0,89;4014500511559;Hrana
DESERT PANNA COTTA JOGOB.150 g;243372;Zott;0,1500;kg;0,89;5,93;;;0,79;4014500512075;Hrana
DEO SPRAY AXE BLACK N.150 ml;243410;Axe;0,1500;L;4,89;32,60;;;4,55;8710908052040;Kozmetika
TAB.SPLENDID CITRUS 60/1;243426;Splendid;60,0000;kom;4,99;0,08;;;5,3;9100000076973;Sredstva za èišæenje
ULJE MASL.EX.DJE.ORGULA 0,75 L;243529;Orgula;0,7500;L;8,99;11,99;;;12,99;3859890446019;Hrana
ZUB.PASTA COLGATE MAX W.75 ml ;243538;Colgate;0,0750;L;5,89;78,53;;;5,69;7509546064857;Kozmetika
PIJESAK ZA MAÈ. MOLLY PREM.8 L;243543;Molly;8,0000;l;7,99;1,00;;;7,99;9100000702612;Proizvodi za kuæanstvo
NAPITAK NATUR PUR ZOB 1 L;243546;Spar Natur pur;1,0000;l;1,99;1,99;;;1,99;9100000705828;Piæa
BROKULA VAPEUR 400 g;243563;Bonduelle;0,4000;kg;2,39;5,98;;;2,39;3083681036770;Hrana
JUNEÆA LEÐA S KOSTI TANN;243578;Tann;1,0000;kg;29,99;29,99;;;26,99;9100200510642;Hrana
JUNEÆA LEÐA BK TANN;243582;Tann;1,0000;kg;32,99;32,99;;;29,99;9100200544944;Hrana
SOJA VITAL 400 g;243596;SPAR Vital;0,4000;kg;1,79;4,48;;;1,79;9100000705859;Hrana
PAHULJICE FR.FR.RIŽA KUK.300 g;243604;SPAR free from;0,3000;kg;3,79;12,63;;;3,79;9100000701257;Hrana
NAPITAK ALPRO BADEM VANIL.1 L;243709;Alpro;1,0000;l;3,89;3,89;;;3,79;5411188120742;Piæa
PUDING VANIL.PODRAV.37 g (3+1);243808;;0,1110;kg;2,09;18,83;;;2,09;3850104276514;Hrana
PUDING ÈOKOL.PODRAV.45 g (3+1);243809;;0,1350;kg;2,09;15,48;;;2,09;3850104276507;Hrana
OCAT JABUÈNI DUE VITTOR.500 ml;243816;;0,5000;l;11,99;23,98;;;11,99;8022734111663;Hrana
OCAT BALS.DUE VITTORIE 250 ml;243822;;0,2500;l;15,99;63,96;;;15,99;8022734000103;Hrana
SENF MAILLE DIJON 200 ml;243828;;0,2000;l;3,99;19,95;;;4,39;3036810201280;Hrana
SENF MAILLE ALANCIENNE 200 ml;243830;;0,2000;l;4,19;20,95;;;4,39;3036810207589;Hrana
SENF MAILLE S MEDOM 200 ml;243834;;0,2000;l;4,79;23,95;;;4,89;3036810204014;Hrana
DŽEM BON.MAMAN ŽU.ŠLJIVA 370 g;243843;Bonne Maman;0,3700;kg;4,99;13,49;;;7,19;3045320001594;Hrana
DŽEM BONNE MAMAN MALINA 370 g;243844;Bonne Maman;0,3700;kg;4,99;13,49;;;8,49;3608580024552;Hrana
HUMUS NAM.BUÈINE SJEMEN.250 g;243845;;0,2500;kg;3,49;13,96;;;3,49;3859892873066;Hrana
DEO SPRAY DOVE COOL F.M.150 ml;243854;Dove;0,1500;L;5,20;34,67;;;5,20;8720181284892;Kozmetika
ULJE BUÈIN.100% PREHR. 0,25 L;243869;Prehrana;0,2500;L;5,29;21,16;;;5,57;3859891093397;Hrana
SVJEŽE LISNATO TIJ.WEWAL.275 g;243892;Wewalka;0,2750;kg;1,49;5,42;;;1,49;9001536024202;Hrana
PIVO ZLATNI MEDVJED 0,5 L;243941;;0,5000;L;1,99;3,98;;;1,99;3857500003256;Piæa
PIVO CRNA KRALJICA 0,5 L;243942;;0,5000;L;1,99;3,98;;;1,99;3857500003294;Piæa
PIVO DVA KLASA 0,5 L;243946;;0,5000;L;1,99;3,98;;;1,99;3857500003232;Piæa
Šunka zlatna bk;243957;Ravliæ;1,0000;kg;14,99;14,99;;;14,99;3859892966805;Hrana
GAZIRANO PIÆE COCA-COLA 1,5 L;244019;Coca-Cola;1,5000;L;1,88;1,25;;;1,88;5449000000439;Piæa
KINESKI MIX BONDUELLE 400 g;244028;Bonduelle;0,4000;kg;2,79;6,98;;;2,79;3083680567077;Hrana
PAPRIÈICE ALMI PUNJENE 270 g;244160;Almi;0,1500;kg;3,99;26,60;;;3,99;5200311703255;Hrana
CHERRY PAPRIÈ.ALMI PUNJ.280 g;244165;Almi;0,1700;kg;5,29;31,12;;;5,31;5200311710239;Hrana
ÈAJ UVIN H NATURAVITA 30 g;244182;Naturavita;0,0300;kg;1,97;65,67;;;1,97;3858884090641;Piæa
GRÈKE PAPRIÈ.ALMI BL.LJU.250 g;244183;Almi;0,1250;kg;1,89;15,12;;;1,86;5200311703941;Hrana
TP PALOMA ZELENI ÈAJ 3SL 16/1;244190;Paloma;16,0000;kom;5,99;0,37;;;4,37;3838952024150;Toaletne potrepštine
Kozice BT 20-30 kom/kg;244232;;1,0000;kg;18,99;18,99;;;22,56;93856024302763;Hrana
POSLASTICA ZA PSE ADV.NUG.90 g;244236;Nestle;0,0900;kg;2,19;24,33;;;1,99;7613035516311;Proizvodi za kuæanstvo
POSLASTICA ZA PSE ADV.STR.90 g;244237;;0,0900;kg;2,19;24,33;;;1,99;7613035516298;Proizvodi za kuæanstvo
POSL. ZA PSE ADVENTUROS 120 g;244239;Purina;0,1200;kg;2,19;18,25;;;1,89;7613035516274;Proizvodi za kuæanstvo
ZAÈ.VEGETA GRILL VRATINA 30 g;244264;;0,0300;kg;1,19;39,67;;;1,19;3850104277245;Hrana
ZA.VEGETA GRIL.PIKANT PEÈ.30 g;244265;;0,0300;kg;1,19;39,67;;;1,19;3850104277238;Hrana
SIR BOVI BLUE 100 g;244310;Vindija;0,1000;kg;;19,90;1,99;2,25;2,59;3850108052497;Hrana
ÈOK. KIT KAT 4 PR.NEST. 41,5 g;244318;Kitekat;0,0415;kg;1,35;32,53;;;1,39;7613035365414;Hrana
SIR SALAKIS U SAL.PRESID.150 g;244343;President;0,1500;kg;3,49;23,27;;;3,39;3850355005062;Hrana
KURKUMA 100 g;244355;;0,1000;kg;2,69;26,90;;;3,31;3859891295647;Hrana
KVASAC DI-GO INS.SUH.PEK.125 g;244378;;0,1250;kg;1,67;13,36;;;2,09;3859889940849;Hrana
ZIMSKA SPAR NAREZAK 100 g;244384;SPAR;0,1000;kg;2,49;24,90;;;2,49;3856021200779;Hrana
BRAŠNO DR.SCHAR MIX  1 kg;244426;Schar;1,0000;kg;6,29;6,29;;;6,29;8008698004845;Hrana
KEKSI SCHAR CHOCO CHIP 100 g;244432;Schar;0,1000;kg;2,29;22,90;;;2,29;8008698013021;Hrana
KREKERI SCHAR 210 g;244434;Schar;0,2100;kg;5,19;24,71;;;5,19;8008698003503;Hrana
KEKSI SCHAR DIGESTIVE 150 g;244438;Schar;0,1500;kg;2,99;19,93;;;3,04;8008698012819;Hrana
ÈOK.MINI BANANA KANDIT 120 g;244439;Kandit;0,1200;kg;1,79;14,92;;;1,79;3858889862939;Hrana
KEKSI SCHAR ORANGINO 150 g;244456;Schar;0,1500;kg;2,99;19,93;;;2,99;8008698001325;Hrana
KEKS SCHAR WAFER 50 g;244465;Schar;0,0500;kg;1,89;37,80;;;1,89;8008698054086;Hrana
SIR SVJEŽI POLUMASNI SPAR 1 kg;244466;SPAR;1,0000;kg;4,19;4,19;;;4,19;3856021210945;Hrana
KEKS SCHAR WAFER NOCC.125 g;244468;Schar;0,1250;kg;3,59;28,72;;;3,59;8008698001929;Hrana
VINO ERDUT CAB.SAUV.0,75 L;244472;;0,7500;L;4,99;6,65;;;6,99;3859889193054;Piæa
KRUH SCHAR CEREALE BG.300 g;244476;Schar;0,3000;kg;4,39;14,63;;;4,39;8008698007389;Hrana
KRUH SCHAR CLASS.BG.300 g;244477;Schar;0,3000;kg;4,39;14,63;;;4,39;8008698005576;Hrana
KRUH SCHAR BON MATIN 200 g;244478;Schar;0,2000;kg;3,59;17,95;;;3,59;8008698001059;Hrana
Salama sendviè;244568;Pik;1,0000;kg;11,49;11,49;;;14,99;3850139011630;Hrana
TJEST.MARODI SPAGHETTI 400 g;244621;;0,4000;kg;1,99;4,98;;;2,25;3859888666399;Hrana
TJES.MARODI FUSILLI SVRD.400 g;244622;;0,4000;kg;1,99;4,98;;;1,99;3859888666085;Hrana
TJEST.MARODI PENE RIGATE 400 g;244623;;0,4000;kg;1,99;4,98;;;2,25;3859888666382;Hrana
LANENO ULJE BIO SV 250 ml;244682;SPAR Vital;0,2500;L;2,65;10,60;;;2,65;8001300241140;Hrana
MASL.KERRYGOLD ORG.IRSKI 200 g;244764;Kerrygold;0,2000;kg;3,99;19,95;;;3,99;4001954160266;Hrana
FETTUCCINE SVJE.AURELIA 250 g;244770;Aurelia;0,2500;kg;2,29;9,16;;;2,29;3859892780401;Hrana
MAHUNA ŽUTA BAKINA KUH.400 g;244777;Bakina Kuhinja;0,4000;kg;0,89;2,23;;;1,99;3858883228588;Hrana
MAHUNA ZELENA BAKINA KUH.400 g;244778;Bakina Kuhinja;0,4000;kg;0,89;2,23;;;1,99;3858883228533;Hrana
GRAŠAK-MRKVA BAKINA KUH.400 g;244779;Bakina Kuhinja;0,4000;kg;0,89;2,23;;;1,99;3858883228540;Hrana
GRAŠAK BAKINA KUHINJA 400 g ;244780;Bakina Kuhinja;0,4000;kg;0,89;2,23;;;1,99;3858883228762;Hrana
VINO MERLOT PET 2 L;244795;;2,0000;L;4,58;2,29;;;4,58;5319991291218;Piæa
Sir Dalmatinski Puða;244830;;1,0000;kg;21,99;21,99;;;21,99;3859893092152;Hrana
Sir Livanjski Puða;244832;;1,0000;kg;20,99;20,99;;;20,99;3859893092008;Hrana
Sir trapist Puða;244834;;1,0000;kg;19,99;19,99;;;19,99;3859893092176;Hrana
Sir livanjski Puða 1/8;244885;;1,0000;kg;21,99;21,99;;;21,99;3859893092145;Hrana
SIR DALMATINSKI PUÐA 1/8;244887;;1,0000;kg;21,99;21,99;;;21,99;3859893092169;Hrana
SIR TRAPIST PUÐA 1/8;244889;;1,0000;kg;19,99;19,99;;;19,99;3859893092183;Hrana
SIRNI NAMAZ S-BUDGET 200 g;244908;S-Budget;0,2000;kg;1,49;7,45;;;1,49;9100000948959;Hrana
SPREJ GLADE ÐURÐICA 300 ml;244948;Glade;0,3000;L;3,05;10,17;;;3,69;5000204625998;Sredstva za èišæenje
REFIL GLADE AUT KUPINA 269 ml;244949;Glade;0,2690;L;7,05;26,21;;;8,69;5000204256291;Sredstva za èišæenje
VREÆICA RAID PROT.MOLJ.LA.18/1;244957;;18,0000;kom;;0,19;3,35;4,69;5,25;5000204090079;Proizvodi za kuæanstvo
ZAÈ.ÐUMBIR MLJEV.KOTANYI 24 g;245028;;0,0240;kg;1,39;57,92;;;1,29;9001414204221;Hrana
ZAÈIN HIMALAJ.SOL S BILJEM 72g;245032;Kotanyi;0,0720;kg;3,99;55,42;;;3,99;9001414343982;Hrana
ZAÈIN KORICA NARANÈE KOTA.20 g;245033;;0,0200;kg;0,59;29,50;;;0,99;9001414203446;Hrana
ZAÈIN ÈEŠNJAK KOTANYI 48 g;245034;;0,0480;kg;3,99;83,13;;;3,99;9001414204245;Hrana
GRAH PODRAVKA BIJELI KRU.400 g;245061;Podravka;0,2300;kg;1,59;6,91;;;1,59;3850104283536;Hrana
SOMERSBY BOROVNICA CID. 0,33 L;245101;Somersby;0,3300;l;1,68;5,09;;;1,68;3858887582556;Piæa
ZOB.PLOÈ.MA BAKER ÈOKOL.100 g;245137;Ma Baker;0,1000;kg;1,79;17,90;;;1,79;5034444101714;Hrana
ZOB.PLOÈ.MA BAKER ÈOK.VO.100 g;245139;Ma Baker;0,1000;kg;1,79;17,90;;;1,79;5034444101721;Hrana
ZOB.PLOÈ.MA BAKER BOROVNI.90 g;245141;Ma Baker;0,0900;kg;1,79;19,89;;;1,79;5034444101349;Hrana
TUNA GIANA KOMADIÆI ULJE 185 g;245147;Giana;0,1300;kg;2,09;16,08;;;2,12;8594012790018;Hrana
ULJE KONOPLJE BIO S.V.250 ml;245341;SPAR Vital;0,2500;L;4,59;18,36;;;4,59;8001300241751;Hrana
KUKURUZ BOND.TEXAS MIX 340 g;245345;Bonduelle;0,2850;kg;3,09;10,84;;;3,09;3083680041348;Hrana
GRAH BONDUELLE TEXANA 430 g;245361;Bonduelle;0,2400;kg;3,19;13,29;;;3,19;3083681031157;Hrana
ODSTR.LAKA AFRODITA LAV.100 ml;245394;Afrodita;0,1000;L;2,69;26,90;;;2,99;3830001297881;Kozmetika
LOS.AFRODITA N.BR.MEN S.120 ml;245400;Afrodita;0,1200;L;3,29;27,42;;;3,59;3831070650911;Kozmetika
PERECI SALTAS SLANI 100 g;245407;Saltas;0,1000;kg;0,89;8,90;;;0,81;3856014115394;Hrana
ŠTAPIÆI SALTAS KIKIRIKI 100 g;245413;Saltas;0,1000;kg;0,89;8,90;;;0,93;3856014115332;Hrana
PANIRANI CORDON BLEU 490 g;245467;AiA;0,4900;kg;3,49;7,12;;;3,19;8008110258795;Hrana
KAVA INST. GOLD BK SPAR 100 g;245563;SPAR;0,1000;kg;4,99;49,90;;;4,99;9100000758275;Piæa
SIR GRIKIOS EUROSER 200 g;245577;Euroser;0,2000;kg;2,65;13,25;;;2,65;5907627470733;Hrana
SIR KOZJI DIM.REZ.EUROSE.100 g;245579;Euroser;0,1000;kg;2,89;28,90;;;2,59;5907627471020;Hrana
NAM.LINO LADA KOKOS POD.350 g;245593;Podravka;0,3500;kg;3,29;9,40;;;3,99;3850104284458;Hrana
DEKOR FONDANT BIJELI POD.450 g;245595;;0,4500;kg;3,99;8,87;;;3,99;3850104286773;Hrana
JUHA MAGGI DALMATINSKA 40 g;245603;Maggi;0,0400;kg;0,75;18,75;;;0,75;7613287413727;Hrana
JOG.VOÆNI JAGODA Z´BREG.150 g;245693;Vindija;0,1500;kg;0,59;3,93;;;0,65;3850108037838;Hrana
JOG.VOÆNI MIX Z´BREGOV 150 g;245694;Vindija;0,1500;kg;0,59;3,93;;;0,65;3850108037760;Hrana
DRESING DEVELEY H.SENF 75 ml;245700;;0,0750;L;0,79;10,53;;;0,79;4006824018135;Hrana
STUDENTSKI MIX SEEBERGER 150 g;245738;Seeberger;0,1500;kg;;23,27;3,49;4,39;3,99;4008258154229;Hrana
DEO SPRAY GARNIER A.T.150 ml;245772;Garnier;0,1500;L;4,79;31,93;;;4,59;3600541739994;Kozmetika
ROLL ON GARNIER  A.T.50 ml;245778;Garnier;0,0500;L;4,79;95,80;;;4,59;3600541740051;Kozmetika
MIX ZA RIŽOTO S-BUDGET 250 g;245789;S-Budget;0,2500;kg;2,49;9,96;;;2,49;3856021201462;Hrana
REGENERA.FRUCTIS GR.ST.200 ml;245799;Garnier;0,2000;l;3,49;17,45;;;3,29;3600541698574;Kozmetika
ŠAMPON FRUCTIS GROW STR.250 ml;245801;Garnier;0,2500;l;3,49;13,96;;;3,39;3600541660564;Kozmetika
BOJA ZA KOSU LOREAL EXCE.600;245819;LOREAL;1,0000;kom;8,99;8,99;;;8,49;3600523731886;Kozmetika
BOJA ZA KOSU LOREAL EXCE.01;245821;Loeral;1,0000;kom;8,99;8,99;;;8,49;3600523724932;Kozmetika
ODŠTOPAVA.VIKING U GRAN.2x75 g;245824;;0,1500;kg;1,89;12,60;;;1,99;8692900632010;Sredstva za èišæenje
BOJA ZA KOSU LOREAL EXCE.8;245825;LOREAL;1,0000;kom;8,99;8,99;;;8,49;3600523724901;Kozmetika
BOJA ZA KOSU LOREAL EXCE.400;245827;LOREAL;1,0000;kom;8,99;8,99;;;8,49;3600523731862;Kozmetika
BOJA COLOR NATURALS ZA KO.7N;245881;Garnier;1,0000;kom;4,99;4,99;;;4,99;3600541915763;Kozmetika
BOJA COLOR NATURALS ZA KOS.8N;245887;Garnier;1,0000;kom;4,99;4,99;;;4,99;3600541915831;Kozmetika
BOJA COLOR NATURALS ZA KOS.6 ;245897;Garnier;1,0000;kom;4,99;4,99;;;4,99;3600540335630;Kozmetika
MICE.VOD.GARNIER SK.N.C.400 ml;245934;Garnier;0,4000;l;6,99;17,48;;;6,79;3600541595248;Kozmetika
MICEL.VOD.DV.GARNIER S.N.400ml;245935;Garnier;0,4000;l;7,89;19,73;;;7,59;3600541744493;Kozmetika
SPRE.MUH.KOMAR.RAID EUK.400 ml;245948;;0,4000;l;5,19;12,98;;;5,19;5000204342529;Proizvodi za kuæanstvo
TABL.ZA ELE.APAR.RAID EU.30kom;245962;Raid;30,0000;kom;5,49;0,18;;;5,49;5000204868784;Proizvodi za kuæanstvo
VINO MALVASIA BAG IN BOX 3 L;245976;;3,0000;l;10,99;3,66;;;9,49;3859889132770;Piæa
SOMERSBY BOROVNICA 0,5 L;245983;Somersby;0,5000;L;1,78;3,56;;;1,78;3858887584161;Piæa
CORNFLAK.ÈOK.PAH.NESTLE 450 g;246038;Nestle;0,4500;kg;4,29;9,53;;;4,29;5900020026880;Hrana
KAŠICA HIPP MLIJ.GRIZ 190 g;246043;Hipp;0,1900;kg;1,68;8,84;;;1,68;4062300123175;Hrana
SLAD. VIŠ/VAN/ÈOK SPAR 1650 ml;246050;SPAR;1,6500;L;4,99;3,02;;;4,99;3856021201356;Hrana
SLA.ÈOK/LJEŠ/STRA SPAR 1650 ml;246051;SPAR;1,6500;L;4,99;3,02;;;4,99;3856021201332;Hrana
MLIJEKO ÈOKO.KEKS DUKAT 0,5 L;246065;Dukat;0,5000;L;1,69;3,38;;;1,69;3850354006893;Hrana
TABL.PROTI.MOLJACA KAMFOR 8/1;246090;Kamfor;8,0000;kom;3,45;0,43;;;3,38;3858891010786;Proizvodi za kuæanstvo
DJEÈJA MAST JGL 500 ml;246092;Jgl;0,5000;L;10,95;21,90;;;10,95;3858891013312;Kozmetika
DJEÈJA MAST JGL 150 ml;246094;Jgl;0,1500;L;5,49;36,60;;;5,49;3858891010076;Kozmetika
ULJE HOLYPLANT BADEMOVO 125 ml;246098;Holyplant;0,1250;l;6,49;51,92;;;6,19;3858891010045;Kozmetika
KEKS DOMAÆICA KOKOS 275 g;246167;Domaèica;0,2750;kg;3,49;12,69;;;2,49;3850102521388;Hrana
KOBASICA KRANJSKA 230 g;246177;;0,2300;kg;3,19;13,87;;;3,19;3838876021754;Hrana
JED.BRIT.WILKINSON Q.TI.SE.3/1;246198;Quattro;3,0000;kom;7,19;2,40;;;7,19;4027800707706;Kozmetika
JED.BRIT.WILKINSON Q.SE.WO.3/1;246210;Wilkinson;3,0000;kom;7,19;2,40;;;7,19;4027800429103;Kozmetika
POSEBNA PIL./PUR.WUDY 1000 g;246231;Wudy;1,0000;kg;3,49;3,49;;;3,44;8008110562335;Hrana
SLA.TROSTRUKA ÈOK.DESPAR 200 g;246307;Despar;0,2000;kg;1,99;9,95;;;1,99;8001300671077;Hrana
SLAD. PISTACIJA DESPAR 200 g;246310;Despar;0,2000;kg;1,99;9,95;;;1,99;8001300671053;Hrana
SLAD.PANNA COTTA DESPAR 200 g;246316;Despar;0,2000;kg;1,99;9,95;;;1,99;8001300671046;Hrana
SLADOLED TIRAMISU DESPAR 500 g;246323;Despar;0,5000;kg;3,99;7,98;;;3,99;8001300670926;Hrana
SLAD.VANILIJA S ÈOK.DESP.500 g;246329;Despar;0,5000;kg;3,99;7,98;;;3,99;8001300670933;Hrana
SLA.JOG.ŠUM.VOÆE DESP.500 g;246330;Despar;0,5000;kg;3,99;7,98;;;3,99;8001300670957;Hrana
EN.NAP.MONSTER ULTRA 0,5 L;246333;Monster;0,5000;l;1,95;3,90;;;1,95;5060337500104;Piæa
BIO SLADOL. VANILIJA NP 480 ml;246335;SPAR Natur*pur;0,4800;L;5,99;12,48;;;5,99;9100000744568;Hrana
BIO SLADOLED ÈOKOLAD.NP 480 ml;246336;SPAR Natur*pur;0,4800;L;5,99;12,48;;;5,99;9100000716596;Hrana
KULEN PIK 330 g;246353;Pik;0,3300;kg;7,99;24,21;;;7,99;3850139050028;Hrana
ÈISTAÈ POSUÐA PURACTIVE 2/1;246399;;2,0000;kom;2,49;1,25;;;4,89;4023103070240;Proizvodi za kuæanstvo
ÈAÈKALICE DRVENE 190/1 ;246417;;190,0000;kom;1,69;0,01;;;1,32;4008033576512;Proizvodi za kuæanstvo
INST. KAVA CREMA FRANCK 80 g;246437;Franck;0,0800;kg;5,29;66,13;;;5,29;3850291055268;Piæa
KAVA SPAR PREM.NICARAGUA 500 g;246444;SPAR PREMIUM;0,5000;kg;11,49;22,98;;;11,49;9100100003824;Piæa
DOBRA ZOBEN.KAŠA ŠUM.VOÆE 65 g;246451;;0,0650;kg;;9,08;0,59;0,99;0,99;8595054904302;Hrana
DOBRA ZOB.KAŠA SA ŠLJIVA.65 g;246453;;0,0650;kg;;9,08;0,59;0,99;0,99;8595054904227;Hrana
MLIJ.FIT ÈOKOLADA DUKAT 0,5 L ;246577;;0,5000;L;2,29;4,58;;;2,29;3850354007814;Hrana
MLIJE.FIT VANILIJA DUKAT 0,5 L;246580;Dukat;0,5000;L;2,29;4,58;;;2,29;3850354007838;Hrana
Tlaèenica;246605;Silma;1,0000;kg;5,99;5,99;;;6,29;3859892782269;Hrana
VREÆE ZA SMEÆE 110L 10/1 ;246616;;10,0000;kom;1,79;0,18;;;1,79;8009986010746;Proizvodi za kuæanstvo
VREÆE ZA SMEÆE 30L 20/1 ;246620;;20,0000;kom;3,19;0,16;;;3,19;8009986010784;Proizvodi za kuæanstvo
SIRUTKA OD KRAV.MLIJ.DUKAT 1 L;246694;Dukat;1,0000;L;1,29;1,29;;;1,29;3850354014478;Hrana
ÈAJ PLANINSKI SPAR PREM. 40 g;246793;SPAR PREMIUM;0,0400;kg;4,79;119,75;;;4,19;9100000765853;Piæa
ÈAJ ZELENI SPAR PREMIUM 140 g;246794;SPAR PREMIUM;0,1400;kg;4,49;32,07;;;4,49;9100000765938;Piæa
VINO MENEGHETTI MALVAZ.0,75 L;246883;;0,7500;L;19,02;25,36;;;19,02;3858889488580;Piæa
PJEN.MISAL BLANC DE BLA.0,75 L;246885;;0,7500;l;21,39;28,52;;;21,39;3859891273065;Piæa
PIVO BENEDIKT. PŠENIÈNO 0,5 L;246911;Benediktiner;0,5000;L;2,02;4,04;;;2,02;4052197000017;Piæa
PIVO BENEDIKTINER TAMNO 0,5 L;246914;Benediktiner;0,5000;L;2,02;4,04;;;2,02;4052197000925;Piæa
PJEN.ROBBY BUBBLE BLUE.0,75 L;246916;;0,7500;L;;3,72;2,79;3,88;3,88;8595004661330;Piæa
INDIJSKI ORAŠÈIÆI SPAR 300 g;246925;SPAR;0,3000;kg;4,99;16,63;;;4,79;9100000707242;Hrana
MLI.ZA T.LACTOVIT LACTO.400 ml;246950;Lactovit;0,4000;L;5,49;13,73;;;5,79;8410190585997;Kozmetika
PREZE.BILLY BOY EXTR.LUBR.3/1;246968;Billy Boy;3,0000;kom;2,29;0,76;;;3,09;4008600237600;Toaletne potrepštine
SIR BOVI BLUE KRIŠKA 150 g;246970;Vindija;0,1500;kg;3,19;21,27;;;3,19;3850108052831;Hrana
PREZERV.BILLY BOY FUN 3/1;246971;Billy Boy;3,0000;kom;;0,66;1,99;3,09;3,09;4008600237846;Toaletne potrepštine
VINO FERENAC MALVAZIJA 0,75 L;246977;;0,7500;L;11,58;15,44;;;11,58;3857500045409;Piæa
VINO ST. EMIL.GRAND CRU 0,75 L;246990;;0,7500;L;24,18;32,24;;;24,18;3359841149636;Piæa
VINO BORDEAUX SUPERIEUR 0,75 L;246996;;0,7500;L;7,98;10,64;;;7,98;3359841149438;Piæa
WHISKEY GENTLEMAN JACK 0,7 L;247236;Gentleman Jack;0,7000;L;39,29;56,13;;;38,82;5099873038758;Piæa
SIR NAREZANI 3 VRSTE SB 250 g;247331;S-Budget;0,2500;kg;2,99;11,96;;;2,99;9100000705378;Hrana
TJEST.RUMMO LINGUINE 500 g;247339;;0,5000;kg;1,99;3,98;;;1,99;8008343200134;Hrana
TJEST.RUMMO PENNE RIGATE 500 g;247347;;0,5000;kg;1,99;3,98;;;1,99;8008343200660;Hrana
TJEST.RUMMO FUSILLI 500 g;247349;;0,5000;kg;1,99;3,98;;;1,99;8008343200486;Hrana
TJEST.RUMMO TAGLIATELLE 500 g;247360;;0,5000;kg;2,99;5,98;;;2,99;8008343201070;Hrana
VINO PRODAN CHARDONNAY 0,75 L;247392;;0,7500;L;6,58;8,77;;;6,58;3859890283126;Piæa
VINO PRODAN TERAN N.ÈEP 0,75 L;247399;;0,7500;L;5,58;7,44;;;5,58;3859890283508;Piæa
RAKIJA PRODAN TRAVARICA 0,5 L ;247407;;0,5000;L;10,28;20,56;;;10,28;3859890283171;Piæa
VINO PRODAN MALVA.NAV.0,75 L ;247408;;0,7500;L;5,72;7,63;;;5,72;3859890283492;Piæa
VAFEL LOACKER KAKAO/MLIJ.175 g;247442;Loacker;0,1750;kg;2,19;12,51;;;2,19;8000380180721;Hrana
BOMBONI MAOAM 22 g;247493;Haribo;0,0220;kg;0,35;15,91;;;0,49;4001686519042;Hrana
ÈIPS ÈIPI ÈIPS PAPRIKA 190 g;247597;Chio;0,1900;kg;2,49;13,11;;;2,99;3856021300646;Hrana
ZOBENA DOBRA KAŠA KOKOS 65 g;247725;;0,0650;kg;;9,08;0,59;0,99;0,99;8595054904364;Hrana
ZOBENA DOBRA KAŠA ÈOKOLAD.65 g;247726;;0,0650;kg;;9,08;0,59;0,99;0,99;8595054904258;Hrana
GIN TANQUERAY 0,7 L;247736;;0,7000;L;;29,99;20,99;27,19;25,99;5000281015248;Piæa
PAŠTETA GAVRILOVIÆ PIKAN.100 g;247738;Gavrilovic;0,1000;kg;1,55;15,50;;;1,52;3858890206968;Hrana
NAREZAK GAVR.ŠUNKA PIK.150 g;247740;Gavrilovic;0,1500;kg;2,59;17,27;;;2,59;3858890207002;Hrana
MESNI DORUÈAK GAVRIL.PIK.150 g;247741;Gavrilovic;0,1500;kg;2,15;14,33;;;2,15;3858890206982;Hrana
ZAÈIN ÈEŠNJAK KOTANYI 40 g;247790;;0,0400;kg;3,29;82,25;;;2,99;9001414040720;Hrana
Sir Pagus Paška Sirana;247851;Paska Sirana;1,0000;kg;;17,99;17,99;27,39;23,79;3859892884239;Hrana
TAM.ÈOK.CACHE.ÐUMB.I BOR.100 g;247864;Cachet;0,1000;kg;3,99;39,90;;;3,99;5412956214540;Hrana
MASLAC PREMIUM U KADICI 250 g;247892;SPAR PREMIUM;0,2500;kg;3,59;14,36;;;3,59;3856021201486;Hrana
JOG.VOÆ.KIDS JAG/TOPER 2x110 g;247903;Danone;0,2200;kg;2,29;10,41;;;1,99;8713788121936;Hrana
ÈOK.RITTER SPORT KOKOS 100 g;247915;Ritter Sport;0,1000;kg;;19,90;1,99;2,39;1,79;4000417298003;Hrana
ÈOK.RITTER SP.KAK.MOUS.100 g;247918;Ritter Sport;0,1000;kg;;19,90;1,99;2,39;1,79;4000417294005;Hrana
KAVA DESPAR BEZ KOFEINA 250 g;247962;Despar;0,2500;kg;5,75;23,00;;;3,99;8001300500247;Piæa
ŽEL. MLJEV.BIJ.10 g DR.OETKER;248064;Dr. Oetker;0,0100;kg;0,99;99,00;;;0,99;5997381375603;Hrana
MILERAM 22%MM KANT Z BRE.900 g;248083;Z Bregov;0,9000;kg;;4,43;3,99;4,59;4,59;3850108036398;Hrana
AVOKADO READY TO EAT kom;248092;;1,0000;kom;;1,69;1,69;2,29;2,49;8713807000549;Hrana
MANGO READY TO EAT kom;248095;;1,0000;kom;;1,69;1,69;2,19;2,29;8713807000747;Hrana
KARAMELA PIONIR LJEŠNJAK 800 g;248178;Pionir;0,8000;kg;10,39;12,99;;;10,39;8602300216673;Hrana
BOMBONI PIONIR VOÆNI MIX 300 g;248182;Pionir;0,3000;kg;3,29;10,97;;;3,29;8602300219773;Hrana
BOMBONI BEBETO MARSHMALOW 60 g;248186;Bebeto;0,6000;kg;0,99;1,65;;;0,99;8690146101284;Hrana
BOMB.BEBETO MARSH.RAINBOW 60 g;248187;Bebeto;0,6000;kg;0,99;1,65;;;0,99;8690146091882;Hrana
KULEN NAREZAK 100 g ;248244;Pik;0,1000;kg;2,75;27,50;;;2,75;3850139012132;Hrana
SP KRPE SPUŽVASTE 8/1 19285;248257;Splendid;8,0000;kom;2,79;0,35;;;2,79;9100000433110;Proizvodi za kuæanstvo
KOLAÈ JAPANSKI VJETAR 100 g;248373;;0,1000;kg;1,79;17,90;;;1,73;3858889612107;Hrana
SKUŠA RIO MARE ŽAR M.ULJ.120 g;248381;Rio Mare;0,1200;kg;3,79;31,58;;;3,79;8004030622012;Hrana
OSVJ.PIÆE VINDI JAB.-KRUŠK.2 L;248398;;2,0000;L;2,49;1,25;;;1,99;3850108073065;Piæa
OSVJ.PIÆE VINDI NARA.-NEKT.2 L;248415;;2,0000;L;2,49;1,25;;;1,99;3850108073072;Piæa
WHISKEY GLENLIVET RESER. 0,7 L;248461;Glenlivet;0,7000;L;41,59;59,41;;;40,02;5000299609347;Piæa
RUM HAVANA 7 YO 0,7 L;248469;;0,7000;L;30,99;44,27;;;30,02;8501110080439;Piæa
DET.JAR KAMILICA&VITA.E 900 ml;248484;Jar;0,9000;L;4,69;5,21;;;4,69;4015400997542;Sredstva za èišæenje
TP VIOLETA KAMILICA 3SL.16/1 ;248504;Violeta;16,0000;kom;5,99;0,37;;;5,99;3859892288686;Toaletne potrepštine
PAPR.PREMIUM PUNJ.TUNOM 240 g;248553;SPAR PREMIUM;0,1600;kg;5,99;37,44;;;5,99;8001300241331;Hrana
NAMAZ DESPAR CRNE MASL.190 g;248557;Despar;0,1900;kg;2,19;11,53;;;2,19;8001300240075;Hrana
UM.DEVELEY BBQ SQUEEZE 250 ml;248564;Develey;0,2500;l;2,99;11,96;;;3,19;4006824000246;Hrana
JUHA PRAH NAT.PUR POVRTN.120 g;248565;SPAR Natur*pur;0,1200;kg;2,79;23,25;;;2,79;9100000716992;Hrana
UM.DEVELEY SLATKO KISEL.250 ml;248570;Develey;0,2500;l;2,99;11,96;;;3,19;4006824000970;Hrana
UMAK DEVELEY HAMBURGER 250 ml;248572;Develey;0,2500;l;2,99;11,96;;;3,19;4006824004404;Hrana
LEPINJE VEGGIE BY NENI 400 g;248575;SPAR Veggie;0,4000;kg;2,09;5,23;;;2,05;9100000707952;Hrana
DET.JAR LEMON 450 ml ;248598;Jar;0,4500;L;1,99;4,42;;;1,99;4015400922407;Sredstva za èišæenje
DETERDŽENT JAR JABUKA 450 ml ;248603;Jar;0,4500;L;1,99;4,42;;;1,99;4015400922599;Sredstva za èišæenje
DET.JAR POMEGRANATE 450 ml ;248606;Jar;0,4500;L;1,99;4,42;;;2,45;4015400922674;Sredstva za èišæenje
DET.JAR TEATREE&MINT 450 ml ;248609;Jar;0,4500;L;1,99;4,42;;;1,99;4015400991311;Sredstva za èišæenje
PAP.RUÈNIK LOVELY 3SL 4/1;248630;Lovely;4,0000;kom;3,99;1,00;;;4,19;9100000156521;Proizvodi za kuæanstvo
DET.JAR LEMON 1,35 L;248636;Jar;1,3500;L;6,59;4,88;;;6,59;8001090621689;Sredstva za èišæenje
DET.JAR TEATREE&MINT 1,35 L;248639;Jar;1,3500;L;6,59;4,88;;;6,59;8001090621887;Sredstva za èišæenje
DET.JAR KAMILICA&VIT.E 1,35 L;248659;Jar;1,3500;L;6,59;4,88;;;6,59;8001090621849;Sredstva za èišæenje
ŠLJIVA BEZ KOŠTICA NATUR.200 g;248663;Natura;0,2000;kg;2,71;13,55;;;2,71;3859892798505;Hrana
DELICIJA MIX NATURA 150 g;248670;Natura;0,1500;kg;3,05;20,33;;;3,05;3859892798840;Hrana
PISTACIJA NATURA 150 g;248672;Natura;0,1500;kg;4,19;27,93;;;4,19;3859892798826;Hrana
IND. ORAH SLANI NATURA 100 g;248675;Natura;0,1000;kg;3,39;33,90;;;3,39;3859892798802;Hrana
MARELICA NATURA 200 g;248676;Natura;0,2000;kg;3,85;19,25;;;3,85;3859892798499;Hrana
DET.JAR LEMON 900 ml;248678;Jar;0,9000;L;4,69;5,21;;;4,69;4015400795193;Sredstva za èišæenje
BUÈINE SJEMENKE NATURA 150 g;248679;Natura;0,1500;kg;2,24;14,93;;;2,24;3859892798475;Hrana
BRUSNICA NATURA 200 g;248682;Natura;0,2000;kg;3,18;15,90;;;3,18;3859892798468;Hrana
DET.JAR POMEGRANATE 900 ml;248684;Jar;0,9000;L;4,69;5,21;;;4,69;4015400922834;Sredstva za èišæenje
DET.JAR APPLE 900 ml;248686;Jar;0,9000;L;4,69;5,21;;;4,69;4015400922797;Sredstva za èišæenje
DET.JAR TEATREE&MINT 900 ml;248689;Jar;0,9000;L;4,69;5,21;;;4,69;4015400991434;Sredstva za èišæenje
Kobasica seljaèka;248826;Ave;1,0000;kg;15,99;15,99;;;22,49;3831020333895;Hrana
WHISKEY BALLANTINES 4,5L;248887;Ballantines;4,5000;L;124,19;27,60;;;119,99;5010106014936;Piæa
Masline crne peèene;248888;;1,0000;kg;;8,99;8,99;15,92;15,92;;Hrana
Masline koktel;248889;;1,0000;kg;17,99;17,99;;;17,99;;Hrana
INS.MLIJ.NA.NESQUIK PLUS 490 g;248901;Nesquik;0,4900;kg;7,49;15,29;;;7,49;7613034916891;Piæa
PINJOLI NATURA 80 g;248903;Natura;0,0800;kg;5,49;68,63;;;5,49;3859893124174;Hrana
KIKIRIKI LJUS.PEÈ.NATURA 400 g;248904;Natura;0,4000;kg;3,39;8,48;;;3,39;3859892798901;Hrana
KARAMEL.WERTHER´S TOFFEE 120 g;248911;Werthers Original;0,1200;kg;2,09;17,42;;;2,09;4014400915143;Hrana
GEL PINO SILVESTRE MOŠU.750 ml;248940;;0,7500;L;2,99;3,99;;;2,99;8009350406007;Kozmetika
LIZALICA BRKOVI 15 g;248941;DUPIN;0,0150;kg;1,59;106,00;;;1,66;8435124851603;Hrana
LIZALICA CRAZY FRUIT 13 g;248944;DUPIN;0,0130;kg;0,32;24,62;;;0,32;8423467008082;Hrana
PJENA PINO SILVES.ZA K 750 ml ;248950;;0,7500;L;2,99;3,99;;;2,99;8009350401699;Kozmetika
GEL ZA T.FEL.A.C.B.400 ml;248977;Felce Azzurra;0,4000;L;2,85;7,13;;;2,85;8001280309694;Kozmetika
SAP.DESPA.ZA RUBLJE M.&O.250 g;248981;Despar;0,2500;kg;1,79;7,16;;;1,79;8001300897811;Sredstva za èišæenje
KRE.DESPAR ZA ZUBNU PROT.40 g;248988;Despar;1,0000;kom;2,99;2,99;;;2,99;8001300900498;Kozmetika
TABL.DESPAR ZA ZUBNU PROT.32/1;248992;Despar;32,0000;kom;2,29;0,07;;;2,29;8001300900481;Kozmetika
IND.ORAŠÈIÆI SPAR VITAL 200 g ;249003;SPAR Vital;0,2000;kg;3,49;17,45;;;3,31;9100000708027;Hrana
MANGO KOMADI. BIO N.PUR 100 g ;249012;Natur pur;0,1000;kg;2,69;26,90;;;2,59;9100000048840;Hrana
MARELICE BIO NATUR PUR 200 g ;249013;Natur pur;0,2000;kg;4,29;21,45;;;3,29;9100000047508;Hrana
IND.ORAŠÈIÆ BIO N. PUR 100 g;249014;Natur pur;0,1000;kg;2,59;25,90;;;2,59;9100000719207;Hrana
MOKRA HRA.ZA PSE SCO.PRE.100 g;249027;Scotty;0,1000;kg;,79;7,90;;;0,79;9100000701028;Proizvodi za kuæanstvo
TRAJNI KRUH S ORAHOM S.VI.250g;249038;SPAR Vital;0,2500;kg;1,49;5,96;;;1,50;9100000773575;Hrana
MOKRA HRA.ZA PSE SCO.PRE.100 g;249042;Scotty;0,1000;kg;,79;7,90;;;0,79;9100000701042;Proizvodi za kuæanstvo
HRANA ZA PSE SCOTTY PREM.300 g;249069;Scotty;0,3000;kg;1,29;4,30;;;1,29;9100000789798;Proizvodi za kuæanstvo
HRANA ZA PSE SCOTTY SENS.300 g;249074;Scotty;0,3000;kg;1,29;4,30;;;1,29;9100000690186;Proizvodi za kuæanstvo
BUÈINE SJEMEN. BIO N.PUR 200 g;249104;Natur pur;0,2000;kg;3,29;16,45;;;3,29;9100000091532;Hrana
RIŽA PREMIUM DIVLJA 100% 200 g;249152;SPAR Premium;0,2000;kg;3,29;16,45;;;3,31;9100000765099;Hrana
Hrenovke frankfurter;249228;Ave;1,0000;kg;10,19;10,19;;;12,87;3831020334113;Hrana
BOMBONI S VENTILATOROM MIX 8 g;249302;Ajax;0,0800;kg;6,19;77,38;;;6,19;8714786226388;Hrana
GEL TUŠ.NIVEA MEN ACTI.500 ml;249601;Nivea;0,5000;L;;7,58;3,79;4,79;5,99;9005800243306;Kozmetika
GEL ZA TUŠ.NIVEA SMOOTH 500 ml;249602;Nivea;0,5000;L;5,89;11,78;;;5,89;9005800243788;Kozmetika
GRISINI SEZAM 125 g;249603;;0,1250;kg;1,17;9,36;;;1,19;8005803010661;Hrana
GEL TUŠ.NIVEA CRE.SOFT 500 ml;249604;Nivea;0,5000;L;;7,58;3,79;4,79;5,89;9005800282503;Kozmetika
GRISINI RUŽMARIN 125 g;249607;;0,1250;kg;1,29;10,32;;;1,19;8005803010371;Hrana
NAMAZ HUMUS NATUR VEGGIE 125 g;249614;SPAR Veggie;0,1250;kg;2,39;19,12;;;2,39;9100000706603;Hrana
VEG.OKRUGLICE FALAFEL 100 g;249663;SPAR Veggie;0,1000;kg;2,29;22,90;;;2,29;9100000706788;Hrana
PAŠTETA GAVRILOVIÆ PIKANT 50 g;249680;Gavrilovic;0,0500;kg;1,09;21,80;;;1,09;3858890207118;Hrana
ORAŠ.MIX SPAR CHILI 150 g;249686;SPAR;0,1500;kg;2,69;17,93;;;2,38;9100000707228;Hrana
IND.ORAH-BRUS.MIX SEEBER.150 g;249691;Seeberger;0,1500;kg;;28,60;4,29;4,58;4,99;4008258155004;Hrana
ŠAM.OLIVAL NEUTRAL 250ml;249820;Olival;0,2500;L;6,89;27,56;;;6,29;3859892751715;Kozmetika
ŠAM.OLIVAL MENTA/LAVANDA 250ml;249826;Olival;0,2500;L;6,89;27,56;;;6,29;3859892751722;Kozmetika
ŠAM.OLIVAL RUŽMAR.LIMUN 250ml;249829;Olival;0,2500;L;6,89;27,56;;;6,29;3859892751739;Kozmetika
RAKIJA DEGENIJA MEDICA 1 L;249908;;1,0000;L;12,32;12,32;;;10,99;3859889693240;Piæa
VINO IVAN KATUNAR ŽLAHT.0,75 L;249932;;0,7500;L;10,89;14,52;;;10,89;3859890869122;Piæa
VINO BUHAÈ GRAŠEVINA 0,75 L;249936;;0,7500;L;6,89;9,19;;;6,89;3859892110529;Piæa
VINO BORTOLI SHIRAZ 0,75 L;249959;;0,7500;L;4,99;6,65;;;4,54;9300752305721;Piæa
VINO SAVANHA SHIRAZ 0,75 L;249961;;0,7500;L;4,94;6,59;;;4,69;6007498000059;Piæa
VINO TARAPACA SYRAH 0,75 L;249963;;0,7500;L;6,66;8,88;;;6,66;7804340902702;Piæa
SIR RIBANI MIX DESPAR 100 g;249976;Despar;0,1000;kg;1,49;14,90;;;1,39;8001300651925;Hrana
VODA JANA VITAMIN I.LIM. 0,5 L;249990;Jana;0,5000;L;1,19;2,38;;;1,19;3858890871975;Piæa
PROSPORT SUPER FRUITS 0,75 L;249997;;0,7500;L;1,59;2,12;;;1,59;3858890871944;Piæa
LISNATI KEKS DESPAR GLAS.200 g;250033;Despar;0,2000;kg;1,25;6,25;;;1,25;8001300800101;Hrana
DŽEM PREMIUM MARELICA 340 g;250037;Premium;0,3400;kg;2,99;8,79;;;2,99;8001300501152;Hrana
DŽEM PREMIUM TREŠNJA 340 g;250040;Premium;0,3400;kg;2,99;8,79;;;2,99;8001300501169;Hrana
BRAŠNO DESPAR TIP 00 1 kg;250041;DESPAR;1,0000;kg;1,49;1,49;;;1,45;8001300425625;Hrana
ŠPAROGE DESPAR 300 g;250061;Despar;0,3000;kg;3,99;13,30;;;3,99;8001300673804;Hrana
ULJE MASL.EXT.DJ.FARCHIONI 1 L;250081;;1,0000;L;10,99;10,99;;;13,99;8007153005434;Hrana
DESPAR NEKTAR BRESKVA 1 L;250089;Despar;1,0000;L;1,49;1,49;;;2,02;8001300151951;Piæa
DESPAR NEKTAR MARELICA 1 L;250094;Despar;1,0000;L;1,49;1,49;;;2,02;8001300151968;Piæa
DESPAR NEKTAR KRUŠKA 1 L;250096;Despar;1,0000;L;1,49;1,49;;;2,02;8001300151975;Piæa
BRUSCHETTE DESPAR PIZZA 150g;250098;DESPAR;0,1500;kg;;6,07;0,91;1,59;1,59;8001300800224;Hrana
TARALLI PREMIUM PAPRIKA 300 g;250128;SPAR Premium;0,3000;kg;;4,63;1,39;1,79;1,79;8001300501077;Hrana
TARALLI PREM.MASLIN.ULJE 300 g;250132;SPAR Premium;0,3000;kg;;4,63;1,39;1,79;1,79;8001300500858;Hrana
TARALLI PREMIUM KOMORAÈ 300 g;250134;SPAR Premium;0,3000;kg;;4,63;1,39;1,79;1,79;8001300500841;Hrana
MORTADELA BOLOGNA 120 g;250228;Montorsi;0,1200;kg;2,59;21,58;;;2,59;8005153004327;Hrana
PRŠUT S.DANIELE NAREZAK 70 g;250232;Montorsi;0,0700;kg;4,55;65,00;;;4,55;8005153003139;Hrana
COPPA PARMA NAREZAK 100 g;250237;Montorsi;0,1000;kg;3,69;36,90;;;3,69;8005153004631;Hrana
PRŠUT PARMA NAREZAK 70 g;250239;Montorsi;0,0700;kg;4,35;62,14;;;4,35;8005153000022;Hrana
SLANUTAK NATURETA 300 g;250240;Natureta;0,1850;kg;2,59;14,00;;;2,79;3831029510266;Hrana
ŠUNKA KUHANA NAREZAK 120 g;250241;Montorsi;0,1200;kg;3,29;27,42;;;3,49;8005153004310;Hrana
SALAMA MILANO NAREZAK 100 g;250245;Montorsi;0,1000;kg;3,29;32,90;;;3,29;8005153004754;Hrana
NAMAZ NATURETA KRASTAVCI 280 g;250246;Natureta;0,2800;kg;3,59;12,82;;;3,99;3831029513892;Hrana
ŽITNA KAŠICA ÈOKOLINO 1,8 kg;250255;Èokolino;1,8000;kg;;5,55;9,99;13,99;13,99;3850104235863;Hrana
SPUŽ.ZA KUPANJE XME DESPAR ;250259;Despar;1,0000;kom;0,69;0,69;;;0,69;8001300850731;Toaletne potrepštine
SPUŽ.ZA KUP.CLASS. XME DESPAR ;250264;Despar;1,0000;kom;0,69;0,69;;;0,52;8001300850755;Toaletne potrepštine
TROPIC MIX NATURA 150 g;250265;Natura;0,1500;kg;3,14;20,93;;;3,14;3859892798918;Hrana
BUÈINE GOLICE NATURA 150 g;250266;Natura;0,1500;kg;2,52;16,80;;;2,52;3859892798796;Hrana
BOLERO MIX NATURA 150 g;250268;Natura;0,1500;kg;3,49;23,27;;;3,18;3859892798857;Hrana
SUHO VOÆE MIX NATURA 150 g;250269;Natura;0,1500;kg;2,84;18,93;;;2,84;3859892798864;Hrana
DESERT MONTE SNACK ZOTT 4X29 g;250332;Zott;0,1160;kg;1,99;17,16;;;1,99;4014500513485;Hrana
Kulenova seka Belje;250361;Belje;1,0000;kg;;22,99;22,99;25,49;26,99;3850257051747;Hrana
HRA.ZA MAÈ.WHISK.PILET.1,4 kg;250419;Whiskas;1,4000;kg;8,99;6,42;;;8,99;5900951259180;Proizvodi za kuæanstvo
VINO ORAHOV.GRAŠEV.VR 0,75 L;250433;;0,7500;l;;10,65;7,99;8,99;8,12;3858889830884;Piæa
OTOPINA LACALUT AKTIV 300 ml;250443;Lacalut;0,3000;L;5,69;18,97;;;5,69;4016369726297;Kozmetika
ZUB.PASTA LACALUT WHITE 75 ml;250448;Lacalut;0,0750;L;4,29;57,20;;;4,29;4016369786819;Kozmetika
ZUB.PASTA LACALUT AKTIV 75 ml;250451;Lacalut;0,0750;L;4,29;57,20;;;4,29;4016369728680;Kozmetika
ZUB.PASTA LACALUT 75 ml;250453;Lacalut;0,0750;L;4,29;57,20;;;4,29;4016369726358;Kozmetika
Salata proteinska;250477;SPAR enjoy;1,0000;kom;3,49;3,49;;;3,49;;Hrana
Salata pikantna;250478;SPAR enjoy;1,0000;kom;2,49;2,49;;;2,49;;Hrana
LIMUN TRAVA 125 g;250495;;1,0000;kom;1,99;1,99;;;1,99;3859891295678;Hrana
SPRE.MRAVI I ŽOHARI 3U1 400 ml;250501;;0,4000;l;5,99;14,98;;;5,99;5000204024562;Proizvodi za kuæanstvo
KAŠICA FRUTEK JABUKA BIO 120 g;250536;Fructal;0,1200;kg;1,26;10,50;;;1,26;3838945016483;Hrana
SR.SOMAT ZA ÈIŠ.PERILIC.3X20 g;250538;Somat;0,0600;kg;3,99;66,50;;;3,99;9000100999786;Sredstva za èišæenje
BOMBONIJERA MOZART VREÆ.264 g;250555;Mozart;0,2640;kg;;14,73;3,89;5,19;4,49;9001508084609;Hrana
VITAMIN C NATUR.500MG DIR.30 g;250566;Naturel;0,0300;kg;3,59;119,67;;;3,59;3858887246946;Hrana
DIREKT MAGN.+VIT.NATUREL.30 g;250569;Naturel;0,0300;kg;3,59;119,67;;;3,59;3858889365034;Hrana
DŽEM BAK.TAJ.NARANÈA 375 g;250578;Bakina Tajna;0,3750;kg;3,99;10,64;;;3,99;8606011030498;Hrana
DŽEM BAK.TAJ.SMOKVA 375 g;250579;Bakina Tajna;0,3750;kg;4,99;13,31;;;4,99;8600103131551;Hrana
RIŽA GALLO CRVENA 500 g;250580;Gallo;0,5000;kg;4,19;8,38;;;4,19;8001420005226;Hrana
PELATI BIO RAJÈICA MUTTI 400 g;250583;Mutti;0,2600;kg;3,79;14,58;;;3,79;8005110413544;Hrana
POLPA BIO RAJÈICA MUTTI 400 g;250585;Mutti;0,2600;kg;3,79;14,58;;;3,79;8005110413520;Hrana
PRAL.SPAR PREMIUM ŠKOLJK.250 g;250595;SPAR PREMIUM;0,2500;kg;4,49;17,96;;;4,49;9100000770925;Hrana
PREZERVATIV DUREX CLASSIC 18/1;250699;Durex;18,0000;kom;16,29;0,91;;;12,59;5997321771885;Toaletne potrepštine
PREZ.DUREX FEEL THIN 18/1;250701;Durex;18,0000;kom;16,49;0,92;;;14,95;5052197044973;Toaletne potrepštine
ULJE MAS.EXT.DJ.HAR ORGULA 1 L;250730;Orgula;1,0000;L;13,99;13,99;;;13,49;3859890446200;Hrana
ULJE MAS.EX.DJ.TRAD ORGULA 1 L;250733;;1,0000;L;13,99;13,99;;;16,99;3859890446217;Hrana
SIR MEKI GRABANCIJAŠ 350 g;250780;Vindija;0,3500;kg;5,79;16,54;;;5,79;3850108054026;Hrana
VREÆE ZA SMEÆE 50L 15/1 ;250794;;15,0000;kom;2,19;0,15;;;2,19;8009986014874;Proizvodi za kuæanstvo
MIX ORAŠ.I VOÆA SEEBERGE.150 g;250800;Seeberger;0,1500;kg;;26,60;3,99;4,24;4,99;4008258051030;Hrana
GIN MG MASTERS 0,7 L;250801;;0,7000;L;21,26;30,37;;;15,99;8411640000435;Piæa
 KRUH ÖLZ SENDVIÈ INTEGR.750 g;250818;;0,7500;kg;4,14;5,52;;;4,14;9005300010347;Hrana
KRUH  ÖLZ  SENDVIÈ 750 g;250819;Ölz;0,7500;kg;4,14;5,52;;;4,14;9005300010743;Hrana
SIR KREM ABC TUNA 100 g ;250848;Belje;0,1000;kg;1,15;11,50;;;1,39;3850257060169;Hrana
MINI BAGUETTE S-BUDGET 300 g;250863;S-BUDGET;0,3000;kg;0,99;3,30;;;0,99;9100000864488;Hrana
PAN.PILEÆ.MEDALJONI SPAR 900 g;250900;SPAR;0,9000;kg;8,99;9,99;;;8,99;3856021200854;Hrana
PIVO BAVARIA 6x0,5 L;250944;Bavaria;2,5000;L;7,95;3,18;;;7,62;8600105004099;Piæa
PASTA ZA ZUBE PARODONTAX 75 ml;250974;Parodontax;0,0750;L;;62,00;4,65;5,85;5,59;5054563950499;Kozmetika
PAŠT.S JADR.KOZIC.PREMI.165 g;251082;SPAR;0,1650;kg;;18,12;2,99;3,99;3,79;3856021201943;Hrana
PASTA PATAKS T.MASALA 165 g;251118;Blue Dragon;0,1650;kg;4,19;25,39;;;4,19;5011308700917;Hrana
PASTA PATAKS TANDOORI 170 g;251133;Pataks;0,1700;kg;4,19;24,65;;;4,19;5011308700351;Hrana
ALGE BL.DRAGON SUSHI 11 g;251136;;0,0110;kg;3,59;326,36;;;3,59;5010338303006;Hrana
PANKO BL.DRAGON MIX 120 g;251139;;0,1200;kg;4,39;36,58;;;4,39;5010338014902;Hrana
MASLINE SPAR ZELENE 350 g;251150;SPAR;0,2000;kg;1,99;9,95;;;1,99;9100000710983;Hrana
HRANA ZA MAÈKE MOL.TEL.4X100 g;251186;Molly;0,4000;kg;1,99;4,98;;;1,99;9100000720975;Proizvodi za kuæanstvo
NAMAZ VEG.SJ.KON.MED.2X50 g;251199;Vegetariana;0,1000;kg;2,24;22,40;;;2,24;3859892560485;Hrana
NAMAZ SA SJ.KONOPLJE 2X50 g;251201;Vegetariana;0,1000;kg;2,24;22,40;;;2,24;3859892560478;Hrana
ŽLICA ZA OBUÆU 58cm;251355;;1,0000;kom;3,18;3,18;;;3,18;4008033155861;Proizvodi za kuæanstvo
ORAŠ.MIX S BRUS.S BUDGET 250 g;251419;S-Budget;0,2500;kg;3,29;13,16;;;2,69;9100000771175;Hrana
JUHA TOSCANA 620 g;251470;;0,6200;kg;2,79;4,50;;;2,79;8014190017122;Hrana
JUHA MINESTRONE 620 g;251471;;0,6200;kg;2,79;4,50;;;2,79;8014190017139;Hrana
JUHA KREM OD MRKVE 620 g;251473;;0,6200;kg;2,79;4,50;;;2,79;8014190017092;Hrana
ULJE MASL.EX.DJ.PREM ORGU.1 L;251524;Orgula;1,0000;L;14,99;14,99;;;17,99;3859890446224;Hrana
BAKALAR MANTECATO MASL.90 g;251661;Alden;0,0900;kg;2,52;28,00;;;2,52;3859891792160;Hrana
BAKALAR MANTECATO KLAS.90 g;251664;Alden;0,0900;kg;2,19;24,33;;;2,19;3859891792016;Hrana
ŽITARICE KRAŠ EX RINGS 250 g;251728;Kraš;0,2500;kg;2,59;10,36;;;2,59;3850102509140;Hrana
TAB.FINISH ALL IN ONE 100/1;251731;Finish;100,0000;kom;14,99;0,15;;;18,95;5999109583475;Sredstva za èišæenje
JUHA MAGGI KREM RAJÈ. BOS.56 g;251799;Maggi;0,0560;kg;1,39;24,82;;;1,39;7613287419866;Hrana
NAPITAK ALPRO NEPR.BADEM 1 L;251826;Alpro;1,0000;l;3,79;3,79;;;2,39;5411188122661;Piæa
RAKIJE PATRIK MIX 4X0,05 L;251827;;0,2000;L;;59,95;11,99;14,79;14,79;3859890672609;Piæa
LIKERI PATRIK MIX 4X0,05 L;251828;;0,2000;L;;59,95;11,99;14,09;14,09;3859890672593;Piæa
UNIVERZ.SRED.DOMESTOS 750 ml;251832;Domestos;0,7500;L;2,65;3,53;;;2,15;8710908675089;Sredstva za èišæenje
GLADE SPRAY VANILIJA 300 ml;251904;Glade;0,3000;L;3,05;10,17;;;3,69;3858895411053;Sredstva za èišæenje
ODST.MRLJA BIOSHOUT SPR.500 ml;251914;Bioshout;0,5000;L;4,65;9,30;;;4,65;5000204350814;Sredstva za èišæenje
ROCHER FERRERO 100 g;251921;Ferrero;0,1000;kg;4,89;48,90;;;4,39;8000500192801;Hrana
PAŠTETA ARGETA KOKOŠ.SLAV.95 g;252013;Argeta;0,0950;kg;1,49;15,68;;;1,39;3838471031394;Hrana
WHISKEY JAMESON BLACK BA.0,7 L;252053;;0,7000;L;45,99;65,70;;;44,12;5011007024000;Piæa
VINO ORMOŽ RUME. MUŠKAT 0,75 L;252057;;0,7500;L;;9,05;6,79;7,99;9,29;3830078701809;Piæa
ÈOK.MILKA KARAMELA KIKIR.276g;252062;Milka;0,2760;kg;5,99;21,70;;;6,79;7622210612267;Hrana
LAK ZA KOSU MODESTA 500 ml;252069;Modesta;0,5000;L;4,49;8,98;;;4,49;3850177000634;Kozmetika
RIBLJI ŠTAPIÆI SPAR FF 250 g;252082;SPAR free from;0,2500;kg;3,99;15,96;;;3,99;9100000714226;Hrana
ULJE REPICE S-BUDGET 1 L;252085;S-Budget;1,0000;L;1,99;1,99;;;1,99;9100000709062;Hrana
SIR EMMENT.NAREZANI S-BU 400 g;252086;S-Budget;0,4000;kg;5,19;12,98;;;5,49;9100000057187;Hrana
VINO ZL.PL.GR.CRU MAGNUM 1,5 L;252089;;1,5000;L;65,02;43,35;;;65,02;3859888437296;Piæa
RAJÈIC.PASIRANA FRUCTAL 500 ml;252146;Fructal;0,5000;l;1,09;2,18;;;1,09;3838945029155;Hrana
LJEŠNJAK NATURA 150 g;252165;;0,1500;kg;5,49;36,60;;;2,84;3859892798833;Hrana
GROŽÐICA NATURA SUHA 200 g;252166;;0,2000;kg;1,44;7,20;;;1,44;8697435900016;Hrana
CIKLA PODRAVKA REZANCI 680 g;252168;Podravka;0,3800;kg;2,29;6,03;;;2,29;3850104292118;Hrana
BADEM NPS NATURA 200 g ;252169;Natura;0,2000;kg;4,19;20,95;;;4,19;3859892798789;Hrana
BADEM PEÈENI SLANI NATURA 100g;252170;Natura;0,1000;kg;2,69;26,90;;;2,69;3859892798871;Hrana
SIR ZRN.POS.NOEM DO10%MM 215 g;252201;Noem;0,2000;kg;1,59;7,95;;;1,59;9019100351401;Hrana
COMPLETE COLOR CREME N67 ÈOK.;252229;Annyer;1,0000;kom;3,99;3,99;;;4,19;3850177007824;Kozmetika
COMPLETE COLOR CREME N54 KEST.;252230;Annyer;1,0000;kom;3,99;3,99;;;4,19;3850177007831;Kozmetika
COMPLETE COLOR CREME RM55 MAH.;252231;Annyer;1,0000;kom;3,99;3,99;;;4,19;3850177007909;Kozmetika
COMPLETE COLOR CREME N50 SMEÐA;252232;Annyer;1,0000;kom;3,99;3,99;;;4,19;3850177007848;Kozmetika
COMPLETE COLOR CREME B98 SREB.;252234;Annyer;1,0000;kom;3,99;3,99;;;4,19;3850177007794;Kozmetika
COMPLETE COLOR CREME D20 CRNA;252235;Annyer;1,0000;kom;3,99;3,99;;;4,19;3850177007947;Kozmetika
SOL HIMALAJ.SITNA KOTANY120 g;252241;Kotanyi;0,1200;kg;2,19;18,25;;;1,98;9001414040034;Hrana
ŠAMPON REVITAL KOPRIVA 300 ml;252245;Annyer;0,3000;L;3,09;10,30;;;3,09;3850177005509;Kozmetika
ŠAMPON REVITAL ÈIÈAK 300 ml;252247;Annyer;0,3000;L;3,09;10,30;;;3,09;3850177005523;Kozmetika
GEL EXTRA STRONG 470 ml;252249;Annyer;0,4700;L;6,09;12,96;;;6,09;3850177007428;Kozmetika
GEL ZA KOSU BLUE 100 ml;252250;Annyer;0,1000;L;3,39;33,90;;;3,39;3850177007152;Kozmetika
ANNYER BLANCHE 40 g;252264;Annyer;1,0000;kom;3,19;3,19;;;3,39;3850177008067;Kozmetika
HIDROGEN ANNYER CR.12% 120 ml ;252266;Annyer;0,1200;L;2,99;24,92;;;2,99;3850177008128;Kozmetika
GAZ. PIÆE VINDI TANGERINA1,5 L;252302;;1,5000;L;1,59;1,06;;;1,59;3850108070842;Piæa
VINO TELUS PLAVAC MALI 0,75 L;252339;;0,7500;L;8,02;10,69;;;7,19;3857500014122;Piæa
VINO MUSKAT ŽUTI SM 0,75 L;252341;;0,7500;L;8,99;11,99;;;8,99;3859892237202;Piæa
VINO SAN MARTINO CHARD.0,75 L;252346;;0,7500;L;8,49;11,32;;;8,49;3859892237141;Piæa
VINO CABE. SAUVIGNON SM 0,75 L;252348;;0,7500;L;8,49;11,32;;;8,49;3859892237189;Piæa
ZOBENA DOBRA  KAŠA JABUKA 65 g;252394;;0,0650;kg;;9,08;0,59;0,99;0,99;8595054904326;Hrana
SOK FRUCTAL PREMIUM MULTIV.1 L;252395;Fructal;1,0000;L;2,29;2,29;;;2,29;3838945027854;Piæa
ÈAJ AGRISTAR KOM.ANIS KIM 40 g;252401;Agristar;0,0400;kg;2,25;56,25;;;2,25;3858886504849;Piæa
ÈAJ AGRISTAR ÐUMBIR CIMET 40 g;252402;Agristar;0,0400;kg;2,39;59,75;;;2,39;3858886504832;Piæa
VINO BRAÈ 1903 BOGONDON 0,75 L;252403;;0,7500;L;;13,32;9,99;11,99;11,39;3859892605339;Piæa
VINO BRAÈ 1903 GODIMENT 0,75 L;252405;;0,7500;L;11,22;14,96;;;10,49;3859892605315;Piæa
PJENUŠ.GODIM.BRAÈ 1903 0,75 L;252407;;0,7500;L;;13,32;9,99;12,99;12,59;3859892605346;Piæa
ÈAJ FRANCK KAMI.ÐU.BIR 40 g;252411;Franck;0,0400;kg;2,39;59,75;;;2,39;3858881088306;Piæa
PIZZA MINI MARG.DESPAR 9x30 g;252416;Despar;0,2700;kg;;8,48;2,29;2,99;2,99;9100000803616;Hrana
PIZZA MINI ŠUNKA DESPAR 9x30 g;252427;Despar;0,2700;kg;;8,48;2,29;2,99;2,99;9100000803654;Hrana
RIŽA NATUREL DOMAÆA JELA 1 kg;252476;Naturel;1,0000;kg;4,99;4,99;;;4,99;3858889360954;Hrana
PAP.RUÈ.VIOLETA LOVE 3SL.3/1;252479;Violeta;3,0000;kom;2,89;0,96;;;2,29;3859892288952;Proizvodi za kuæanstvo
UNIV.SRED.SANYTOL 1 L;252627;Sanytol;1,0000;L;3,59;3,59;;;3,39;3045206312202;Sredstva za èišæenje
MED VARŽAK CVJETNI 12 g VREÆ.;252744;;0,0120;kg;0,26;21,67;;;0,26;3859888673953;Hrana
PANIRANI ODR. COTOLETTA  220 g;252823;AiA;0,2200;kg;2,25;10,23;;;2,29;8008110258719;Hrana
UL.ALWAYS DNEVNI TRIO E.L.44/1;252926;Always;44,0000;kom;2,99;0,07;;;2,99;4015400563846;Toaletne potrepštine
UL.ALWAYS DNEV.TRIO LIGHT 58/1;252933;Always;58,0000;kom;2,99;0,05;;;2,99;4015400565574;Toaletne potrepštine
UL.ALWAYS DNEV.TRIO NO.F. 60/1;252942;Always;60,0000;kom;3,05;0,05;;;3,05;4015400563747;Toaletne potrepštine
PUDING DR.OET.ZA MAÐARI.100 g;252996;Dr. Oetker;0,1000;kg;1,19;11,90;;;1,19;5997381360647;Hrana
PUDING DR.OETK.ZA KREMŠNI.80 g;253004;Dr. Oetker;0,0800;kg;1,19;14,88;;;1,19;5997381360616;Hrana
KAŠA DR.OETKER MAL.CHIA 50 g;253019;Dr. Oetker;0,0500;kg;0,99;19,80;;;0,99;5997381370967;Hrana
BOMBONI SMARTIES MINI 158 g;253041;Smarties;0,1580;kg;3,99;25,25;;;4,49;7613287115782;Hrana
UMAK HEINZ WORCESTER 150 ml;253369;Heinz;0,1500;l;2,99;19,93;;;3,31;5000157073020;Hrana
UMAK HEINZ BBQ 480 g;253411;Heinz;0,4800;kg;4,19;8,73;;;5,3;8410066144198;Hrana
UMAK HEINZ SOJA 150 ml;253412;Heinz;0,1500;l;2,99;19,93;;;3,71;5000157073006;Hrana
SIR KREM ABC JUNIOR 100 g;253417;Belje;0,1000;kg;1,15;11,50;;;1,35;3850257060190;Hrana
PUDING DR.OETKER VANIL.BG.38 g;253425;Dr. Oetker;0,0380;kg;1,29;33,95;;;1,29;5997381360586;Hrana
PUDING DR.OETKER ÈOK.BG.49 g;253427;Dr. Oetker;0,0490;kg;1,29;26,33;;;1,29;5997381360593;Hrana
MANDULAT DESPAR PREMIUM 90 g;253434;SPAR PREMIUM;0,0900;kg;1,49;16,56;;;1,99;8001300801993;Hrana
MANDULAT DESPAR PREMIUM 90 g;253436;SPAR PREMIUM;0,0900;kg;1,49;16,56;;;1,99;8001300802006;Hrana
BABY MRKVA SPAR 400 g;253482;SPAR;0,2650;kg;1,79;6,75;;;1,79;9100000801070;Hrana
KRASTAVCI SPAR DELIKATES 670 g;253488;SPAR;0,3700;kg;2,49;6,73;;;2,49;9100000803593;Hrana
KEKS MILKA SENSSOFT 156 g;253502;Milka;0,1560;kg;3,39;21,73;;;3,39;7622202265822;Hrana
KEKS MILKA SENSATI.CHOCO 156 g;253503;Milka;0,1560;kg;3,39;21,73;;;3,39;7622202265914;Hrana
TORTA S VOÆEM LATICA 750 g;253513;Vindija;0,7500;kg;7,96;10,61;;;7,96;3850261359723;Hrana
TORTA CHEESECAKE LATICA 650 g;253514;Vindija;0,6500;kg;;8,45;5,49;6,63;6,63;3850261359716;Hrana
PJENUŠAC YIPPY GROŽÐE 0,75 L;253524;;0,7500;L;3,99;5,32;;;3,99;9008700166973;Piæa
PJENUŠAC YIPPY VIŠNJA 0,75 L;253525;;0,7500;L;3,99;5,32;;;3,99;9008700166997;Piæa
SIR CAMEM. S PAPROM VIND.100 g;253535;Vindija;0,1000;kg;2,69;26,90;;;2,69;3850108051919;Hrana
Velebitska kobasica;253536;Gavrilovic;1,0000;kg;10,59;10,59;;;10,59;3858890208085;Hrana
SIR CAMEM.S ÈILI.VINDIJA 100 g;253545;Vindija;0,1000;kg;2,69;26,90;;;2,69;3850108051964;Hrana
SAPUN TEK.JASMIN&MAGNO.300 ml;253557;Afrodita;0,3000;L;3,49;11,63;;;3,49;3831070652267;Kozmetika
ULJNI GEL TUŠ.AFR.BADEM 250 ml;253569;Afrodita;0,2500;L;2,95;11,80;;;2,95;3831070652427;Kozmetika
ULJNI GEL TUŠ.AFRO.GROŽ.250 ml;253572;Afrodita;0,2500;L;2,95;11,80;;;2,95;3831070652199;Kozmetika
HRANA ZA PSE FRISK.PIL.1,5 kg;253653;Friskies;1,5000;kg;6,49;4,33;;;6,51;7613034230485;Proizvodi za kuæanstvo
HRANA ZA PSE FRISK.MESO 1,5 kg;253654;Friskies;1,5000;kg;6,49;4,33;;;6,51;7613034241207;Proizvodi za kuæanstvo
HRANA ZA PSE FRISK.BAL.10 kg;253655;Friskies;10,0000;kg;36,99;3,70;;;36,99;7613031395491;Proizvodi za kuæanstvo
TJESTENINA FREE FROM FUS.500 g;253670;SPAR free from;0,5000;kg;1,99;3,98;;;1,99;9100000720784;Hrana
TJESTEN.FREE FROM PENNE 500 g ;253671;SPAR free from;0,5000;kg;1,99;3,98;;;1,99;9100000720807;Hrana
SOJA KOMADI BIO VEGGIE 150 g;253679;SPAR Veggie;0,1500;kg;2,49;16,60;;;2,49;9100000969770;Hrana
SOJA GRANULAT VEGGIE 180 g;253680;SPAR Veggie;0,1800;kg;2,59;14,39;;;2,59;9100000969756;Hrana
PAP.RUÈNICI PALOMA MUL.2 S.4/1;253754;Paloma;4,0000;kom;;0,50;1,99;2,79;2,79;3838952025775;Proizvodi za kuæanstvo
MAÈJA HRANA FRISKIES JUN.300 g;253762;Friskies;0,3000;kg;2,45;8,17;;;2,45;7613031868384;Proizvodi za kuæanstvo
HRANA ZA MAÈKE FRIS.LOS.1,5 kg;253764;Friskies;1,5000;kg;7,16;4,77;;;7,16;7613033923562;Proizvodi za kuæanstvo
HRANA ZA MAÈ.FRIS.IN.PI.1,5 kg;253765;Friskies;1,5000;kg;7,16;4,77;;;7,16;7613031341887;Proizvodi za kuæanstvo
TJESTEN.FREE FROM SPAG.500 g;253868;SPAR free from;0,5000;kg;1,99;3,98;;;1,99;9100000720760;Hrana
HRA.ZA MAÈ.GOUR.GOLD MUL.4X85g;253890;Gourmet;0,3400;kg;3,09;9,09;;;3,31;7613032956240;Proizvodi za kuæanstvo
HRA.ZA MAÈ.GOUR.GOLD UM.4X85 g;253891;Gourmet;0,3400;kg;3,09;9,09;;;3,31;7613032958824;Proizvodi za kuæanstvo
MAJONEZA THOMY VREÆIC.XL 380 g;253901;Thomy;0,3800;kg;;7,34;2,79;3,59;3,49;7613035904958;Hrana
BUNCEK Z´DEŽELE;253954;Celjske Mesnine;1,0000;kg;5,99;5,99;;;4,64;3838876047570;Hrana
KINDER SURPRISE MAXI T1 100 g;253968;Kinder;0,1000;kg;;44,90;4,49;4,99;5,99;4008400230726;Hrana
ŠPEK DOMAÆI DIMLJ.MEDVEN 100 g;253986;Medven;0,1000;kg;2,79;27,90;;;3,05;3859892946197;Hrana
NAMAZ NATURA ZDENKA 150 g;253998;Zdenka;0,1500;kg;2,25;15,00;;;2,25;3858888596941;Hrana
NAMAZ PIKANT ZDENKA 150 g;253999;Zdenka;0,1500;kg;2,25;15,00;;;2,09;3858888596958;Hrana
NAMAZ ZDENKA KAJMAK 150 g;254002;Zdenka;0,1500;kg;1,99;13,27;;;1,99;3858888596972;Hrana
NAMAZ ZDENKA ORIGINAL 150 g;254007;Zdenka;0,1500;kg;1,99;13,27;;;1,99;3858888596965;Hrana
TLAÈENICA SELJAÈKA 300 g;254028;Krainer;0,3000;kg;4,09;13,63;;;4,29;9004286420300;Hrana
PJEN.VINO HUGO GR.LIMUN 0,75 L;254073;Ekskluzivno za SPAR;0,7500;L;3,18;4,24;;;3,18;4002391302509;Piæa
SENF ESTRAGON MAUTNERMA.350 g;254082;;0,3500;kg;2,59;7,40;;;1,69;9011900184401;Hrana
SENF ESTRAGON S-BUDGET 330 g;254091;S-BUDGET;0,3300;kg;1,79;5,42;;;1,59;9100000716930;Hrana
SENF KREM S-BUDGET 330 g;254092;S-BUDGET;0,3300;kg;1,79;5,42;;;1,79;9100000716916;Hrana
SIRUP SUNQUICK CRNI RIB. 0,7 L;254098;Sunquick;0,7000;L;6,49;9,27;;;6,02;5775345206237;Piæa
SIRUP SUNQUICK BRES-NARA.0,7 L;254105;Sunquick;0,7000;L;6,49;9,27;;;5,52;5775345121172;Piæa
SIRUP SUNQUICK NARANÈA 0,7 L;254106;Sunquick;0,7000;L;6,49;9,27;;;5,52;5775345121233;Piæa
ÈIPS OD JABUKE SPAR VITAL 50 g;254126;SPAR Vital;0,0500;kg;0,89;17,80;;;0,89;3856021202209;Hrana
JABUKOVAÈA ST.LISAC 0,5 LP.A ;254135;;0,5000;L;1,35;2,70;;;1,25;3850103003494;Piæa
VINO GRAŠEVINA 2 L KG PET;254144;;2,0000;L;5,45;2,73;;;5,45;3859891270149;Piæa
PIVO SAN SERV. CRVENO 0,33 L ;254158;;0,3300;L;2,72;8,24;;;2,72;3859893049033;Piæa
PIVO SAN SERVOLO TAMNO 0,33 L;254162;;0,3300;L;2,72;8,24;;;2,72;3859893049095;Piæa
PIVO SAN SERVO.SVIJETLO 0,33 L;254163;;0,3300;L;2,28;6,91;;;2,28;3859893049019;Piæa
BOJA PALETTE ICC RV6 7-887;254217;Palette;1,0000;kom;4,25;4,25;;;4,25;9000101003277;Kozmetika
FARBA PALETTE ICC CBW12 12-46;254219;Palette;1,0000;kom;2,15;2,15;;;3,58;9000101024449;Kozmetika
ŠAMPINJONI DROGA U OCTU 280 g;254256;Droga Kolinska;0,1700;kg;3,39;19,94;;;3,39;3830042562221;Hrana
DATULJA RFS;254268;;1,0000;kg;3,05;3,05;;;3,05;3858889331732;Hrana
KEKS JAFFA VIŠNJA CHOCO 155 g;254297;Jaffa;0,1550;kg;1,39;8,97;;;1,29;8600114006244;Hrana
AJVAR NATURETA SLATKI 290 g;254299;Natureta;0,2900;kg;2,89;9,97;;;3,29;3831029507457;Hrana
PIVO GRIMBERGEN BLANCHE 0,33 L;254301;;0,3300;L;2,28;6,91;;;2,28;3858887585502;Piæa
AJVAR NATURETA LJUTI 290 g;254306;Natureta;0,2900;kg;2,89;9,97;;;3,29;3831029507532;Hrana
MASLAC Z BREGOV 125 g;254339;Z Bregov;0,1250;kg;1,99;15,92;;;1,99;3850108060126;Hrana
JU.KOCKA MAGGI POVRTNA 129,6 g;254344;Maggi;0,1296;kg;2,29;17,67;;;2,29;8585002438645;Hrana
KEKS CHOCO COOKIES ORIGI.200 g;254348;Koestlin;0,2000;kg;2,15;10,75;;;2,15;3856014120084;Hrana
ZAÈ.PAPR.TUCANA ŠAFRAM 100 g;254351;Safram;0,1000;kg;1,85;18,50;;;1,85;3859892109370;Hrana
SOL HIMALAJ.SITNA ŠAFRAM 250 g;254354;Safram;0,2500;kg;2,91;11,64;;;2,91;3859892109394;Hrana
Sir svj.polum.Euromilk 2x5 kg;254375;Euro Milk;1,0000;kg;4,99;4,99;;;4,99;3859889770224;Hrana
UMAK SPAR CARBONARA 390 g;254423;SPAR marka kvalitete;0,3900;kg;2,99;7,67;;;2,79;8710671155122;Hrana
PIVO KASAÈKO 0,5 L P.A.;254482;;0,5000;L;1,55;3,10;;;1,55;3859889094085;Piæa
ŠAMPON H&S NOURISH HAIR 400 ml;254493;Head&Shoulders;0,4000;L;6,19;15,48;;;6,19;4084500819689;Kozmetika
RIŽA SCOTTI BASMATI 4x125 g;254551;Scotti;0,5000;kg;6,19;12,38;;;6,19;5941832000859;Hrana
RIŽA SCOTTI PARBOILED 4x125 g;254558;Scotti;0,5000;kg;2,89;5,78;;;2,91;5941832000873;Hrana
LASAGNE FREE FROM 250 g;254848;SPAR free from;0,2500;kg;1,99;7,96;;;1,99;9100000801759;Hrana
FLIPS PUFULETI  KUKURUZNI 85 g;254866;VENDO;0,0850;kg;,79;9,29;;;0,79;9120072150050;Hrana
MAR.ZA ÈIŠÆ.NAOÈ.SPLEN.54/1;254896;Splendid;54,0000;kom;0,99;0,02;;;1,25;9100000800608;Toaletne potrepštine
BRISAÈ PRAŠINE S DRŠKOM 38cm;254920;;1,0000;kom;11,89;11,89;;;11,89;4006501415202;Proizvodi za kuæanstvo
BAKALAR PREŠANI POLOVINA;254924;;1,0000;kg;57,99;57,99;;;44,99;;Hrana
BRISAÈ PLOÈICA/TUŠ KABINA 20cm;254926;;1,0000;kom;11,49;11,49;;;11,49;4006501417015;Proizvodi za kuæanstvo
DOMAÆA BAKLAVA 500 g;254955;;0,5000;kg;4,37;8,74;;;4,09;5319990443861;Hrana
BAZA GLADE AUT LAV.-JAS.269 ml;254979;Glade;0,2690;L;10,19;37,88;;;11,99;5000204073645;Sredstva za èišæenje
TEK.DUCK ZA WC UNIŠTA.K.750 ml;254982;Duck;0,7500;L;3,35;4,47;;;1,69;5000204545784;Sredstva za èišæenje
BRISAÈ PODA CLASSIC 42cm;254984;;1,0000;kom;;19,99;19,99;27,49;27,49;4006501552105;Proizvodi za kuæanstvo
NAVLAKA ZA BRISAÈ PODA CLASSIC;254985;;1,0000;kom;13,19;13,19;;;13,19;4006501552112;Proizvodi za kuæanstvo
TEKU.ZA WC DUCK LAV.5U1 750 ml;254988;Duck;0,7500;L;3,09;4,12;;;1,69;5000204164527;Sredstva za èišæenje
ÈAJ AHMAD ENG. BREAKFAST 40 g;255026;Ahmad;0,0400;kg;3,45;86,25;;;3,45;0054881005555;Piæa
POSEBNA PILEÆA S BUDGET 200 g;255038;S-Budget;0,2000;kg;1,05;5,25;;;0,99;3856021202650;Hrana
BOMB.GUM.HARIBO BOBICE 100 g;255039;Haribo;0,1000;kg;1,59;15,90;;;1,59;4001686705315;Hrana
ULJE OD KOKOSA BM 200 ml;255047;Encian;0,2000;L;4,49;22,45;;;3,99;3858890102130;Hrana
ZAÈIN KURKUMA PODRAVKA 44 g;255050;Podravka;0,0440;kg;2,59;58,86;;;2,59;3856020201326;Hrana
SODA BIKARBONA DOLCELA 200 g;255062;Podravka;0,2000;kg;0,99;4,95;;;0,99;8594004496874;Hrana
SIR EMENTALER REZAN.SPAR 150 g;255089;SPAR;0,1500;kg;1,99;13,27;;;2,29;3856021202025;Hrana
SIR EDAMAC REZANI SPAR 150 g;255091;SPAR;0,1500;kg;1,99;13,27;;;1,99;3856021201967;Hrana
SIR GAUDA REZANI  SPAR 150 g;255092;SPAR;0,1500;kg;1,99;13,27;;;1,99;3856021201981;Hrana
ÈOKOLADA VRUÆA SPAR 8/1 200 g;255102;SPAR;0,2000;kg;3,49;17,45;;;3,15;8710671151308;Piæa
BU ŽICA ZA SUÐE 3/1 19286;255159;S-BUDGET;3,0000;kom;0,49;0,16;;;1,49;9100000433011;Proizvodi za kuæanstvo
SPAR ÈAÈKALICE 220/1 23274;255169;SPAR marka kvalitete;220,0000;kom;1,99;0,01;;;1,99;9100000632650;Proizvodi za kuæanstvo
SPAR ÈAÈKALICE 3X150 19909;255171;SPAR marka kvalitete;3,0000;kom;1,32;0,44;;;1,32;9100000632667;Proizvodi za kuæanstvo
BIO RIKULA 100 g;255202;;0,1000;kg;1,49;14,90;;;2,39;8032140348072;Hrana
Kulenov cvijet;255229;Gavrilovic;1,0000;kg;14,99;14,99;;;21,99;3858892720387;Hrana
ÈOKOLADA SCHOGETTEN BL&W.100 g;255241;Schogetten;0,1000;kg;1,75;17,50;;;1,29;4000415039707;Hrana
ÈOKOLADA SCHOGETTEN NOIS.100 g;255242;Schogetten;0,1000;kg;1,75;17,50;;;1,29;4000415851705;Hrana
PAPRIÈICE SPAR JALAPENOS 340 g;255294;SPAR;0,1900;kg;1,59;8,37;;;1,64;9100000802480;Hrana
BIO KAKI NP 600 g;255305;SPAR Natur*pur;0,6000;kg;2,49;4,15;;;2,12;8412345835476;Hrana
BIO MANGO NP 400 g;255307;SPAR Natur*pur;0,4000;kg;2,29;5,73;;;3,19;3831115313993;Hrana
BIO KOMORAÈ NP 400 g;255308;SPAR Natur*pur;0,4000;kg;2,29;5,73;;;1,99;8019796200220;Hrana
ZAÈ.MIX PEÈ.ŽAR KOTANYI 100 g;255309;Kotanyi;0,1000;kg;2,99;29,90;;;1,34;9001414006832;Hrana
SIR TILZIT REZANI SPAR 150 g;255318;SPAR marka kvalitete;0,1500;kg;1,99;13,27;;;2,09;3856021202001;Hrana
DVOPEK MINI CLASSIC 120 g;255319;Naturel;0,1200;kg;1,39;11,58;;;1,39;3858889361593;Hrana
DVOPEK MINI INTEGRALNI 120 g;255321;Naturel;0,1200;kg;1,39;11,58;;;1,39;3858889361586;Hrana
SIR CAM.PAN. S BRUS.SPAR 350 g;255357;SPAR;0,3500;kg;3,99;11,40;;;3,79;9100000694252;Hrana
Svinjska lopatica bk 2D HR;255374;;1,0000;kg;5,3;5,30;;;5,3;3858881619234;Hrana
VINDI COCKT.NARANÈA-JABUKA 2 L;255428;;2,0000;l;1,99;1,00;;;2,15;3850108072808;Piæa
VINDI COCKT.NARANÈA-MANDAR.2 L;255431;;2,0000;l;1,99;1,00;;;2,15;3850108072815;Piæa
KIKIRIKI LJUSKA S BUDGET 400 g;255485;S-Budget;0,4000;kg;1,59;3,98;;;1,85;3856021202063;Hrana
SPREJ ZA IZRAST MAGIC 75ml;255498;LOREAL;0,0750;L;7,49;99,87;;;6,63;3600523192861;Kozmetika
SPREJ ZA IZRAST BLOND 75 ml;255499;LOREAL;0,0750;L;7,49;99,87;;;7,29;3600523192854;Kozmetika
SPREJ ZA IZRAST BEIGE 75 ml;255500;LOREAL;0,0750;L;7,49;99,87;;;7,29;3600523192847;Kozmetika
SPREJ ZA IZRAST CHIATA 75 ml;255501;LOREAL;0,0750;L;7,49;99,87;;;7,29;3600523192830;Kozmetika
SPREJ ZA IZRAST BRUN 75 ml;255502;LOREAL;0,0750;L;7,49;99,87;;;7,29;3600523192878;Kozmetika
SIR ISTAR.TVR.KRAV.ANDRO 400 g;255511;;0,4000;kg;6,79;16,98;;;6,79;3859892331108;Hrana
SIR S MASLINAMA ANDRO 330 g;255513;;0,3300;kg;6,79;20,58;;;6,79;3859892331146;Hrana
SIR TVR. S PAPROM ANDRO 330 g;255515;;0,3300;kg;6,79;20,58;;;6,79;3859892331139;Hrana
HRANA ZA PSE PED.ADULT 2,6 kg;255520;Pedigree;2,6000;kg;12,99;5,00;;;12,99;5998749144961;Proizvodi za kuæanstvo
MAÈJA HRANA SHEBA LOSOS 85 g;255522;Sheba;0,0850;kg;1,09;12,82;;;1,09;4770608257279;Proizvodi za kuæanstvo
MAÈJA HRANA SHEBA LOSOS 85 g;255535;Sheba;0,0850;kg;1,09;12,82;;;1,09;4008429069772;Proizvodi za kuæanstvo
HRANA ZA MAÈ.SHEBA ODAB.4X85 g;255537;Sheba;0,3400;kg;3,29;9,68;;;3,29;4770608263928;Proizvodi za kuæanstvo
MAÈJA HRANA SHEBA PERAD 4X85 g;255538;Sheba;0,3400;kg;3,29;9,68;;;3,29;4770608264819;Proizvodi za kuæanstvo
ENERGET.PIÆE HELL CLAS. 0,25 L;255539;;0,2500;L;1,09;4,36;;;1,09;5999884034469;Piæa
ENER.NAPITAK HELL JAB. 0,25 L;255541;;0,2500;L;1,09;4,36;;;1,09;5999884034612;Piæa
ENER.NAP.HELL CRV.GROŽ. 0,25 L;255542;;0,2500;L;1,09;4,36;;;1,09;5999884034506;Piæa
KOKICE SPAR MASLAC 300 g;255558;SPAR;0,3000;kg;1,39;4,63;;;1,39;9100000758299;Hrana
BIO KRUMPIR SLATKI NP 500 g;255562;SPAR Natur*pur;0,5000;kg;2,29;4,58;;;2,49;3856021226885;Hrana
PAN.PILEÆI ODREZAK LEDO 400 g;255565;Ledo;0,4000;kg;7,49;18,73;;;7,49;3850116103907;Hrana
PAN.PIL.CORDON BLEU LEDO 400 g;255566;Ledo;0,4000;kg;7,99;19,98;;;7,49;3850116103891;Hrana
Šunka za pizzu Sljeme;255567;Sljeme;1,0000;kg;3,99;3,99;;;8,32;3850139650334;Hrana
KIKIRIKI PRŽEN SPAR VITA.300 g;255580;SPAR Vital;0,3000;kg;2,09;6,97;;;2,09;9100000709932;Hrana
NAMAZ VITAL KVINOJA PAPR.140 g;255586;SPAR Vital;0,1400;kg;1,99;14,21;;;1,99;9100000804552;Hrana
ÐUMBIR KOCKE NATUR PUR 200 g;255658;Natur pur;0,2000;kg;3,99;19,95;;;3,99;9100000809373;Hrana
MJEŠ.ORAŠAST. PLODOV.N.P.200 g;255667;Natur pur;0,2000;kg;4,49;22,45;;;4,43;9100000808901;Hrana
BRUSNICA NATUR PUR 100 g;255675;Natur pur;0,1000;kg;3,29;32,90;;;3,15;9100000800189;Hrana
ÈET.ZA ZUB.AQUAFRESH FLEX M.T.;255698;Aquafresh;1,0000;kom;3,99;3,99;;;3,35;5054563124272;Kozmetika
ÈIPS PRINGLES TEXAS BBQ 165 g;255701;Pringles;0,1650;kg;;10,85;1,79;1,99;3,49;5053990161966;Hrana
PAN.PILEÆI FIN.PERUTNINA 750 g;255708;Perutnina;0,7500;kg;9,99;13,32;;;9,99;3838977017717;Hrana
BEAUTY KISS LIP BALM PRO.4,8 g;255745;Beauty Kiss;1,0000;kom;0,95;0,95;;;0,95;9100000985633;Kozmetika
SRE.CILIT BANG ZA UKL.P.750 ml;255913;Cilit;0,7500;L;4,99;6,65;;;4,99;5900627067309;Sredstva za èišæenje
TJ.MARODI CHIFFERI RIGAT.400 g;255925;;0,4000;kg;1,99;4,98;;;1,99;3859888666061;Hrana
EKSP.PROIZ.VITAL KUK.KVI.120 g;255986;SPAR Vital;0,1200;kg;1,39;11,58;;;1,39;8001300801894;Hrana
JUNEÆE MLJEVENO MESO 540 g;256052;;0,5400;kg;7,59;14,06;;;6,79;3850139540628;Hrana
MIJEŠANO MLJEVENO LIGHT 540 g;256053;;0,5400;kg;5,99;11,09;;;5,79;3850139446517;Hrana
MIJEŠANO MLJEVENO MESO 540 g ;256054;;0,5400;kg;5,59;10,35;;;5,49;3850139540642;Hrana
PRA.ZA PECIVO NATUR PUR 3X21 g;256055;Natur pur;0,0630;kg;,79;12,54;;;0,79;9100000803746;Hrana
ZAÈIN TEKUÆI MAGGI 125 g;256114;Maggi;0,1250;kg;2,19;17,52;;;2,49;40052694;Hrana
JUICY 100% SUPER BOBICE 1 L;256131;Juicy;1,0000;l;2,79;2,79;;;2,65;3858890976243;Piæa
KIKIRIKI SPAR WASABI 150 g;256201;SPAR;0,1500;kg;1,45;9,67;;;1,45;8710671151582;Hrana
PIVO GRIÈKA VJEŠTICA 0,5 L;256216;;0,5000;l;2,19;4,38;;;2,29;3857500003218;Piæa
KEKS LILLY VANILIN KRAŠ 220 g;256221;Kraš;0,2200;kg;;6,77;1,49;1,79;1,79;3850120700055;Hrana
CAPPUCINO NESC. BEZ KOF.125 g;256287;Nescafe;0,1250;kg;2,99;23,92;;;4,19;3033710075324;Piæa
PAH.ZOBENE NAT.PUR SITNE 500 g;256326;Natur pur;0,5000;kg;1,79;3,58;;;1,85;9100000027289;Hrana
ÈET.ZA ZU.AQUAFRESH E.CL.M.1+1;256405;Aquafresh;2,0000;kom;3,99;2,00;;;3,99;5054563927910;Kozmetika
 KAVA MLJEVENA S BUDGET 200 g;256407;S-Budget;0,2000;kg;3,49;17,45;;;3,79;3856021202858;Piæa
KAVA MLJEVENA S BUDGET 500 g;256409;S-Budget;0,5000;kg;8,89;17,78;;;8,89;3856021202872;Piæa
HRSKAVI KRUH S.B.SEZAM 250g;256425;S-BUDGET;0,2500;kg;1,29;5,16;;;1,25;9100000800769;Hrana
HRSKAVI KRUH S.B.KLASIK 250 g;256428;S-BUDGET;0,2500;kg;1,29;5,16;;;1,25;9100000800745;Hrana
DVOPEK S BUDGET 320g;256438;S-BUDGET;0,3200;kg;1,46;4,56;;;1,46;9100000801773;Hrana
TORTILLE SPAR PŠENIÈ.6/1 370 g;256466;SPAR marka kvalitete;0,3700;kg;1,79;4,84;;;1,79;8710671145598;Hrana
OKRUGLI.VAN.ŠUM.VOÆ.LEDO 500 g;256469;Ledo;0,5000;kg;3,99;7,98;;;2,99;3850116102443;Hrana
BOMBONI SKITTLES FRUITS 125 g;256495;Skittles;0,1250;kg;2,99;23,92;;;2,99;4009900500166;Hrana
KRUŠNE MRVICE FREE FROM 300 g;256555;SPAR free from;0,3000;kg;4,39;14,63;;;4,39;9100000802688;Hrana
RIŽIN SIRUP NATUR PUR 350 g;256557;Spar Natur pur;0,3500;kg;3,59;10,26;;;3,59;9100000720166;Hrana
ARANCINI UŠEÆ.KORE NARAN.RFS;256570;;1,0000;kg;15,92;15,92;;;15,92;3859890630241;Hrana
CAPPUCCIN.FRANCK CLASSIC 112 g;256608;Franck;0,1120;kg;;29,38;3,29;3,89;3,89;3858881088313;Piæa
CAPPUCCINO FRANCK IRI.CR.160 g;256614;Franck;0,1600;kg;;20,56;3,29;3,89;3,89;3858881088344;Piæa
CAPPUCCINO FRANCK VANIL.148 g;256625;Franck;0,1480;kg;;22,23;3,29;3,89;3,89;3858881088337;Piæa
CAPPUCCINO FRANCK ÈOKOL. 144 g;256627;Franck;0,1440;kg;;22,85;3,29;3,89;3,89;3858881088320;Piæa
CAPPUCCINO FRANCK KOK&BJ.148 g;256629;Franck;0,1480;kg;;22,23;3,29;3,89;3,89;3858881088351;Piæa
CAPPUCCINO FRANCK MA.ŠEÆ.112 g;256632;Franck;0,1120;kg;;29,38;3,29;3,89;3,89;3858881088382;Piæa
HRENOVKA POLI 330 g;256640;Poli;0,3300;kg;2,39;7,24;;;1,99;3838977033656;Hrana
PROTEIN.KREKER SPAR VITAL 200g;256717;SPAR Vital;0,2000;kg;3,99;19,95;;;3,49;3856021202148;Hrana
ŽVAKE ORBIT WHITE CLASSIC 14 g;256731;Orbit;0,0140;kg;0,99;70,71;;;0,99;40099484;Hrana
NAPOL. MANNER MLIJ.LJEŠ.125 g;256733;Manner;0,1250;kg;1,49;11,92;;;1,39;9000331625614;Hrana
JOG.GRÈKI TIP SPAR 10%M.M.1 kg;256740;SPAR Qualitätsmarke;1,0000;kg;3,19;3,19;;;2,99;9100000830773;Hrana
POVRÆE MIX BIO NATUR PUR 300 g;256743;Natur pur;0,3000;kg;2,19;7,30;;;2,19;9100000800486;Hrana
GRAŠAK BIO NATUR PUR 300 g;256744;Spar Natur pur;0,3000;kg;2,19;7,30;;;2,19;9100000800462;Hrana
ŠPINAT KREM SPAR 600 g;256745;SPAR Qualitätsmarke;0,6000;kg;1,99;3,32;;;1,99;9100000066127;Hrana
SIR CHEDDAR CRVENI DUB.DA.200g;256746;Euroser;0,2000;kg;3,49;17,45;;;3,49;5902431270395;Hrana
TUNA SALATA GIANA EXOTIC 185 g;256749;Giana;0,1850;kg;2,39;12,92;;;2,39;8594012796539;Hrana
KULENOV CVIJET NAREZAK 80 g;256750;Gavrilovic;0,0800;kg;2,35;29,38;;;2,35;3858890209044;Hrana
TUNA SALATA GIANA WESTERN 185g;256752;Giana;0,1850;kg;2,39;12,92;;;2,39;8595241502717;Hrana
REFIL ZA EASY WRING&CLEAN;256757;;1,0000;kom;21,99;21,99;;;9,99;4023103195189;Proizvodi za kuæanstvo
KUKURUZ KLIP SPAR 340 g;256791;SPAR;0,1900;kg;1,99;10,47;;;1,99;9100000801971;Hrana
ULJE SUNCOKRET. ZVIJEZDA 1,2 L;256807;Zvijezda;1,2000;L;1,99;1,66;;;1,89;3856015313249;Hrana
PAPRIKA S-BUDGET REZANA 2400 g;256827;S-Budget;1,2500;kg;6,99;5,59;;;6,99;3856021202919;Hrana
VODA PRIR.MINERA.CETINA 0,75 L;256828;Cetina;0,7500;l;,72;0,96;;;0,72;3859890129370;Piæa
KOBASICA ZIMSKA S BUDGET 300 g;256829;S-Budget;0,3000;kg;3,89;12,97;;;3,89;3856021203787;Hrana
KOBASICA ÈAJNA S BUDGET 300 g;256831;S-Budget;0,3000;kg;3,99;13,30;;;3,99;3856021203763;Hrana
GERMKNEDLE SPAR 370 g;256902;SPAR;0,3700;kg;;5,38;1,99;2,29;2,29;9100000899763;Hrana
DEO SPRAY FA INVISIB. S.150 ml;256904;Fa;0,1500;L;3,29;21,93;;;3,20;9000101045765;Kozmetika
ŠTAPIÆI S-BUDGET SLANI 150 g;256929;S-Budget;0,1500;kg;1,69;11,27;;;1,99;9100000802787;Hrana
ŠTAPIÆI S-BUDGET SIR 150 g;256932;S-Budget;0,1500;kg;1,69;11,27;;;1,99;9100000802763;Hrana
ŽITNA KAŠICA LJEŠ.ÈOKOL.500 g;256970;Èokolino;0,5000;kg;4,89;9,78;;;4,89;3850104227530;Hrana
PIVO KRUŠOVICE 0,5 L P.A.;256977;;0,5000;l;1,29;2,58;;;1,25;3850103090036;Piæa
MAST SVINJSKA S BUDGET 1 kg;256978;S-Budget;1,0000;kg;2,19;2,19;;;2,20;3856021203657;Hrana
KOBASICA KRANJSKA 300 g;257080;Pik;0,3000;kg;;10,63;3,19;4,39;4,45;3850139180015;Hrana
KOBASICA S BUDGET ZA KUH.300 g;257098;S-Budget;0,3000;kg;2,75;9,17;;;3,39;3856021203824;Hrana
KOB.DOMAÆA S BUDG.SUHA 200 g;257099;S-Budget;0,2000;kg;2,78;13,90;;;2,99;3856021203800;Hrana
KEKS INTEGRALNI DESPAR 350 g;257117;Despar;0,3500;kg;1,59;4,54;;;1,32;8001300803980;Hrana
SIR GORSKI ZAÈ.BILJ.CASE.340 g;257118;;0,3400;kg;6,49;19,09;;;6,49;3857500021298;Hrana
MEDENA PITA S BUDGET 300 g;257119;S-BUDGET;0,3000;kg;4,89;16,30;;;4,89;3856021203749;Hrana
SIR GORSKI DIMLJENI CASE.340 g;257120;;0,3400;kg;6,49;19,09;;;6,49;3857500021274;Hrana
GRISSINI INTEGRAL.DESPAR 180 g;257124;DESPAR;0,1800;kg;1,39;7,72;;;1,39;8001300800583;Hrana
SKUŠA DESPAR FILET NATUR 125 g;257135;Despar;0,0900;kg;1,99;22,11;;;1,99;8001300240051;Hrana
VOÆNI PIRE NAT.PUR BAN.KR.90 g;257148;Spar Natur pur;0,0900;kg;,89;9,89;;;0,89;9100000707716;Hrana
VOÆNI PIRE NP.JAG.BAN.90 g;257153;Spar Natur pur;0,0900;kg;,89;9,89;;;0,89;9100000707792;Hrana
VOÆNI PIRE NAT.PUR JAB.MR.90 g;257157;Spar Natur pur;0,0900;kg;,89;9,89;;;0,89;9100000707754;Hrana
KREMA BECUTAN BADEM 100 ml;257249;Becutan;0,1000;L;4,79;47,90;;;4,79;5310001242589;Kozmetika
MI.VODA NIVEA ZA SUHU K.400 ml;257252;Nivea;0,4000;L;7,99;19,98;;;7,99;9005800299914;Kozmetika
GRAH GIANA ŠARENI 800 g;257333;Giana;0,4800;kg;1,75;3,65;;;1,75;8595241511276;Hrana
HRENOVKA POLI 130 g;257344;Poli;0,1300;kg;1,02;7,85;;;1,04;3850220153928;Hrana
ŠAMPINJONI GIANA REZANI 400 g;257349;Giana;0,2000;kg;1,99;9,95;;;1,99;8594012792906;Hrana
ŠUNKA PUREÆA SPAR 100 g;257351;SPAR;0,1000;kg;2,45;24,50;;;1,98;3858889119989;Hrana
GEL ZA TUŠ.DOVE C.F.XXL 400 ml;257371;Dove;0,4000;L;5,99;14,98;;;5,99;8710908317828;Kozmetika
GEL ZA TUŠ.DOVE MEN XXL 400 ml;257372;Dove;0,4000;L;5,99;14,98;;;5,99;8720181313448;Kozmetika
OSV.ZA WC DESPAR S IZBJ.2x40 g;257427;Despar;0,0800;kg;1,19;14,88;;;1,19;8001300897927;Sredstva za èišæenje
Sir gouda Wasabi;257432;Euroser;1,0000;kg;16,99;16,99;;;16,99;8714893007009;Hrana
RAKIJA INCANTO OD DUNJE 0,5L;257435;;0,5000;l;18,79;37,58;;;17,02;3858891172682;Piæa
CHAMPAGNE MOET ROSE 0,75 L;257436;;0,7500;l;78,99;105,32;;;83,02;3185370074831;Piæa
VODKA BELVEDERE 0,7 L;257441;;0,7000;l;47,59;67,99;;;47,02;5901867816641;Piæa
POSLASTICA ZA PSE SCOTTY 500 g;257449;Scotty;0,5000;kg;2,99;5,98;;;2,99;8001300480471;Proizvodi za kuæanstvo
KOMPOT S-BUDGET ANANAS 820 g;257464;S-Budget;0,4900;kg;2,99;6,10;;;2,99;9100000835044;Hrana
DEO SPR.REXONA ACTIVE S.150ml;257525;Rexona;0,1500;L;2,79;18,60;;;2,99;8710908760716;Kozmetika
ULJE MASL.EXT.DJE.DESPAR 0,5 L;257546;Despar;0,5000;L;5,99;11,98;;;7,49;8001300243458;Hrana
ULJE MAS.EXT.DJE.DESPAR 0,25 L;257557;Despar;0,2500;L;4,49;17,96;;;4,99;8001300085720;Hrana
ULJE SALATNO S BUDGET 1 L;257578;S-Budget;1,0000;L;3,99;3,99;;;3,99;3856021203848;Hrana
PAP.RUÈNIK DESPAR 2 SL.1/1;257597;Despar;1,0000;kom;5,59;5,59;;;5,49;8001300811688;Proizvodi za kuæanstvo
JAJA SPAR M RAZRED 6/1;257600;SPAR Qualitätsmarke;6,0000;kom;1,85;0,31;;;1,85;3856021203084;Hrana
SIR DALMATINAC PAŠKA SIR.200 g;257603;Paska Sirana;0,2000;kg;5,89;29,45;;;4,89;3859892884352;Hrana
SIR PAŠKI OVÈJI 200 g ;257610;Paska Sirana;0,2000;kg;13,49;67,45;;;10,99;3859892884291;Hrana
SIR TOPLJENI MIX  S BUDG.250 g;257611;S-Budget;0,2500;kg;2,79;11,16;;;2,99;9100000779553;Hrana
JUHA GOURMET OD ŠPAROGA 620 g;257617;;0,6200;kg;3,19;5,15;;;3,19;8014190017061;Hrana
SIR TRAPIST PAŠKA.SIRANA 200 g;257621;Paska Sirana;0,2000;kg;4,69;23,45;;;4,39;3859892884390;Hrana
SIR PAGUS PAŠKA SIRANA 200 g ;257628;Paska Sirana;0,2000;kom;5,29;26,45;;;4,95;3859892884475;Hrana
ZAÈIN RUŽMARIN VEGETA POD.20 g;257631;Podravka;0,0200;kg;0,89;44,50;;;0,89;3850104294495;Hrana
ZAÈIN LOVOR LIST VEGETA 5 g;257633;Podravka;0,0050;kg;0,89;178,00;;;0,89;3850104294457;Hrana
ZAÈIN BOSILJAK VEGETA PODR.5 g;257634;Podravka;0,0050;kg;0,89;178,00;;;0,89;3850104294563;Hrana
KAJMAK EURO-MILK 220 g;257635;Euro Milk;0,2200;kg;4,29;19,50;;;4,29;3859889770354;Hrana
ZAÈIN MAŽURAN VEGETA VR.6 g;257636;Podravka;0,0060;kg;0,89;148,33;;;0,89;3850104294402;Hrana
ZAÈIN KOPAR VEGETA PODRAV.10 g;257637;Podravka;0,0100;kg;0,89;89,00;;;0,89;3850104294518;Hrana
ZAÈ.PAPRIKA SLAT.VEG.POD.200 g;257638;Podravka;0,2000;kg;3,09;15,45;;;3,09;3850104294648;Hrana
ZAÈ.MAJÈ.DUŠICA VEGETA PO.15 g;257639;Podravka;0,0050;kg;0,89;178,00;;;0,89;3850104294396;Hrana
ZAÈIN ÈEŠNJAK VEGETA PODR.25 g;257640;Podravka;0,0250;kg;1,09;43,60;;;1,09;3850104294440;Hrana
ZAÈIN VLASAC VEGETA PODRAV.3 g;257641;Podravka;0,0030;kg;0,89;296,67;;;0,89;3850104294525;Hrana
ZAÈIN CURRY VEGETA 40 g;257642;Vegeta;0,0400;kg;2,59;64,75;;;2,59;3850104294723;Hrana
ZAÈ.MUŠKATNI ORAH VEGETA 15 g;257643;Vegeta;0,0150;kg;1,99;132,67;;;1,99;3850104294488;Hrana
ZAÈ.PAPAR ŠAR.VEGETA PODR.40 g;257644;Podravka;0,0400;kg;4,39;109,75;;;3,99;3850104294730;Hrana
ZAÈIN VEGETA ÐUMBIR PODRA.30 g;257645;Vegeta;0,0300;kg;2,59;86,33;;;2,59;3850104294655;Hrana
ZAÈ.PAP.CRNI ZRNO VEG.POD.42 g;257646;Podravka;0,0420;kg;4,39;104,52;;;3,99;3856020233051;Hrana
ZAÈIN CIMET VEGETA PODR.45 g;257647;Podravka;0,0450;kg;1,99;44,22;;;1,99;3856020233082;Hrana
ZAÈIN VEGETA MUŠ.ORAH CIJ.15 g;257650;Vegeta;0,0150;kg;1,89;126,00;;;1,89;3850104294471;Hrana
ZAÈ.PAPRIKA SLAT.VEG.POD.400 g;257652;Podravka;0,4000;kg;5,59;13,98;;;5,59;3850104294600;Hrana
ZAÈ.VEGETA KAJENSKI PAPAR 38 g;257653;Vegeta;0,0380;kg;1,65;43,42;;;1,65;3850104295072;Hrana
ZAÈ.CIMET VEGETA PODRAV.25 g;257655;Podravka;0,0250;kg;0,99;39,60;;;0,99;3850104294433;Hrana
ZAÈIN VEGETA KIM 10g;257659;Vegeta;0,0100;kg;0,99;99,00;;;0,92;3850104294532;Hrana
ZAÈ.LJUTA PAPR.VEG.PODR.100 g;257661;Vegeta;0,1000;kg;1,69;16,90;;;1,69;3850104294624;Hrana
ZAÈIN ORIGANO USITNJENI  5 g;257662;;0,0050;kg;0,89;178,00;;;0,89;3850104294570;Hrana
ZAÈIN PAPAR CRNI ZRNO POD.15 g;257663;;0,0150;kg;1,49;99,33;;;1,49;3850104294419;Hrana
ZAÈ.PAPRIKA SLATKA MLJEV.100 g;257664;;0,1000;kg;1,69;16,90;;;1,69;3850104294631;Hrana
ZAÈ.KLINÈIÆ CIJELI VEGETA 18 g;257665;Podravka;0,0180;kg;1,69;93,89;;;1,69;3850104294556;Hrana
ZAÈIN PERŠIN USITNJENI VEG.7 g;257667;;0,0070;kg;0,89;127,14;;;0,89;3850104294549;Hrana
ZAÈ.PAPAR CRNI MLJEV.VEG.100 g;257670;;0,1000;kg;3,99;39,90;;;3,99;3850104294617;Hrana
ZAÈIN CHILI I SOL VEGETA 40 g;257674;Vegeta;0,0400;kg;4,39;109,75;;;3,99;3850104294709;Hrana
ZAÈIN BIJELI PAPAR VEGETA 20g;257678;Vegeta;0,0200;kg;1,79;89,50;;;1,59;3850104294501;Hrana
ZAÈ.PAPAR CRNI VEGETA POD.20 g;257680;Vegeta;0,0200;kg;1,49;74,50;;;1,49;3850104294426;Hrana
ZAÈ.PAPRI.SLATKA VEG.POD.50 g;257681;Vegeta;0,0500;kg;0,99;19,80;;;0,99;3850104294594;Hrana
ZAÈIN CIMET U KORI VEGETA 10g;257683;Vegeta;0,0100;kg;1,39;139,00;;;1,06;3850104294464;Hrana
ZAÈIN CHILI MLJEV.VEGETA 40g;257684;Vegeta;0,0400;kg;1,99;49,75;;;1,59;3850104294587;Hrana
MASKA ZA LICE GARNIER TISSUE;257729;Garnier;1,0000;kom;2,99;2,99;;;2,99;3600542385329;Kozmetika
SKUŠA DELAM.FIL.MED.ULJE 125 g;257749;Delamaris;0,0810;kg;4,69;57,90;;;3,69;3838929568298;Hrana
PAŠTETA OD TUNE DELAMARIS 50 g;257750;Delamaris;0,0500;kg;1,89;37,80;;;1,32;38380952;Hrana
KEKS SCHAR PETIT BG.165 g;257824;Schar;0,1650;kg;3,59;21,76;;;3,59;8008698012857;Hrana
KEKS SCHAR QUADRITOS 40 g;257826;Schar;0,0400;kg;1,79;44,75;;;1,84;8008698005293;Hrana
DEO SPR.NIVEA BLACK&W.Ž.150 ml;257880;Nivea;0,1500;L;2,99;19,93;;;4,99;9005800280400;Kozmetika
VINO BARON D´ARIGN.ROSE 0,75 L;257917;Baron d'Arignac;0,7500;L;3,59;4,79;;;3,59;3500610051111;Piæa
VINO PARIS SEDUCTION 0,75 L;257922;;0,7500;L;4,72;6,29;;;4,72;3263280114974;Piæa
MAJONEZA THOMY DELIGHT 220 g;257923;Thomy;0,2200;kg;3,19;14,50;;;3,19;7613036012805;Hrana
BLANC FOUSSY ICE ROSE 0,75 L;257927;;0,7500;L;5,72;7,63;;;5,72;3500610096174;Piæa
VINO ENTRE.CAB.SAU./MER.0,75 L;257933;;0,7500;L;;6,65;4,99;5,99;5,99;3500610103513;Piæa
GEL TUŠ.NIVEA MEN SPORT 500 ml;257939;Nivea;0,5000;L;;7,58;3,79;4,79;5,99;4005808782734;Kozmetika
ÈOBANAC POVRÆE S-BUDGET 400 g;257952;S-Budget;0,4000;kg;2,69;6,73;;;2,69;3856021202100;Hrana
GRAH S KOBASICOM S-BUD.400 g;257953;S-Budget;0,4000;kg;2,59;6,48;;;2,59;3856021202087;Hrana
KOLAÈ BRESKVICE 320 g;258069;;0,3200;kg;2,99;9,34;;;4,19;3830056440829;Hrana
REFI.AIRWICK FR.M.CHERR.250 ml;258093;Airwick;0,2500;L;6,69;26,76;;;6,69;5997321757964;Sredstva za èišæenje
TIJESTO ZA PIZZU SPAR 400 g;258116;SPAR Qualitätsmarke;0,4000;kg;1,89;4,73;;;1,89;9100000042268;Hrana
SIR POL.KU.PLEMIÆ.S PAPR.200 g;258140;Euro Milk;0,2000;kg;;14,95;2,99;4,29;4,29;3858891730110;Hrana
SALAT.SPAR KONTINENT.MIX 180 g;258191;SPAR marka kvalitete;0,1800;kg;1,39;7,72;;;1,39;3856021204265;Hrana
KEKS OREO 176 g;258198;Oreo;0,1760;kg;1,85;10,51;;;1,59;7622210765338;Hrana
KEKS OREO 110 g;258200;Oreo;0,1100;kg;1,45;13,18;;;1,19;7622210765932;Hrana
Kolaè krempita 110 g;258230;;0,1100;kg;1,39;12,64;;;1,39;3859890209324;Hrana
VINO DEGRASSI ROSE 0,75L;258254;;0,7500;l;15,78;21,04;;;15,78;3859891805334;Piæa
VINO DEGRASSI ISTRIAN 0,75 L;258256;;0,7500;l;11,29;15,05;;;12,32;3859891805105;Piæa
VINO DEGRASSI REFOŠK 0,75 L;258257;;0,7500;l;19,12;25,49;;;19,12;3859891805310;Piæa
VINO DEGRASSI MUŠKAT 0,5 L;258258;;0,5000;l;18,02;36,04;;;18,02;3859891805082;Piæa
VINO DEGRASSI MERLOT 0,75L;258259;;0,7500;l;23,12;30,83;;;23,12;3859891805136;Piæa
VINO DEGRAS.MALV.SELEKC.0,75 L;258260;;0,7500;l;22,02;29,36;;;22,02;3859891805563;Piæa
VINO DEGRAS.CS.CONTAR.0,75 L;258261;;0,7500;l;23,12;30,83;;;23,12;3859891805655;Piæa
ÈIPS OD BANANE NATURA 100 g;258262;Natura;0,1000;kg;1,45;14,50;;;1,45;3859893124228;Hrana
BRAZILSKI ORAH NATURA 100 g;258263;Natura;0,1000;kg;3,39;33,90;;;2,24;3859893124235;Hrana
LIMUNSKA KISELINA SPAR 250 g;258301;SPAR;0,2500;kg;1,49;5,96;;;1,49;9100000761251;Hrana
ZUBNA PASTA COLGATE 125 ml;258349;Colgate;0,0750;L;2,95;39,33;;;2,50;8718951312845;Kozmetika
PIVO PITTING.GREJP 2,3% 0,5 L;258366;Pittinger;0,5000;L;,85;1,70;;;0,82;9100000037813;Piæa
ŠTIRKA MERITO 525 ml;258400;;0,5250;L;3,59;6,84;;;3,59;8003650009135;Sredstva za èišæenje
PAPIR.MAR.VIOLETA LE 3SL.15/1;258557;Violeta;15,0000;kom;2,99;0,20;;;2,99;3870128012615;Toaletne potrepštine
BOMBONI SPAR MARSHMALLOW.150 g;258640;SPAR;0,1500;kg;0,99;6,60;;;0,92;8710671151247;Hrana
MAÈ.HRANA POESIE DIV.BRUS.85 g;258673;Vitakraft;0,0850;kg;,72;8,47;;;0,72;4008239588906;Proizvodi za kuæanstvo
MAÈJA HRANA POESIE GOV.MR.85 g;258674;Vitakraft;0,0850;kg;,72;8,47;;;0,72;4008239588920;Proizvodi za kuæanstvo
MAÈJA HRANA POESIE PILET.85 g;258686;Vitakraft;0,0850;kg;,72;8,47;;;0,72;4008239315380;Proizvodi za kuæanstvo
MAÈ.HRANA POESIE PIL.POV.85 g;258692;Vitakraft;0,0850;kg;,72;8,47;;;0,72;4008239588937;Proizvodi za kuæanstvo
MAÈJA HRANA POES.PUR.SIR 85 g;258693;Vitakraft;0,0850;kg;,72;8,47;;;0,72;4008239588913;Proizvodi za kuæanstvo
HRANA ZA KORNJAÈE MIX 45 g;258695;Vitakraft;0,0450;kg;4,9;108,89;;;4,9;4008239598066;Proizvodi za kuæanstvo
HRANA ZA ZLATNE RIBE 15 g;258696;Vitakraft;0,0150;kg;2,39;159,33;;;2,52;4008239598097;Proizvodi za kuæanstvo
HRANA ZA TROPSKE RIBE 55 g;258698;Vitakraft;0,0550;kg;5,59;101,64;;;5,59;4008239598110;Proizvodi za kuæanstvo
POSLAST.ZA PSE BONNY BITS 55 g;258700;;0,0550;kg;3,19;58,00;;;3,19;4008239340498;Proizvodi za kuæanstvo
POSL.ZA PSE FISH STI.LOS.15 g;258713;;0,0150;kg;0,66;44,00;;;0,59;4008239340511;Proizvodi za kuæanstvo
POSL.ZA PSE BEEF STI.RUST.55 g;258715;;0,0550;kg;2,29;41,64;;;2,09;4008239343222;Proizvodi za kuæanstvo
LIKER MARASKA BOROVNIC. 0,7 L;258753;;0,7000;l;8,29;11,84;;;8,29;3850158408428;Piæa
LIKER MARASKA VIŠNJEVAÈA 0,7 L;258760;;0,7000;l;11,19;15,99;;;11,52;3850158401146;Piæa
ODSTR.MRLJA FROSCH BABY 300 ml;258810;Frosch;0,3000;L;3,98;13,27;;;3,98;4009175969378;Sredstva za èišæenje
ÈAJNI KOLUTIÆI S BUDGET 800 g;258857;S-Budget;0,8000;kg;2,59;3,24;;;2,59;3856021202162;Hrana
JEÈAM BISERNI DESPAR 500 g;258863;DESPAR;0,5000;kg;1,19;2,38;;;1,19;8001300437185;Hrana
WOK MIX 400 g ARDO;258871;Ardo;0,4000;kg;1,29;3,23;;;1,29;5411361086247;Hrana
BOMBONI BEBETO JAGODA 80 g;258872;Bobi;0,0800;kg;0,99;12,38;;;0,99;8690146679516;Hrana
INST. KAKAO FRANCK 10/1 150 g;258887;Franck;0,1500;kg;4,09;27,27;;;4,09;3858881088429;Piæa
KEKS S BUDGET KAKAO 180 g;258889;S-Budget;0,1800;kg;1,39;7,72;;;1,39;9100000801612;Hrana
TORTELL.RICC/ŠPI.450 g AURELIA;258916;Aurelia;0,4500;kg;4,69;10,42;;;4,69;3859892780654;Hrana
SAPUN BECUTAN LAVANDA 90 g;258918;Becutan;0,0900;kg;1,15;12,78;;;1,15;5310001234850;Kozmetika
ORAH JEZGRA NATURA 150 g;258924;Natura;0,1500;kg;2,84;18,93;;;2,65;3859893124242;Hrana
DET.BECUTAN I OMEKŠIVA.2U1 1 L;258936;Becutan;1,0000;L;6,05;6,05;;;6,59;5310001235475;Sredstva za èišæenje
VL.MAR.BAB.VIOLETA WATER.56/1;259022;Violeta;56,0000;kom;2,49;0,04;;;2,49;3870128012677;Toaletne potrepštine
SRE.DR.BECKMANN ZA HLAD.250 ml;259043;Dr. Beckmann;0,2500;L;3,89;15,56;;;3,89;4008455598819;Sredstva za èišæenje
KRE.ZA RUKE 48 ZAŠTITNA 50 ml;259050;48;0,0500;L;1,99;39,80;;;1,72;3838980810343;Kozmetika
KR.48 ZAŠTITNA ZA L.I T.150 ml;259052;48;0,1500;L;4,19;27,93;;;3,49;3838980813849;Kozmetika
VOÆ.ORAŠ.MIX  SPAR VITAL 150 g;259143;SPAR Vital;0,1500;kg;2,59;17,27;;;2,33;3856021202186;Hrana
MLINCI DOMAÆI S BUDGET 400 g;259158;S-BUDGET;0,4000;kg;2,09;5,23;;;1,98;3856021204296;Hrana
MLIJEÈNI DESERT LINO ÈOK.200 g;259295;Lino;0,2000;kg;2,29;11,45;;;2,29;3850104294150;Hrana
MLIJEÈNI DESERT LINO GR.200 g;259297;Lino;0,2000;kg;2,29;11,45;;;2,29;3850104294167;Hrana
MLIJEÈNI DES.LINO KEKS 200 g;259302;Lino;0,2000;kg;2,29;11,45;;;2,29;3850104294143;Hrana
SLADOLED B&J HALF BAKED 465 ml;259325;Ben & Jerry's;0,4650;L;8,79;18,90;;;8,79;8711327371002;Hrana
SLAD.B&J COOKIE DOUGH 465 ml;259331;Ben & Jerry's;0,4650;L;8,79;18,90;;;8,79;8711327373105;Hrana
SKUTA KRAVLJA MILS 250 g;259394;Mils;0,2500;kg;2,79;11,16;;;2,79;3859893220067;Hrana
MAJONEZA S-BUDGET STAKL.620 g ;259474;S-Budget;0,6200;kg;2,99;4,82;;;2,99;3856021228728;Hrana
ŠUNKA U OVITKU NAREZAK 125 g;259532;Pik;0,1250;kg;2,49;19,92;;;2,39;3850139171051;Hrana
LEDENI ÈAJ SPAR ZELE.ÈAJ 1,5 L;259533;SPAR;1,5000;l;1,45;0,97;;;1,42;5999138200053;Piæa
ULJE MASL.BRACHIA I PRIJAT.1 L;259543;;1,0000;L;14,99;14,99;;;16,49;3859891526512;Hrana
VODA JANA VITAMIN I LIM. 1,5 L;259545;Jana;1,5000;l;1,79;1,19;;;1,79;3858890873085;Piæa
GEL MR.MUSCLE VODOINSTAL.2x1 L;259553;Mr. Muscolo;2,0000;L;10,99;5,50;;;9,69;3859892295097;Sredstva za èišæenje
GEL TU.NIVEA MEN ENERGY 500 ml;259608;Nivea;0,5000;L;;7,58;3,79;4,79;5,99;4005900047700;Kozmetika
KOMPOT DESPAR KRUŠKA 420 g;259619;Despar;0,2300;kg;1,99;8,65;;;1,99;8001300501725;Hrana
KIKIRIKI EUROCOMPANY SL.70 g;259622;EUROCOMPANY;0,0700;kg;0,79;11,29;;;0,63;3872084003560;Hrana
KIKIRIKI EUROCOMPAN.NESL.125 g;259623;EUROCOMPANY;0,1250;kg;1,64;13,12;;;1,31;3872084007964;Hrana
IND.ORAH EUROCOMPAN.NESL.125 g;259624;EUROCOMPANY;0,1250;kg;3,66;29,28;;;2,92;3872084007957;Hrana
IND.ORAH EUROCOMPANY NESL.75 g;259631;EUROCOMPANY;0,0750;kg;2,22;29,60;;;1,77;3872084009401;Hrana
ÈIPS OD BANANE EUROCOMPAN 75 g;259632;EUROCOMPANY;0,0750;kg;1,15;15,33;;;1,03;3872084003041;Hrana
ANANAS SUHI EUROCOMPANY 80 g;259634;EUROCOMPANY;0,0800;kg;1,55;19,38;;;1,35;3872084009302;Hrana
ÐUMBIR SUHI EUROCOMPANY 80g;259635;EUROCOMPANY;0,0800;kg;1,53;19,13;;;1,16;3872084009326;Hrana
ŠLJIVA SUHA B.K. EUROCOM.175 g;259636;EUROCOMPANY;0,1750;kg;2,99;17,09;;;1,94;3872084003126;Hrana
MARELICA SUHA EUROCOMPAN.150 g;259640;EUROCOMPANY;0,1500;kg;2,94;19,60;;;2,35;3872084010605;Hrana
BRUSNICA SUHA EUROCOMPANY100 g;259652;EUROCOMPANY;0,1000;kg;1,89;18,90;;;1,40;3872084001078;Hrana
SIR GRANA PADAN.AMBROSI 200 g;259701;Ambrosi;0,2000;kg;5,99;29,95;;;6,29;8002503211138;Hrana
SIR GRA.PAD.KOC.AMBROSI 150 g ;259704;Ambrosi;0,1500;kg;4,99;33,27;;;4,99;8002503231471;Hrana
SIR PARM.REGGI.AMBROSI 200 g ;259711;Ambrosi;0,2000;kg;7,69;38,45;;;7,69;8002503201269;Hrana
INSTAN.NAPITAK SPAR NAR. 500 g;259750;SPAR;0,5000;kg;2,39;4,78;;;2,39;3856021204449;Piæa
INST. NAPITAK SPAR LIMUN 500 g;259753;SPAR;0,5000;kg;2,39;4,78;;;2,39;3856021204463;Piæa
DRAŽEJE ÈOKOL. S BUDGET 200 g;259765;S-Budget;0,2000;kg;2,59;12,95;;;2,49;3856021204029;Hrana
DRAŽEJE ÈOKOLADNE SPAR 80 g;259768;SPAR;0,0800;kg;1,29;16,13;;;1,29;3856021204203;Hrana
VAFL NUTELLA B-READY 44 g;259793;Nutella;0,0440;kg;1,39;31,59;;;1,29;8000500264850;Hrana
REFIL ZA BRISAÈ PODA MOP;259798;;1,0000;kom;2,09;2,09;;;2,09;8009986014546;Proizvodi za kuæanstvo
ŽVAKE AIRWAVES CH.MENTHOL 14 g;259810;Wrigley;0,0140;kg;,99;70,71;;;0,99;42102120;Hrana
TRAKE RAID PROTIV MUHA 4/1;259814;Raid;4,0000;kom;;0,57;2,29;2,89;2,89;4000290001608;Proizvodi za kuæanstvo
ROOT RETOUCHER SYOSS S.120 ml ;259837;Syoss;0,1200;L;5,99;49,92;;;6,29;9000101052978;Kozmetika
ROOT RETOUCHER SYOSS T.120 ml ;259839;Syoss;0,1200;L;5,99;49,92;;;6,29;9000101052794;Kozmetika
ROOT RETOUCHER SYOSS K.120 ml ;259840;Syoss;0,1200;L;6,29;52,42;;;6,29;9000101052855;Kozmetika
OSLIÆ BEZ GLAVE S-BUDGET 1 kg;259846;S-Budget;1,0000;kg;4,99;4,99;;;4,99;3856021204760;Hrana
PAPRIKA PEPPA.PIKANT SIR 250 g;259877;Peppadew;0,1400;kg;4,99;35,64;;;4,99;6007788002299;Hrana
PUŽEV GEL JARDIN NATUR.125 ml;259883;;0,1250;L;4,59;36,72;;;4,59;4260132322418;Kozmetika
KEKS SPAR PREL.ÈOKOLADOM 175 g;259905;SPAR;0,1750;kg;1,69;9,66;;;1,69;8710671006493;Hrana
VL.MAR.BIBO S KAMILICOM 80/1;259907;Bibo;80,0000;kom;1,29;0,02;;;1,29;3859890063353;Toaletne potrepštine
VL.MARAMICE BIBO MAKE UP 25/1;259910;Bibo;25,0000;kom;1,85;0,07;;;1,85;3859890063162;Kozmetika
VL.MAR.BLISTA UNIVERZALNE 50/1;259911;Blista;50,0000;kom;1,55;0,03;;;1,59;3859890063056;Sredstva za èišæenje
PILEÆA PRSA BEZ KOŽE;259912;Perutnina;1,0000;kg;7,99;7,99;;;6,99;3850220115810;Hrana
SAP.DALAN PEARL IN OCEAN 100 g;259915;Dalan;0,1000;kg;0,59;5,90;;;0,59;8690529507634;Kozmetika
KREKERI DESPAR INTEGRA. 500 g;259917;Despar;0,5000;kg;2,38;4,76;;;2,38;8001300802013;Hrana
KREKERI DESPAR SLANI 500 g;259919;Despar;0,5000;kg;2,39;4,78;;;2,39;8001300802037;Hrana
VREÆICE ZA ZAMRZ.PELD 3L 30/1;259927;;30,0000;kom;1,69;0,06;;;1,69;8009986015819;Proizvodi za kuæanstvo
VREÆICE ZA ZAMRZ.PELD 5L 25/1;259928;;25,0000;kom;1,89;0,08;;;1,89;8009986015826;Proizvodi za kuæanstvo
SRED.VIKING ZA KAMENAC 750ml;259937;;0,7500;L;1,99;2,65;;;1,99;8692900631013;Sredstva za èišæenje
ÈOKOLADA LINDT EXC.MILD 100 g;259942;Lindt;0,1000;kg;;34,90;3,49;3,98;2,98;3046920029780;Hrana
JUHA ALPSKA PODRAVKA 64 g ;259960;Podravka;0,0640;kg;1,39;21,72;;;1,49;3850104295218;Hrana
JUHA PROLJETNA PODRAVKA 50 g ;259971;Podravka;0,0500;kg;0,99;19,80;;;0,99;3850104295201;Hrana
SIR ZRNATI S VLASCEM DUK.200 g;259979;Dukat;0,2000;kg;2,49;12,45;;;2,29;3850355005307;Hrana
TRAKE CERA DI CUPRA 20/1 ;259983;Cera Di Cupra;20,0000;kom;3,32;0,17;;;3,32;8002140053733;Kozmetika
LIKER DEGENIJA ORAHOVAC 1 L;260244;;1,0000;L;11,02;11,02;;;11,02;3859889693097;Piæa
LIKER DEGENIJA AMARO 1 L;260246;;1,0000;L;11,02;11,02;;;10,89;3859889693073;Piæa
VINO FRANKOVKA DIKA 0.187L;260264;;0,1870;L;1,49;7,97;;;1,49;3859888852976;Piæa
VINO GRAŠEVINA DIKA 0.187L;260265;;0,1870;L;1,49;7,97;;;1,49;3859888852501;Piæa
VINO ROSE IURIS 0.75 L;260281;;0,7500;l;;6,65;4,99;6,75;6,49;3859891102495;Piæa
PJENUŠ.MIA MOSCATO ROSE 0,75 L;260302;;0,7500;L;8,99;11,99;;;8,99;8410384012087;Piæa
PIVO SARAJEVSKO PREMIUM 0,5 L;260318;;0,5000;L;2,75;5,50;;;2,75;3870028001627;Piæa
VINO CHARD.+GRAŠ.IURIS 0,75 L;260343;;0,7500;l;;6,65;4,99;5,99;6,02;3859891102013;Piæa
PROSECCO BOTTEGA POETI 0.75 L;260363;;0,7500;L;;13,32;9,99;12,99;12,99;8005829000646;Piæa
RAKIJA TRAVARICA MARASKA 1 L;260372;;1,0000;L;12,49;12,49;;;12,02;3850158302108;Piæa
WHISKY GLENFIDDICH 12Y 0.7 L ;260374;;0,7000;L;51,99;74,27;;;51,99;5010327000176;Piæa
 VODKA AMUNDSEN 0,7 L;260379;;0,7000;L;13,99;19,99;;;17,02;5902573006616;Piæa
SKENDERBEU X.O. 0,5 L;260390;;0,5000;L;36,79;73,58;;;35,69;5300000085010;Piæa
SKENDERBEU A.C. 0.5 L;260391;;0,5000;L;;22,98;11,49;14,19;13,79;5300000085058;Piæa
PROSECCO MIONETTO BRUT 0,75 L ;260395;;0,7500;L;;15,99;11,99;14,99;14,89;8006220001669;Piæa
COCKTAIL PINA COLADA 0.33 L ;260398;;0,3300;L;;3,61;1,19;1,69;1,59;4740098002932;Piæa
COCKTAIL MOJITO 0.33 L;260399;;0,3300;L;;3,61;1,19;1,69;1,59;4740098002833;Piæa
COCKTAIL CUBA LIBRE 0.33 L;260400;;0,3300;L;;3,61;1,19;1,69;1,59;4740098002956;Piæa
VINO MERLOT MEDEA 0.75 L;260403;;0,7500;L;8,19;10,92;;;8,42;3859892001544;Piæa
COCKTAIL SEX ON THE BE.0,33 L ;260407;;0,3300;L;;3,61;1,19;1,69;1,59;4740098002857;Piæa
COCKTAIL COSMOPOLITAN 0.33 L ;260408;;0,3300;L;;3,61;1,19;1,69;1,59;4740098002871;Piæa
COCKTAIL BLUE LAGOON 0.33 L ;260409;;0,3300;L;;3,61;1,19;1,69;1,59;4740098002918;Piæa
AJVAR PODRAVKA LJUTI 195 g;260560;Podravka;0,1950;kg;1,84;9,44;;;1,84;3850104022524;Hrana
CIKORIJA 500 g;260597;;0,5000;kg;2,49;4,98;;;2,49;8717154170016;Hrana
TJ.TJESTENINKA REZANCI 400 g ;260716;;0,4000;kg;2,12;5,30;;;2,12;3859888344143;Hrana
SIR GOUDA ZDENKA 400 g;261220;Zdenka;0,4000;kg;5,79;14,48;;;5,79;3858888590505;Hrana
SIR SVJEŽI MASNI ZDENKA 500 g;261222;Zdenka;0,5000;kg;2,99;5,98;;;2,99;3858888590222;Hrana
ZUBNA P.HIMALAYA DENTAL 100 g;262485;Himalaya;0,1000;kg;2,99;29,90;;;2,99;8901138500306;Kozmetika
BOMB.GUM.TROL.KIS.CRVI 200 g;262562;Trolli;0,2000;kg;1,29;6,45;;;1,32;4000512010869;Hrana
ZUBNA P.HIMALAYA SPARKLY 75 ml;263026;Himalaya;0,0750;L;2,99;39,87;;;2,99;8901138825591;Kozmetika
HREN LUDBREŠKI NARIBANI 200 g;263105;;0,2000;kg;2,49;12,45;;;2,49;3859893697005;Hrana
DOLCELA ŠLAGFIX 3X8 g;263123;;0,0240;kg;0,99;41,25;;;0,99;3850104272073;Hrana
HREN LUDBREŠKI EX.LJUTI 200 g;263407;;0,2000;kg;2,99;14,95;;;2,99;3859893697890;Hrana
ŠLAG DELTA ICE 220 ml;263448;;0,2200;L;1,29;5,86;;;1,09;3859889283793;Hrana
CHIPS TORTILLA ZANUY MEX 200 g;263570;DUPIN;0,2000;kg;2,59;12,95;;;2,49;8411778164054;Hrana
SIR DIMEK MAP VINDIJA 150 g ;263609;Dimek;0,1500;kg;2,99;19,93;;;2,99;3850108057744;Hrana
NAMAZ VEGETARIANA MASLI.2X50 g;263648;Vegetariana;0,1000;kg;1,89;18,90;;;1,89;3859892560300;Hrana
SL.DELTA TRIO VA/ÈO/JA 2000 ml;263665;;2,0000;L;2,99;1,50;;;2,99;3858885755990;Hrana
KRAKOVI ZA PEKU FROZY 1000 g;263868;Frozy;1,0000;kg;;7,99;7,99;10,99;10,99;3858891040073;Hrana
GAMBERI PEDRO 100/200 500 g;263980;Pedro;0,5000;kg;5,29;10,58;;;5,29;3858883225655;Hrana
NAMAZ MLIJEÈ.MOJA KRAVICA 70 g;264194;Moja kravica;0,0700;kg;;5,57;0,39;0,59;0,55;3870199000993;Hrana
HOT CHOC DARK 25 g ANAMARIJA;264353;Anamarija;0,0250;kg;0,49;19,60;;;0,49;3858881773653;Piæa
REFIL ZA BRISAÈ PODA S RESAMA;264423;;1,0000;kom;6,36;6,36;;;6,36;3859893097164;Proizvodi za kuæanstvo
REFIL ZA BRISAÈ PODA ;264424;;1,0000;kom;5,97;5,97;;;5,97;3859893097140;Proizvodi za kuæanstvo
BRISAÈ PODA PLOSNATI S RESAMA;264425;;1,0000;kom;14,59;14,59;;;14,59;3859893097157;Proizvodi za kuæanstvo
BRISAÈ PODA PLOSNATI;264426;;1,0000;kom;11,79;11,79;;;11,79;3859893097133;Proizvodi za kuæanstvo
DOMAÆA SARMA CARNEX 400 g;264461;Carnex;0,4000;kg;3,99;9,98;;;3,69;8600012700336;Hrana
NAPOLITANKE BALCONI LJEŠ.175 g;264486;Balconi;0,1750;kg;1,49;8,51;;;1,06;8001585008063;Hrana
ÈAJ NATURAVITA ZELE. S LI.40 g;264507;;0,0400;kg;1,99;49,75;;;1,99;3858884090597;Piæa
CHIPS TORT.ZANUY NACHO.200 g  ;264646;DUPIN;0,2000;kg;2,49;12,45;;;2,39;8411778164252;Hrana
DŽEM DIDA BOŽA JAGODA 690 g;264654;Dida Boza;0,6900;kg;;5,78;3,99;6,29;5,69;3859891515998;Hrana
FOLIJA ALUMINIJSKA 20 m;264824;;1,0000;kom;4,39;4,39;;;4,39;3859893097324;Proizvodi za kuæanstvo
YOUWOK BAMBUSOVE MLADICE 330G;264929;;0,3300;kg;2,99;9,06;;;2,99;8717228380235;Hrana
UMAK SOJA MANJE SOLI 150 ml;265355;Kikkoman;0,1500;l;5,99;39,93;;;5,99;8715035130104;Hrana
RAJÈICA PASIRANA GIANA 500 g;265757;Vlastite potrebe;0,5000;kg;1,09;2,18;;;1,09;8595241527062;Hrana
KUKURUZ BONDUELLE CHILLI 310 g;265949;Bonduelle;0,2550;kg;2,99;11,73;;;2,99;3083681043815;Hrana
ZUB.PASTA SIGNAL WHITE 125 ml ;266022;Signal;0,1250;L;2,99;23,92;;;2,99;5900300349388;Kozmetika
BUÐOLA NARESCI DOBRO 90 g;266078;Dobro;0,0900;kg;2,59;28,78;;;2,69;3850133800797;Hrana
PRŠUT NARESCI DOBRO 90 g;266081;Dobro;0,0900;kg;3,69;41,00;;;3,19;3850133800773;Hrana
KRE.CERA DI CUPRA ROSA 100 ml;300032;Cera Di Cupra;0,1000;L;5,25;52,50;;;5,25;8002140151408;Kozmetika
BALZAM ELF ZA KOSU ŽUTI 500 ml;300056;Elf;0,5000;L;2,19;4,38;;;2,19;8008423610204;Kozmetika
PILEÆI BATAK 500 g;300072;Perutnina;0,5000;kg;2,79;5,58;;;2,79;3850220115773;Hrana
PILEÆI FILE ZABATKA 500 g;300074;Perutnina;0,5000;kg;3,89;7,78;;;4,69;3850220115797;Hrana
PILEÆI ODRESCI OD FILEA 400 g;300080;Perutnina;0,4000;kg;6,19;15,48;;;5,97;3850220117210;Hrana
PILEÆI MEDALJONI 400 g;300082;Perutnina;0,4000;kg;6,19;15,48;;;5,97;3850220117203;Hrana
TEK.SAP.FRESH&CLEAN 300ml;300106;Fresh&Clean;0,3000;L;1,99;6,63;;;1,99;8002340012530;Kozmetika
PILEÆI FILE 500 g;300151;Perutnina;0,5000;kg;5,99;11,98;;;4,59;3850220115827;Hrana
GEL.TUŠ.L´ANGELICA M.500 ml;300159;L'Angelica;0,5000;L;2,59;5,18;;;2,99;8017331077085;Kozmetika
GEL.TUŠ.L´ANGELICA P.500 ml;300161;L'Angelica;0,5000;L;2,59;5,18;;;2,99;8017331077061;Kozmetika
GEL.TUŠ.L´ANGELICA A.500 ml;300163;L'Angelica;0,5000;L;2,59;5,18;;;2,50;8017331077122;Kozmetika
MESNI NAREZAK ASCOMMER.100 g ;300189;Ascommerce;0,1000;kg;1,09;10,90;;;1,09;3858881331020;Hrana
TP VIOLETA PURE&STRONG 10/1;300218;Violeta;10,0000;kom;2,49;0,25;;;2,89;3859892288761;Toaletne potrepštine
ŠTAPIÆI SPAR KIKIRIKI 150 g;300240;SPAR;0,1500;kg;0,85;5,67;;;1,09;3856021203930;Hrana
ŠUNKA KUHANA PIK 350 g;300337;Pik;0,3500;kg;4,68;13,37;;;4,68;3850139360028;Hrana
ÈOK. BANANA S BUDGET 17 g;300529;S-Budget;0,0170;kg;0,25;14,71;;;0,20;3856021204241;Hrana
VODA FIJI 0,5 L;300532;;0,5000;l;2,79;5,58;;;2,42;9417574000083;Piæa
PIVO STAROPRAMEN 4X0,5 L;300535;Staropramen;2,0000;l;4,99;2,50;;;4,61;3850131004784;Piæa
VODA ZA U.LISTERINE ZERO 500ml;300542;Listerine;0,5000;L;7,49;14,98;;;7,29;3574661337258;Kozmetika
ZAÈ.PIL.TIKKA MASALA KOTA.20 g;300566;Kotanyi;0,0200;kg;1,79;89,50;;;1,69;9001414135495;Hrana
VAFL NUTELLA B READY 132 g;300570;Nutella;0,1320;kg;3,09;23,41;;;2,89;8000500227848;Hrana
BOMB.JELLY KICKS MAL.JAG.100 g;300574;Kandit;0,1000;kg;0,89;8,90;;;0,89;3858889864766;Hrana
ÈOKO.ZA KUH.BIJELA KAND.200 g;300588;Kandit;0,2000;kg;5,19;25,95;;;3,59;3858889864360;Hrana
JELO U ÈAŠI JAP.KLAS.AJIN.93 g;300590;;0,0930;kg;2,19;23,55;;;2,19;5901384503635;Hrana
JELO U ÈAŠI TERIYAKI PIL.96 g;300592;;0,0930;kg;2,19;23,55;;;2,19;5901384503642;Hrana
JELO U ÈAŠI JUNETINA WAS.93 g;300593;;0,0930;kg;2,19;23,55;;;2,19;5901384503659;Hrana
ÈETKA ZA TEKSTIL;300636;;1,0000;kom;2,59;2,59;;;2,59;8009986010227;Proizvodi za kuæanstvo
ÈETKA ZA RIBANJE ;300638;;1,0000;kom;2,09;2,09;;;2,09;8009986006701;Proizvodi za kuæanstvo
METLA SIRKOVA;300641;;1,0000;kom;11,69;11,69;;;11,69;8009986000808;Proizvodi za kuæanstvo
ÈETKA ZA WC ;300650;;1,0000;kom;1,32;1,32;;;1,32;8009986006732;Proizvodi za kuæanstvo
BADEM JEZGRA NATUR PUR 200 g;300730;SPAR Natur*pur;0,2000;kg;4,49;22,45;;;4,39;9100000048871;Hrana
PIVO GRIMB.DOUB. AMBREE 0,33 L;300735;;0,3300;l;2,28;6,91;;;2,28;3858887585526;Piæa
ORAH JEZGRA NATUR PUR 150 g;300736;Spar Natur pur;0,1500;kg;3,19;21,27;;;3,09;9100000048925;Hrana
PIVO GRIMBERGEN BLONDE 0,33 L;300738;;0,3300;l;2,28;6,91;;;2,28;3858887585489;Piæa
LJEŠNJAK CIJELI NAT.PUR 200 g;300740;Spar Natur pur;0,2000;kg;6,49;32,45;;;4,49;9100000048826;Hrana
GROŽÐICE NATUR PUR 250 g;300742;Natur pur;0,2500;kg;2,59;10,36;;;2,49;9100000789231;Hrana
KAPS.KAVA FRANCK ESP.STR.120 g;300790;Franck;0,1200;kg;6,50;54,17;;;6,50;3858881088269;Piæa
ÈAJNO PECIVO S MARELICOM 300 g;300803;;0,3000;kg;3,49;11,63;;;3,49;3859888257955;Hrana
SREDSTVO SANYTOL 500 ml;300949;Sanytol;0,5000;L;3,59;7,18;;;3,39;3045200765004;Sredstva za èišæenje
SIR CHEDD.SLICE PRESIDEN.100 g;300963;President;0,1000;kg;2,39;23,90;;;2,39;8595021607441;Hrana
KAVA NATUR PUR BIO LUNGO 50 g;300981;Spar Natur pur;0,0500;kg;4,29;85,80;;;3,99;9100000945620;Piæa
NAPOLITAN.BALCONI KAKAO 175 g;301156;Balconi;0,1750;kg;1,49;8,51;;;1,06;8001585008070;Hrana
GIN MARE 0,7 L ;301289;;0,7000;l;50,42;72,03;;;50,42;8411640000459;Piæa
GIN MOMBASA CLUB 0,7 L ;301296;;0,7000;L;24,39;34,84;;;23,92;8437011284006;Piæa
ŠEÆ.BIJELI KOCKA RIO PAK 500 g;301308;;0,5000;kg;2,39;4,78;;;2,39;3859888279476;Hrana
ŠEÆ.SMEÐI KOCKA RIO PAK 500 g;301312;;0,5000;kg;2,59;5,18;;;2,65;3859888279483;Hrana
OSV.PIÆE VINDI VIŠ.LIM.MRK.2 L;301346;;2,0000;l;2,49;1,25;;;1,99;3850108072266;Piæa
OSVJ.PIÆE VINDI LIM.NAR.+C 2 L;301347;;2,0000;l;2,49;1,25;;;1,99;3850108072259;Piæa
ŽITNA KAŠICA LJEŠ.ÈOKOL.1 kg;301367;Èokolino;1,0000;kg;8,49;8,49;;;8,49;3850104017476;Hrana
Teleæi but frikando ;301394;;1,0000;kg;11,09;11,09;;;11,09;8713246005525;Hrana
ŽITNA KAŠICA LJEŠ.ÈOKOL.200 g;301416;Èokolino;0,2000;kg;2,49;12,45;;;2,59;3850104230059;Hrana
KEKS TARALLUCCI MUL.BIAN.350 g;301424;Mulino Bianco;0,3500;kg;1,99;5,69;;;2,89;8076809572828;Hrana
KEKS GALLETTI MUL.BIANCO 350 g;301426;Mulino Bianco;0,3500;kg;1,99;5,69;;;2,89;8076809572873;Hrana
PREPEÈENAC CRISP INTEGRAL.250g;301433;Naturel;0,2500;kg;2,04;8,16;;;2,04;3858889362118;Hrana
PREPEÈENAC CRISP CLASSIC 250 g;301435;Naturel;0,2500;kg;2,04;8,16;;;2,04;3858889362101;Hrana
SIR ZA GRILL SPAR BBQ 250 g;301468;SPAR Qualitätsmarke;0,2500;kg;3,49;13,96;;;3,49;9100000818917;Hrana
DŽEM DIDA BOŽA ŠIPAK 700 g;301471;Dida Boza;0,7000;kg;;5,70;3,99;6,29;5,69;3859893011443;Hrana
VINO IURIS TRAM.+GRAŠ.0,75 L;301488;;0,7500;l;;6,65;4,99;6,72;6,72;3859891102020;Piæa
KEKSIÆI FREE FROM KOKOS 150 g;301492;SPAR free from;0,1500;kg;3,19;21,27;;;3,14;3831115315782;Hrana
KEKSIÆI FREE FROM 200 g;301498;SPAR free from;0,2000;kg;3,79;18,95;;;3,79;3831115313016;Hrana
KEKSI FREE FROM KAKAO 125 g;301502;SPAR free from;0,1250;kg;2,79;22,32;;;2,79;3831115315768;Hrana
KEKSI FREE FROM VANILIJA 125 g;301504;SPAR free from;0,1250;kg;2,79;22,32;;;2,79;3831115313047;Hrana
KRUH FREE FROM SJEMEN.200 g;301509;SPAR free from;0,2000;kg;2,19;10,95;;;2,19;3831115313115;Hrana
KRUH FREE FROM NAREZANI 200 g;301511;SPAR free from;0,2000;kg;1,69;8,45;;;1,69;3831115313108;Hrana
DŽEM DIDA BOŽA ŠIPAK 240 g;301514;;0,2400;kg;4,19;17,46;;;3,69;3859893011429;Hrana
PIVO GARDEN STOUT 0,33 L;301623;;0,3300;l;;3,91;1,29;1,62;1,62;3859893153037;Piæa
PIVO GARDEN PALE ALE 0,33 L;301628;;0,3300;l;;4,39;1,45;1,82;1,82;3859893153877;Piæa
BOM.GUM.VEGGIE KIS.JAGO.200 g;301630;SPAR Veggie;0,2000;kg;1,49;7,45;;;1,49;9100000808840;Hrana
ÈIPS SPAR PREMIUM WASABI 100 g;301647;SPAR PREMIUM;0,1000;kg;;19,90;1,99;2,19;2,19;9100000994369;Hrana
SIR HALLOUMI KLASIK SPAR 250 g;301650;SPAR;0,2500;kg;3,99;15,96;;;3,99;9100000003702;Hrana
NAMAZ SIR.HREN S-BUDGET 150 g;301660;S-Budget;0,1500;kg;1,49;9,93;;;1,49;9100000719702;Hrana
NAMAZ SIR.ZAÈINS.BILJ.SB 150 g;301662;S-Budget;0,1500;kg;1,49;9,93;;;1,49;9100000719689;Hrana
PIVO KRUŠOVICE 0,5 L LIM.;301710;;0,5000;L;1,75;3,50;;;1,68;8594009921449;Piæa
ENERGETSKO PIÆE HELL 0,5 L;301730;;0,5000;L;1,69;3,38;;;1,69;5999884034209;Piæa
ENERGETSKO PIÆE HELL 4X0,25 L;301731;;1,0000;L;3,99;3,99;;;4,01;5999884034193;Piæa
MAR.VIOLETA COLOR 3 SL.1/1;301744;Violeta;1,0000;kom;0,39;0,39;;;0,40;3870128012622;Toaletne potrepštine
DESERT MONTE ZOTT 125 g ;301791;Zott;0,1250;kg;1,19;9,52;;;1,19;4014500514628;Hrana
BOMBONI GUM.NIMM2 SM.YO.100 g;301794;Nimm 2;0,1000;kg;1,25;12,50;;;1,25;4014400936384;Hrana
Svinjski but odrezak;302025;SPAR marka kvalitete;1,0000;kg;7,89;7,89;;;7,99;3856021209994;Hrana
Svinjski minutni odrezak;302026;SPAR marka kvalitete;1,0000;kg;9,19;9,19;;;9,99;3856021210006;Hrana
KARAMELA WERTHERS ORIG.CL.70 g;302033;Werthers Original;0,0700;kg;1,39;19,86;;;1,49;4014400907636;Hrana
KARAMELA WERTHERS ORIG.CH.60 g;302036;Werthers Original;0,0600;kg;1,39;23,17;;;1,49;4014400920840;Hrana
Svinjski file;302048;SPAR marka kvalitete;1,0000;kg;11,49;11,49;;;11,99;3856021210020;Hrana
Svinjski vrat s kosti ;302049;SPAR marka kvalitete;1,0000;kg;6,19;6,19;;;6,39;3856021210037;Hrana
ÈOKOLADA MARS 51 g;302051;Mars;0,0510;kg;1,09;21,37;;;1,09;5900951311321;Hrana
Svinjska leða s kosti;302052;SPAR marka kvalitete;1,0000;kg;6,19;6,19;;;6,99;3856021210044;Hrana
Svinjski vrat bez kosti ;302053;SPAR marka kvalitete;1,0000;kg;9,38;9,38;;;9,69;3856021210051;Hrana
Svinjska potrbušina sk ;302056;SPAR marka kvalitete;1,0000;kg;5,79;5,79;;;5,99;3856021210082;Hrana
Juneæa rebra ;302075;SPAR marka kvalitete;1,0000;kg;11,99;11,99;;;10,99;3856021210327;Hrana
Juneæa prsa;302077;SPAR marka kvalitete;1,0000;kg;10,99;10,99;;;10,99;3856021210334;Hrana
Juneæa leða s kosti;302079;SPAR marka kvalitete;1,0000;kg;14,59;14,59;;;13,19;3856021210358;Hrana
Juneæi but odrezak;302094;SPAR marka kvalitete;1,0000;kg;17,99;17,99;;;15,89;3856021210426;Hrana
Svinjetina mljevena;302148;SPAR marka kvalitete;1,0000;kg;4,11;4,11;;;4,11;3856021210228;Hrana
Banjaluèki æevapèiæi ;302149;SPAR BBQ;1,0000;kg;10,89;10,89;;;9,99;3856021210242;Hrana
Pljeskavice;302152;SPAR BBQ;1,0000;kg;10,89;10,89;;;9,99;3856021210273;Hrana
Miješano mljeveno meso;302153;SPAR marka kvalitete;1,0000;kg;10,59;10,59;;;9,99;3856021210303;Hrana
Junetina za gulaš;302156;SPAR marka kvalitete;1,0000;kg;15,59;15,59;;;14,49;3856021210310;Hrana
Juneæe mljeveno meso;302161;SPAR marka kvalitete;1,0000;kg;14,99;14,99;;;13,69;3856021210433;Hrana
Svinjetina za gulaš ;302165;SPAR marka kvalitete;1,0000;kg;6,49;6,49;;;6,69;3856021210075;Hrana
Roštilj kobasica ;302167;SPAR BBQ;1,0000;kg;7,99;7,99;;;7,99;3856021210280;Hrana
SL.SPAR VEGGIE KIKIRIKI 480 ml;302197;SPAR Veggie;0,4800;L;4,99;10,40;;;4,99;9100000716473;Hrana
SLAVONSKA NAREZAK DOBRO 80 g;302205;Dobro;0,0800;kg;1,98;24,75;;;1,79;3850133800841;Hrana
NAPOLI NAREZAK DOBRO 80 g;302207;Dobro;0,0800;kg;1,98;24,75;;;1,79;3850133800353;Hrana
MILANO NAREZAK DOBRO 80 g;302209;Dobro;0,0800;kg;1,89;23,63;;;1,89;3850133800315;Hrana
SLANINA NAREZAK  DOBRO 90 g;302212;Dobro;0,0900;kg;3,19;35,44;;;2,89;3850133800827;Hrana
Salama slavonska;302213;Dobro;1,0000;kg;18,97;18,97;;;18,97;3850133812707;Hrana
VOÆNA PLOÈICA HIPP BA.JA.23 g ;302235;Hipp;0,0230;kg;1,14;49,57;;;1,14;4062300446052;Hrana
KAŠICA HIPPIS JAB.MAN.MA.100 g;302241;Hipp;0,1000;kg;1,35;13,50;;;1,35;4062300278585;Hrana
ŽITNA KAŠICA HIPP 200 g;302242;Hipp;0,2000;kg;2,42;12,10;;;2,42;9062300139744;Hrana
RIŽA ZLA.POLJE SMEÐA PAR 800 g;302250;Zlato Polje;0,8000;kg;4,69;5,86;;;4,69;3838700640960;Hrana
WHISKEY JIM BEAM COLA 0,33 L;302322;Jim Beam;0,3300;L;2,59;7,85;;;3,28;5060045581280;Piæa
KAŠICA LINO KRUŠKA BAN.190 g;302506;Lino;0,1900;kg;1,59;8,37;;;1,59;3850104297243;Hrana
KAŠICA LINO MAR.BRE.JAB.190 g;302508;Lino;0,1900;kg;1,59;8,37;;;1,59;3850104287138;Hrana
TJ.ZL.POLJE FIDELINI JAJ.250 g;302522;Zlato Polje;0,2500;kg;1,99;7,96;;;1,99;3838700011432;Hrana
PRALINE KANDIT PEPERMINT 280 g;302524;Kandit;0,2800;kg;3,99;14,25;;;3,99;3858889865343;Hrana
TJ.ZLATO POLJE REZANCI 400 g;302537;Zlato Polje;0,4000;kg;2,79;6,98;;;2,79;3838700013900;Hrana
SP GUMICA ZA BRIS.MRLJA 4/1;302580;Splendid;4,0000;kom;2,79;0,70;;;2,79;9100000814445;Proizvodi za kuæanstvo
SALATA STRIBOR MOZZAREL.170 g;302618;;0,1700;kg;2,69;15,82;;;3,09;3858893250593;Hrana
GAZ.PIÆE PEPSI BEZ ŠEÆERA 2 L ;302659;Pepsi;2,0000;l;;0,93;1,85;1,99;2,05;3830065020364;Piæa
ŠUNKA SCHW.SPAR NAREZAK 100 g;302729;SPAR;0,1000;kg;2,09;20,90;;;2,19;3856021204425;Hrana
PRSA PILEÆA VITAL NAREZ.100 g;302798;SPAR Vital;0,1000;kg;1,79;17,90;;;1,69;3856021204067;Hrana
ŠAMP.FRUCTIS SOS REPAIR 400 ml;302871;Garnier;0,4000;L;4,49;11,23;;;4,39;3600541922846;Kozmetika
SIR BRIE SPAR 180 g;302872;SPAR Qualitätsmarke;0,1800;kg;2,29;12,72;;;2,29;8710671151681;Hrana
BOMBONI GUM.TROLLI BURGER 50 g;302879;Trolli;0,0500;kg;0,86;17,20;;;0,86;4000512008903;Hrana
BOMBONI GUM.TROLLI MOR.S.175 g;302885;Trolli;0,1750;kg;1,45;8,29;;;1,45;4000512364580;Hrana
NEKTAR VINDI VIŠNJA 0,2 L;302897;;0,2000;L;0,69;3,45;;;0,69;3850108074574;Piæa
ŠUNKA PEÈENA 125 g;302906;Pik;0,1250;kg;2,99;23,92;;;2,99;3850139350401;Hrana
Buðola Niko;302936;Niko;1,0000;kg;18,99;18,99;;;19,99;3859892331856;Hrana
JO.GRÈ.TIP TZATZIKI SPAR 400 g;302982;SPAR Qualitätsmarke;0,4000;kg;3,19;7,98;;;3,19;9100000822174;Hrana
MINERALNA VODA JAMNICA 1 L ;302987;Jamnica;1,0000;L;,92;0,92;;;0,92;3858890873054;Piæa
SPAR INTEGRAL.RAŽENI KRUH 250g;303036;SPAR marka kvalitete;0,2500;kg;1,19;4,76;;;1,17;9100000133904;Hrana
ZUB.PASTA AQUAFRESH 125 ml;303050;Aquafresh;0,1250;L;2,99;23,92;;;2,99;5054563199621;Kozmetika
ZUB.PAS.AQUAFRESH MILD 125 ml;303052;Aquafresh;0,1250;L;2,99;23,92;;;2,99;5054563199645;Kozmetika
ZUB.PAS.BIOREPAIR FAST 75 ml;303137;BIOREPAIR;0,0750;L;4,39;58,53;;;4,49;8017331068441;Kozmetika
ÈOKOLADNO JAJE KINDER JOY 60 g;303243;Kinder;0,0600;kg;3,19;53,17;;;3,79;8000500028124;Hrana
JOGURT NP BOROVNICA 3,6% 200 g;303250;SPAR Natur*pur;0,2000;kg;0,99;4,95;;;0,99;9100000819488;Hrana
VINO DAMJANIÆ BORGONJA 0,75 L;303316;;0,7500;L;15,99;21,32;;;15,49;3859893140044;Piæa
VINO PRELAC MALVAZIJA 0,75 L;303317;;0,7500;L;12,99;17,32;;;12,79;3857500021946;Piæa
LIKER AVELLANA LJEŠNJAK 0,7 L;303329;;0,7000;L;12,02;17,17;;;12,02;3859889132312;Piæa
Èokoladna kocka 150 g;303336;;0,1500;kg;1,55;10,33;;;1,55;3859893089749;Hrana
VODA JAMN.SENSATIO.BAZGA 0,5 L;303477;Jamnica;0,5000;L;1,12;2,24;;;1,12;3875000184398;Piæa
VODA JAMN.SENSATIO.BAZGA 1,5 L;303483;Jamnica;1,5000;L;1,69;1,13;;;1,69;3858890873443;Piæa
ÈAJ DETOX DARVITALIS EKO 50 g;303513;Darvitalis;0,0500;kg;4,64;92,80;;;4,64;3858890832501;Piæa
ÈOKOLADA MARS KING SIZE 70 g;303516;Mars;0,0700;kg;1,49;21,29;;;1,49;5900951311215;Hrana
KOBASICA DRNIŠKA 320 g;303524;Dimmes;0,3200;kg;3,99;12,47;;;3,99;3859892362409;Hrana
ÈAJ ZELENI CIMET DARV.EKO 50 g;303539;Darvitalis;0,0500;kg;3,99;79,80;;;3,99;3858890830781;Piæa
KOND.MLIJ.ZASLAÐ.NESTLE 170 g;303589;;0,1700;kg;1,79;10,53;;;1,69;8410100096186;Hrana
MIC.VODA EVELINE 3U1 400 ml;303601;Eveline;0,4000;L;3,39;8,48;;;4,79;5901761919264;Kozmetika
MIC.VODA EVELINE 3U1 400 ml;303603;Eveline;0,4000;L;3,39;8,48;;;4,79;5901761919400;Kozmetika
ULJE ZA PRŽENJE SUN.N.P.0,75 L;303613;Spar Natur pur;0,7500;L;3,79;5,05;;;3,78;9100000820866;Hrana
SRE.TETA VIOLETA STAKLO 750 ml;303692;Teta Violeta;0,7500;L;1,69;2,25;;;1,59;3870128012806;Sredstva za èišæenje
MESNI NAREZAK GAVRILOVIÆ 150 g;303713;Gavrilovic;0,1500;kg;2,19;14,60;;;2,19;3858890203349;Hrana
ŠTRUDLA LIÈKA SIR SLANI 500 g;303735;;0,5000;kg;5,79;11,58;;;5,79;3859892313074;Hrana
TEK.DET.ZA RUB.SPLENDID 1,5 L;303741;Splendid;1,5000;L;3,59;2,39;;;3,59;9100000973685;Sredstva za èišæenje
TEK.DET.ZA RUB.SPLENDID 1,5 L;303742;Splendid;1,5000;L;3,59;2,39;;;3,59;9100000973715;Sredstva za èišæenje
PIL. PRSA U OVITKU VITAL 500 g;303791;SPAR Vital;0,5000;kg;4,30;8,60;;;4,09;3856021204081;Hrana
VOÆNA PLOÈ.HIPP MAL.BAN.23 g;303793;Hipp;0,0230;kg;1,05;45,65;;;1,14;4062300446069;Hrana
PAP.RUÈNIK DESPAR 3SL 3/1 ;303832;Despar;3,0000;kom;2,49;0,83;;;1,99;8001300811862;Proizvodi za kuæanstvo
LIZALICA MALOW 45 g;303893;DUPIN;0,0450;kg;1,99;44,22;;;2,12;5200701001558;Hrana
MED VARŽAK BAGREM 350 g PET;303923;Varzak;0,3500;kg;5,31;15,17;;;5,31;3859888673960;Hrana
Domaæi pršut bez kože;303926;Niko;1,0000;kg;24,99;24,99;;;24,99;3859892331337;Hrana
Peèenica Niko;303938;Niko;1,0000;kg;;18,99;18,99;21,99;22,99;3859892331849;Hrana
VOÆNA PLOÈICA NP.JAB.BAN.25 g;303978;Natur pur;0,0250;kg;0,79;31,60;;;0,74;9100000690322;Hrana
VOÆNA PLOÈ.NP.CRV.VOÆE 25 g;303979;Spar Natur pur;0,0250;kg;0,79;31,60;;;0,74;9100000690346;Hrana
EN.PIÆE RED BULL YELLOW 0,25 L;303984;Red Bull;0,2500;L;1,69;6,76;;;1,69;90415944;Piæa
SLADILO VITAL KSILITOL 300 g;303989;SPAR Vital;0,3000;kg;3,29;10,97;;;4,09;9100000819563;Hrana
Peèena šunka;303992;Gavrilovic;1,0000;kg;13,99;13,99;;;13,99;3858890209631;Hrana
VINO RIZLING CAPISTRANO 1 L;304012;;1,0000;L;3,29;3,29;;;3,29;3858886522171;Piæa
VINO VRANAC MAKEDONSKI 1 L;304013;;1,0000;L;3,29;3,29;;;3,29;3858886522164;Piæa
PRIP.ZA ŠLAG BILJ. HOPL.500 ml;304019;;0,5000;L;2,39;4,78;;;2,39;8000005045169;Hrana
PRIP.ZA ŠLAG BILJ.HOPLA 200 ml;304021;;0,2000;L;1,29;6,45;;;1,29;8000005048504;Hrana
NJOKI KARLA 500 g;304033;;0,5000;kg;2,09;4,18;;;2,09;3858881505643;Hrana
MAJONEZA ZVIJEZDA SALATNA 15 g;304034;Zvijezda;0,0150;kg;0,29;19,33;;;0,26;3856015316660;Hrana
SIR FETA D.O.P.FREE FROM 150 g;304039;SPAR free from;0,1500;kg;2,59;17,27;;;2,59;9100000039367;Hrana
ZUB.PAS.SENSODYNE RAPID 75 ml;304041;Sensodyne;0,0750;L;7,49;99,87;;;5,59;5054563027535;Kozmetika
PIVO 5. ELEMENT IPA 0,5 L;304078;;0,5000;l;2,55;5,10;;;2,68;3859892222956;Piæa
PIVO 5. ELEMENT LELA 0,5 L;304079;;0,5000;l;2,15;4,30;;;2,22;3859892222949;Piæa
PIVO 5. ELEMENT ABA 0,5 L;304080;;0,5000;L;2,15;4,30;;;2,22;3859892222925;Piæa
PIVO HEINEKEN ZERO 0,33 L;304094;Heineken;0,3300;l;1,79;5,42;;;1,68;3830001715156;Piæa
KETCHUP S-BUDGET LJUTI 1 kg;304119;S-BUDGET;1,0000;kg;1,69;1,69;;;1,69;3856021215414;Hrana
CHOCO BANANA ORIGINAL 280 g;304177;Kandit;0,2800;kg;3,89;13,89;;;3,89;3858889865466;Hrana
PJE.FREIX.ICE ROSE 0,75 L;304219;Freixenet;0,7500;l;11,99;15,99;;;11,99;8410036806521;Piæa
KRUH SPAR KUKURUZNI 400 g;304240;SPAR marka kvalitete;0,4000;kg;2,07;5,18;;;2,07;3856021205057;Hrana
KRUH SPAR SA SJEMENK.400 g;304241;SPAR marka kvalitete;0,4000;kg;2,07;5,18;;;2,07;3856021205033;Hrana
KRUH SPAR MIJEŠANI 400 g;304242;SPAR marka kvalitete;0,4000;kg;1,83;4,58;;;1,83;3856021205019;Hrana
ULOŠ.ALWAYS PLAT.NIGHT 12/1;304283;Always;12,0000;kom;2,99;0,25;;;2,99;8001090445070;Toaletne potrepštine
ULOŠ.ALWAYS PLAT.SUPER 14/1;304284;Always;14,0000;kom;3,18;0,23;;;3,18;8001090444998;Toaletne potrepštine
MEDENJACI SPAR MLIJ.ÈOK.500 g;304319;SPAR;0,5000;kg;2,99;5,98;;;2,99;9100000899312;Hrana
ÈOKOLADA MILKA BADEM 300 g;304352;Milka;0,3000;kg;6,79;22,63;;;6,79;7622210744883;Hrana
ÈOK.MILKA GROŽ.LJEŠNJAK 270 g;304353;Milka;0,2700;kg;6,79;25,15;;;6,79;7622210702326;Hrana
BOMBONI NEGRO 800 g;304421;Negro;0,8000;kg;8,69;10,86;;;8,69;8602300217151;Hrana
KAŠICA HIPPIS JAB.KRU.BA.100 g;304433;Hipp;0,1000;kg;1,35;13,50;;;1,35;4062300278530;Hrana
KAŠICA HIPPIS JAB.BRE.100 g;304435;Hipp;0,1000;kg;1,35;13,50;;;1,35;4062300278554;Hrana
KAŠICA HIPPIS JAB.BAN.JA.100 g;304436;Hipp;0,1000;kg;1,35;13,50;;;1,35;4062300278547;Hrana
KAŠICA HIPPIS KRU.BAN.KI.100 g;304437;Hipp;0,1000;kg;1,35;13,50;;;1,35;4062300278578;Hrana
UMAK OD RAJ.DESP.PREMIUM 330 g;304438;Premium;0,3300;kg;;4,52;1,49;1,99;1,99;9100000819341;Hrana
KAŠICA HIPPIS ŽIT.JAB.BA.100 g;304440;Hipp;0,1000;kg;1,35;13,50;;;1,35;4062300278608;Hrana
VOÆNA PLOÈ.HIPP BAN.VIŠ.23 g;304470;Hipp;0,0230;kg;1,05;45,65;;;1,14;4062300362215;Hrana
PERLE CRNOG TARTUFA 50 g;304583;;0,0500;kg;15,99;319,80;;;15,99;3858891980157;Hrana
SKUŠA AQ FILETI MAS.ULJE 105 g;304601;Adriatic Queen;0,0735;kg;3,29;44,76;;;3,29;3850160110074;Hrana
VINO PASSO PERF. ROSSO 0,75 L;304605;;0,7500;L;7,79;10,39;;;7,42;8016608010060;Piæa
PAŠTETA S-BUDGET ÈAJNA 100 g;304612;S-Budget;0,1000;kg;0,69;6,90;;;0,69;3856021204951;Hrana
PAŠTETA S-BUDGET JETRENA 100 g;304625;S-Budget;0,1000;kg;0,69;6,90;;;0,69;3856021204937;Hrana
KREMA HIMALAYA HRANJIVA 150 ml;304650;Himalaya;0,1500;L;2,89;19,27;;;3,05;8901138506384;Kozmetika
KUPKA FELCE A.CLASSIC 650 ml;304671;Felce Azzurra;0,6500;L;3,99;6,14;;;4,19;8001280068003;Kozmetika
ÈOKOLADA TWIX WHITE 46 g;304783;Twix;0,0460;kg;1,09;23,70;;;1,09;5000159556804;Hrana
BRIJAÈ WILKINSON XTREME 1/1;304813;Wilkinson;1,0000;kom;2,19;2,19;;;2,19;4027800110414;Kozmetika
JUHA MAGGI KREM BROKULA 52 g;305086;Maggi;0,0520;kg;1,39;26,73;;;1,39;7613287311412;Hrana
ŠPINAT S-BUDGET 400 g;305106;S-BUDGET;0,4000;kg;0,99;2,48;;;0,99;3856021204746;Hrana
MAHUNA ŽUTA S-BUDGET 400 g;305107;S-BUDGET;0,4000;kg;1,19;2,98;;;1,19;3856021204708;Hrana
MAHUNA ZELENA S-BUDGET 400 g;305109;S-BUDGET;0,4000;kg;1,19;2,98;;;1,19;3856021204722;Hrana
CARSKI MIX S-BUDGET 400 g;305112;S-BUDGET;0,4000;kg;1,39;3,48;;;1,29;3856021204685;Hrana
GRAŠAK S-BUDGET 400 g;305114;S-BUDGET;0,4000;kg;1,05;2,63;;;1,19;3856021204647;Hrana
GRAŠAK MRKVA S-BUDGET 400 g;305115;S-BUDGET;0,4000;kg;1,05;2,63;;;1,19;3856021204661;Hrana
PAPRIÈICE PEPPAD.BLAGE 400 g;305211;Peppadew;0,1650;kg;3,59;21,76;;;3,59;6007788005108;Hrana
BOMBONI SPAR VOÆNI 500 g;305248;SPAR;0,5000;kg;2,29;4,58;;;2,29;3831115312842;Hrana
SALVETE BOŽIÆNE 33x33 cm;305268;;1,0000;kom;1,19;1,19;;;0,99;9001632316010;Proizvodi za kuæanstvo
BRITVICE BEAUTY KISS Ž 8/1;305364;Beauty Kiss;8,0000;kom;2,65;0,33;;;2,65;9100000997629;Kozmetika
BRITVICE BEAUTY KISS M 8/1;305370;Beauty Kiss;8,0000;kom;2,59;0,32;;;2,65;9100000997643;Kozmetika
JUHA ORTOLANA 620g;305375;;0,6200;kg;2,79;4,50;;;2,79;8014190017108;Hrana
DEO SPR.BOROTALCO PURE 150 ml;305426;Borotalco;0,1500;L;3,99;26,60;;;3,50;8002410042818;Kozmetika
KAVA BARCAFFE CLASSIC 400 g;305467;Barcaffe;0,4000;kg;8,99;22,48;;;7,99;3838471032308;Piæa
Bakalar na bijelo;305525;;1,0000;kg;;17,99;17,99;22,99;22,99;;Hrana
PRALINE ADRIA GOLD 180 g;305572;Adria;0,1800;kg;6,29;34,94;;;5,29;3858890262711;Hrana
PREZ.DUREX INTENSE ORGASM 10/1;305671;Durex;10,0000;kom;18,09;1,81;;;16,79;5052197051797;Toaletne potrepštine
CAPPUC.CLASSIC ARABESCA 200  g;305734;Arabesca;0,2000;kg;2,59;12,95;;;2,59;3858886804123;Piæa
CAPPU.VANILIJA ARABESCA 200 g;305735;Arabesca;0,2000;kg;2,59;12,95;;;2,59;3858886804130;Piæa
CAPPUC.ÈOKOLADA ARABESCA 200 g;305736;Arabesca;0,2000;kg;2,59;12,95;;;2,59;3858886804147;Piæa
ÈOKOLADA KINDER DELICE 39 g;305744;Kinder;0,0390;kg;0,99;25,38;;;0,99;8000500267035;Hrana
STRUGAÈ ZA ÈIŠÆENJE STAKLA;305751;;1,0000;kom;5,7;5,70;;;5,7;4008033601467;Proizvodi za kuæanstvo
NAPOLITANKE BALCONI VAN.175 g ;305752;Balconi;0,1750;kg;1,49;8,51;;;1,49;8001585008056;Hrana
ÈOKOLADA MERCI TAMNA 100 g;305771;Merci;0,1000;kg;;19,90;1,99;2,79;2,79;4014400914276;Hrana
ÈOKOL.MERCI KAVA VRHNJE 100 g;305777;Merci;0,1000;kg;;19,90;1,99;2,79;2,79;4014400914269;Hrana
ÈOKOL.MERCI BADEM LJEŠ.100 g;305779;Merci;0,1000;kg;;19,90;1,99;2,79;2,79;4014400914252;Hrana
ŠAMP.H&S TEA TREE 400 ml;305807;Head&Shoulders;0,4000;L;6,19;15,48;;;6,19;8001090496546;Kozmetika
OSVJ.WC DUCK FRESH DISCS 36 ml;305926;Duck;1,0000;kom;4,89;4,89;;;2,65;5000204341508;Sredstva za èišæenje
OSVJ.WC DUCK FRESH DISCS 36 ml;305928;Duck;1,0000;kom;4,89;4,89;;;2,65;3830063512533;Sredstva za èišæenje
OSVJ.WC DUCK FRESH DISCS 36 ml;305947;Duck;1,0000;kom;4,89;4,89;;;2,65;5000204341560;Sredstva za èišæenje
ÈOKOLADA MILKA CIJ.LJEŠ.270 g;305987;Milka;0,2700;kg;3,99;14,78;;;6,79;7622210702555;Hrana
GEL KURKUMA 250 ml;305988;Olival;0,2500;L;3,29;13,16;;;2,99;3859893186080;Kozmetika
GEL DUREX NATURALS 100 ml;305991;Durex;0,1000;L;15,99;159,90;;;14,89;5997321771656;Toaletne potrepštine
VODA ROMERQUEL.LIM.TRAVA 0,5 L;306012;Römerquelle;0,5000;L;1,19;2,38;;;1,12;9031100003807;Piæa
VODA ROMERQUELLE NEGAZIR.0,5 L;306014;Römerquelle;0,5000;L;,99;1,98;;;0,93;90311208;Piæa
EN.NAP.MONSTER FULL THRO.0,5 L;306020;Monster;0,5000;L;1,95;3,90;;;1,95;5060896629490;Piæa
FLIPS PUFULETI CHIO MINIO.75 g;306085;Chio;0,0750;kg;1,49;19,87;;;1,69;9000159732501;Hrana
KAVA NESCAFE DG.C.A.L.3X160g;306216;Nescafe;0,4800;kg;12,99;27,06;;;14,99;7613287337030;Piæa
KEKS CIMETIX BŠ 200 g;306277;Delicia;0,2000;kg;3,39;16,95;;;3,19;3859889106269;Hrana
KEKS KOKOSIX BŠ 175 g;306279;Delicia;0,1750;kg;3,39;19,37;;;3,19;3859889106221;Hrana
SOK NATUREL CIKLA 100% 720 ml;306342;Naturel;0,7200;l;4,09;5,68;;;3,58;3858889362224;Piæa
ENERGET.PIÆE HELL FOCUS 0,25 L;306345;;0,2500;L;1,09;4,36;;;1,09;5999885747733;Piæa
LED.ÈAJ XIXO BRESKVA 0,25 L;306350;;0,2500;L;,79;3,16;;;0,79;5999885747085;Piæa
KAVA LATTE ESPR. S BUDG.250 ml;306354;S-BUDGET;0,2500;L;1,19;4,76;;;1,09;9100000444673;Piæa
OSV.WC BREF WATER OCEAN 2x50 g;306367;Bref;0,1000;kg;3,29;32,90;;;4,95;9000101089769;Sredstva za èišæenje
REFIL GLADE AUTO.MAXI 2X269 ml;306385;Glade;0,5380;L;10,85;20,17;;;12,79;3858889573354;Sredstva za èišæenje
GLADE SPRAY BOŽUR 300 ml;306386;Glade;0,3000;L;3,15;10,50;;;3,79;5000204249408;Sredstva za èišæenje
REFIL GLADE AUT. MAXI 269 ml;306391;Glade;0,2690;L;7,05;26,21;;;8,69;5000204300918;Sredstva za èišæenje
KRUH INTEGRALNI PANCARRE 315 g;306441;Mulino;0,3150;kg;2,29;7,27;;;2,29;8076809571982;Hrana
Šunka suha dalmatinska Pivac;306449;Pivac;1,0000;kg;;18,99;18,99;29,99;29,99;3858890180220;Hrana
SIR KREM VIVIS 100 g;306465;;0,1000;kg;1,29;12,90;;;1,29;3850108058734;Hrana
PRŠUT RUŽA NAREZAK MAP 80 g;306466;Pisinium;0,0800;kg;3,49;43,63;;;3,59;3858884936109;Hrana
PANCETA ISTARSKA MAP 80 g;306467;Pisinium;0,0800;kg;2,79;34,88;;;2,79;3858884931890;Hrana
TRAVA RICA JAK AP DEGENIJA 1 L;306588;;1,0000;L;13,28;13,28;;;13,28;3859889693127;Piæa
LIKER DEGENIJA PELINKOVAC 1 L;306589;;1,0000;L;13,12;13,12;;;13,12;3859889693066;Piæa
RAKIJA VILIJAMOVKA 35% 1 L;306675;Weingut Schloss Fels;1,0000;L;12,49;12,49;;;11,18;9100300151004;Piæa
LIKER MARELICA FELSER 0,5 L;306679;Felser;0,5000;L;6,92;13,84;;;6,92;9100300263332;Piæa
LISTIÆI OKUS GOUDA 180 g;306689;;0,1800;kg;2,39;13,28;;;2,39;5292874000346;Hrana
LISTIÆI OKUS MOZZARELLA 250 g;306691;;0,2500;kg;2,49;9,96;;;2,49;5292874000063;Hrana
RIBAN.PARMEZAN GREEN VIE 100 g;306692;;0,1000;kg;1,65;16,50;;;1,65;5292874000032;Hrana
JELEN GULAŠ 350 g;306696;;0,3500;kg;6,89;19,69;;;6,89;3830034363515;Hrana
SRNA GULAŠ 350 g;306740;;0,3500;kg;8,99;25,69;;;8,99;3830034363522;Hrana
SMOOTHIE HIPPIS JAB.BAN.120 ml;306764;Hipp;0,1200;l;1,39;11,58;;;1,4;4062300325050;Hrana
SMOOTHIE HIPPIS JAB.KRU.120 ml;306765;Hipp;0,1200;l;1,39;11,58;;;1,4;4062300325111;Hrana
KAPARI NATUR PUR 65 g;306780;Natur pur;0,0350;kg;1,59;45,43;;;1,59;9100000823140;Hrana
KOKOSOVA VODA SPAR 1 L;306794;SPAR;1,0000;l;2,89;2,89;;;2,89;8710671154248;Hrana
PAP.RUÈNIK OLALA CAL.A.3SL 2/1;306975;Olala;2,0000;kom;2,99;1,50;;;3,29;3859893213113;Proizvodi za kuæanstvo
PILEÆI PANIRANI ODRESCI 290 g;307031;Cekin;0,2900;kg;4,19;14,45;;;3,99;3850159140792;Hrana
ÈAJ PODRAVKA BOROVNICA 50 g;307050;Podravka;0,0500;kg;2,29;45,80;;;2,05;3856020204884;Piæa
SRED.STAKLO SPLENDID 1 L;307140;Splendid;1,0000;L;1,32;1,32;;;1,32;3856021205095;Sredstva za èišæenje
BOJA EXCELLENCE 9.1;307148;LOREAL;1,0000;kom;8,99;8,99;;;8,49;3600523724918;Kozmetika
BOJA EXCELLENCE 7.1;307149;LOREAL;1,0000;kom;8,99;8,99;;;8,49;3600523724864;Kozmetika
BOJA COLOR NATURALS ZA KOSU 10;307152;Garnier;1,0000;kom;4,99;4,99;;;4,99;3600540335678;Kozmetika
BOJA COLOR NATURALS ZA KO.2.10;307153;Garnier;1,0000;kom;4,99;4,99;;;4,99;3600541343771;Kozmetika
BOJA CASTING CREAM GLOSS 780;307156;LOREAL;1,0000;kom;7,99;7,99;;;6,59;3600523281817;Kozmetika
BOJA CASTING CREAM GLOSS 550;307157;LOREAL;1,0000;kom;7,99;7,99;;;6,59;3600521372784;Kozmetika
KEKS SPAR ŽITARICE GROŽÐ.160 g;307169;SPAR;0,1600;kg;1,19;7,44;;;1,19;3856021205125;Hrana
KEKS SPAR ŽITARICE ÈOKOL.160 g;307171;SPAR;0,1600;kg;1,19;7,44;;;1,19;3856021205149;Hrana
LIKER IL BARONE AMARETTO 0,7 L;307200;Il Barone;0,7000;L;5,62;8,03;;;5,62;9100000109169;Piæa
KRE.NIVEA AW 55+ DNEVNA 50 ml;307309;Nivea;0,0500;L;8,99;179,80;;;7,99;9005800371313;Kozmetika
KRE.NIVEA AW 55+ NOÆNA 50 ml;307311;Nivea;0,0500;L;8,99;179,80;;;7,99;9005800371337;Kozmetika
KRE.NIVEA AW 45+DNEVNA 50 ml;307313;Nivea;0,0500;L;8,99;179,80;;;7,99;9005800290805;Kozmetika
ÈOKOLADA KINDER CAVA 45 g;307358;Kinder;0,0450;kg;;33,11;1,49;2,29;1,89;4008400511528;Hrana
GEL.TU.L´ANGELICA KOKOS 500 ml;307378;L'Angelica;0,5000;L;2,59;5,18;;;2,99;8017331081778;Kozmetika
VINO IL BAR.MOSCATO 0,75 L;307447;Il Barone;0,7500;L;3,74;4,99;;;3,74;9100300000173;Piæa
ORAH KIFLICE S-BUDGET 400 g;307477;S-BUDGET;0,4000;kg;;8,73;3,49;3,99;3,79;3856021205491;Hrana
ÈET.COLGATE MAX WHITE 1+1;307508;Colgate;1,0000;kom;3,79;3,79;;;3,98;8714789490113;Kozmetika
ROYAL MIX BONDUELLE VAPE.400 g;307509;Bonduelle;0,4000;kg;1,99;4,98;;;1,99;3083681063332;Hrana
PAŠTETA S-BUDGET PILEÆA 100 g;307514;S-Budget;0,1000;kg;0,69;6,90;;;0,69;3856021204913;Hrana
PRALINE TOFIFEE DJED BOŽ.250 g;307531;Toffifee;0,2500;kg;4,49;17,96;;;5,59;4014400923162;Hrana
BRUSNICA PREMIUM 620g;307534;Premium;0,6200;kg;6,99;11,27;;;5,97;9100000824550;Hrana
BRAŠNO KOKOS.BIO ENCIAN 250 g;307539;Encian;0,2500;kg;2,99;11,96;;;2,49;3858890103007;Hrana
KOKOS BRAŠNO NATURA 200 g;307540;Marjan Voce;0,2000;kg;1,24;6,20;;;0,93;3859893124525;Hrana
PIVO GARDEN PILSNER 0,33 L;307605;;0,3300;L;;3,42;1,13;1,42;1,42;3859893153174;Piæa
ŽVAKE ORBIT EUCALYPTUS 14 g;307648;Orbit;0,0140;kg;,99;70,71;;;0,99;50173617;Hrana
SALATA KRISTAL S KORIJENOM;307667;;1,0000;kom;1,19;1,19;;;1,29;3859892944575;Hrana
SALATA CRV.KRIST.S KORIJENOM;307669;;1,0000;KOM;1,19;1,19;;;1,29;9120104230019;Hrana
SALATA PUTERICA S KORIJENOM;307670;;1,0000;KOM;1,19;1,19;;;1,29;3859891093885;Hrana
SLADILO VITAL KSILITOL 50X4 g;307676;SPAR Vital;0,2000;kg;2,49;12,45;;;2,99;9100000824192;Hrana
SIR KREM LIGHT VIVIS 100 g;307678;;0,1000;kg;1,49;14,90;;;1,29;3850108058956;Hrana
SIR KREM S VLASCEM VIVIS 100 g;307681;;0,1000;kg;1,29;12,90;;;1,29;3850108058932;Hrana
SIR KREM ŠUNKA VIVIS 100 g;307683;;0,1000;kg;1,29;12,90;;;1,29;3850108058925;Hrana
NAPITAK ALPRO ZOB BADEM 1 L;307706;Alpro;1,0000;l;3,99;3,99;;;3,99;5411188124726;Piæa
MUSLI SPAR HR.MALINA ÈOK.400 g;307742;SPAR;0,4000;kg;4,19;10,48;;;4,19;9100000705972;Hrana
MUSLI SPAR TROSTRUKA ÈOK.500 g;307743;SPAR;0,5000;kg;4,49;8,98;;;4,49;9100000705934;Hrana
MUSLI SPAR MIJEŠANO VOÆE 500 g;307745;SPAR;0,5000;kg;3,99;7,98;;;3,99;9100000705958;Hrana
MUSLI SPAR HRSKAVI KOKOS 400 g;307746;SPAR;0,4000;kg;4,19;10,48;;;4,19;9100000809434;Hrana
MUSLI SPAR HRSK.LJEŠNJAK 450 g;307747;SPAR;0,4500;kg;3,79;8,42;;;3,79;9100000817965;Hrana
VREÆICE ZA IZMET 60 kom;307767;;1,0000;kom;2,79;2,79;;;2,79;8011391104729;Proizvodi za kuæanstvo
PRALINE ROCHER CUBETTO 75 g;307839;Ferrero;0,0750;kg;;46,53;3,49;4,99;4,49;8000500160466;Hrana
SP RUKAVICE JEDNOKRAT.S/M 50/1;307842;Splendid;50,0000;kom;3,99;0,08;;;3,99;9100000975351;Proizvodi za kuæanstvo
SP RUKAVICE JEDNOKRAT.M/L 50/1;307843;Splendid;50,0000;kom;3,99;0,08;;;3,99;9100000975375;Proizvodi za kuæanstvo
ŠUNKA GAVRILOVIÆ MANDOL.340 g;307846;Gavrilovic;0,3400;kg;7,19;21,15;;;7,19;3858890209679;Hrana
GRAH ZVIJEZDA SMEÐI 800 g;307849;Zvijezda;0,4800;kg;1,99;4,15;;;1,99;3856015309679;Hrana
GRAH ZVIJEZDA SMEÐI 400 g;307851;Zvijezda;0,2400;kg;1,29;5,38;;;1,29;3856015309648;Hrana
SP KRPA SPUŽVASTA 3/1 21487;307856;Splendid;3,0000;kom;3,79;1,26;;;3,79;9100000975405;Proizvodi za kuæanstvo
TOAL.PAP.LOVELY BIJELI 10/1 ;307910;Lovely;10,0000;kom;3,19;0,32;;;2,99;9100000733111;Toaletne potrepštine
JUHA OD GRAHA 620 g;307935;;0,6200;kg;2,79;4,50;;;2,79;8014190017115;Hrana
UMAK KF JOSEF BOLOGNESE 350 g;307946;;0,3500;kg;;6,06;2,12;2,65;2,65;8595241519821;Hrana
UMAK KF JOSEF BASILICO 350 g;307947;;0,3500;kg;;6,06;2,12;2,65;2,65;8595241519760;Hrana
UMAK KF JOSEF NAPOLETANA 350 g;307948;;0,3500;kg;;6,06;2,12;2,65;2,65;8595241519784;Hrana
ÈOKOLADA MILKA TRIOLADA 280 g;307967;Milka;0,2800;kg;6,79;24,25;;;6,79;7622210702623;Hrana
TUNA SAL.RIO MARE TEXANA 160 g;308027;Rio Mare;0,1600;kg;2,14;13,38;;;4,68;8004030845046;Hrana
KEKS PLAZMA MINI MINI 200 g;308110;Plazma;0,2000;kg;2,59;12,95;;;2,59;8600043022346;Hrana
CHOCO BANANA KANDIT ORIG.544 g;308144;Kandit;0,5440;kg;7,69;14,14;;;5,39;3858889865503;Hrana
LIKER BOGATI MEDICA 0,7 L;308223;;0,7000;L;10,99;15,70;;;10,32;3859889132336;Piæa
LIKER BOGATI ÈOKOLADA 0,7 L;308224;;0,7000;L;10,99;15,70;;;10,32;3859889132435;Piæa
LIKER BOGATI VIŠNJA 0,7L;308225;;0,7000;L;10,99;15,70;;;10,32;3859889132428;Piæa
HRANA ZA MAÈKE POES.SRCE 85 g;308250;Vitakraft;0,0850;kg;,72;8,47;;;0,72;4008239366672;Proizvodi za kuæanstvo
HRANA ZA MAÈKE POESIE BAK.85 g;308253;Vitakraft;0,0850;kg;,72;8,47;;;0,72;4008239366665;Proizvodi za kuæanstvo
HRANA ZA MAÈKE POESIE GOV.85 g;308257;Vitakraft;0,0850;kg;,72;8,47;;;0,72;4008239366641;Proizvodi za kuæanstvo
HRANA ZA MAÈKE POESIE PIL.85 g;308258;Vitakraft;0,0850;kg;,72;8,47;;;0,72;4008239366627;Proizvodi za kuæanstvo
HRANA ZA MAÈKE POESIE PUR.85 g;308259;Vitakraft;0,0850;kg;,72;8,47;;;0,72;4008239366634;Proizvodi za kuæanstvo
HRANA ZA MAÈ.POE.KITT.PIL.85 g;308262;Vitakraft;0,0850;kg;,72;8,47;;;0,72;4008239366689;Proizvodi za kuæanstvo
KEKSI ZA PSE VITA MIX 300 g;308267;Vitakraft;0,3000;kg;2,99;9,97;;;3,05;8007229348946;Proizvodi za kuæanstvo
VREÆICE ZA IZMET 3X15 KOM;308273;;3,0000;kom;4,29;1,43;;;4,24;4008239583321;Proizvodi za kuæanstvo
OVRATNIK ZA PSE 30-45 cm;308275;Vitakraft;1,0000;kom;5,49;5,49;;;5,44;4008239141736;Proizvodi za kuæanstvo
VREÆICE ZA IZMET 3X20 KOM;308276;Vitakraft;3,0000;kom;2,39;0,80;;;2,39;8007229009557;Proizvodi za kuæanstvo
MUSLI N.PUR AMARAN/BADEM 375 g;308294;Natur pur;0,3750;kg;3,69;9,84;;;3,71;9100000822563;Hrana
MUSLI N.PUR QUINOA/KOKOS 375 g;308296;Natur pur;0,3750;kg;3,79;10,11;;;3,71;9100000822587;Hrana
MAK MLJEVENI NATUR PUR 200 g;308299;SPAR Natur*pur;0,2000;kg;2,49;12,45;;;2,38;9100000825137;Hrana
BOMBONI NEGRO 200 g;308313;Negro;0,2000;kg;2,39;11,95;;;2,39;8602300219681;Hrana
BOMBONI BEBETO SPAGH.COLA 80 g;308317;Bebeto;0,0800;kg;0,99;12,38;;;0,99;8690146085164;Hrana
SIRNI ŠTAPIÆI CHEESUPERS 80 g ;308325;;0,0800;kg;1,79;22,38;;;1,45;5902431271156;Hrana
SIR CHEDDAR CRVENI REZAN.150 g;308327;;0,1500;kg;3,19;21,27;;;3,19;5902431270432;Hrana
DESER.MONTE WHITE ZOTT 4x100 g;308331;Zott;0,4000;kg;2,79;6,98;;;2,65;4014500512747;Hrana
SIR KREM ÈILI VIVIS 100 g;308333;;0,1000;kg;1,29;12,90;;;1,29;3850108058949;Hrana
ÈAJNO PECIVO VIŠNJA 300 g;308334;;0,3000;kg;3,79;12,63;;;3,49;3859888257481;Hrana
TORTINA MLIJEÈNA S-BUDGET 305g;308339;S-BUDGET;0,3050;kg;1,92;6,30;;;1,77;3856021205361;Hrana
TORTINA KAKAO S-BUDGET 305 g;308341;S-BUDGET;0,3050;kg;1,92;6,30;;;1,77;3856021205347;Hrana
ROLADA S-BUDGET LJEŠNJAK 305 g;308343;S-BUDGET;0,3050;kg;1,43;4,69;;;1,28;3856021205323;Hrana
ROLADA S-BUDGET ÈOKOLADA 305 g;308344;S-BUDGET;0,3050;kg;1,43;4,69;;;1,28;3856021205309;Hrana
SLANINA NIKO cca 800 g VP;308360;Niko;1,0000;kg;13,99;13,99;;;13,99;3859898991450;Hrana
HRENOVKA POLI KOKTEL 330 g;308364;Poli;0,3300;kg;2,25;6,82;;;2,25;3850220153942;Hrana
ŠUNKA SUHA DALMAT.NAR. 100 g;308374;Pivac;0,1000;kg;;28,90;2,89;3,35;3,39;3858890183917;Hrana
DJEÈJI ÈAJ CICIBAN 40 g;308412;Podravka;0,0400;kg;2,09;52,25;;;2,05;3850104073908;Piæa
ÈOKOLADA MILKA NOISETTE 270 g;308419;Milka;0,2700;kg;3,99;14,78;;;6,79;7622210702593;Hrana
MICELARNA PJENA OLIVAL 175 ml;308486;Olival;0,1750;L;6,69;38,23;;;5,99;3859893186318;Kozmetika
MICELARNI GEL OLIVAL 200 ml;308487;Olival;0,2000;L;5,99;29,95;;;5,39;3859893186363;Kozmetika
KOBASICA ZA KUH. I PEÈ. 300 g;308494;Gavrilovic;0,3000;kg;4,25;14,17;;;4,25;3858890209884;Hrana
TATARSKI BIFTEK 200 g;308509;MCL Mesni center Luka;0,2000;kg;;24,95;4,99;5,77;5,77;3830067860012;Hrana
ZASEKA DOMAÆA DIMLJENA 250 g;308513;MCL Mesni center Luka;0,2500;kg;3,29;13,16;;;3,29;3830067860036;Hrana
ÈVARCI 200 g;308559;Silma;0,2000;kg;3,89;19,45;;;3,98;3859892782009;Hrana
ŠLJIVA SUHA BEZ KOŠ.SPAR 200 g;308561;SPAR;0,2000;kg;1,49;7,45;;;1,89;8710671151926;Hrana
DATULJA SUHA BEZ K.SPAR 200 g;308562;SPAR;0,2000;kg;1,34;6,70;;;1,59;8710671151988;Hrana
VODKA GREY GOOSE 0,7 L;308603;;0,7000;L;58,02;82,89;;;58,02;5010677850100;Piæa
KUKURUZNA KRUPICA LARA 1000 g;308619;;1,0000;kg;1,99;1,99;;;1,98;3859892259426;Hrana
DŽEM BAKINA TAJNA MALINA 375 g;308647;Bakina Tajna;0,3750;kg;5,99;15,97;;;5,99;8606011031228;Hrana
Kolaè Krempita 135 g;308655;;0,1350;kg;1,19;8,81;;;1,19;3858884926797;Hrana
GRIS INSTANT FRANCK 400 g;308682;Franck;0,4000;kg;1,69;4,23;;;1,69;3858881081598;Hrana
GRIS INSTANT FRANCK 200 g;308683;Franck;0,2000;kg;1,09;5,45;;;1,09;3858881086401;Hrana
CORNFLAKES SANTE 500 g;308684;;0,5000;kg;2,79;5,58;;;2,79;5900617031457;Hrana
PREZ.DUREX EXTRA SAFE 18/1;308687;Durex;18,0000;kom;13,49;0,75;;;13,45;5052197056259;Toaletne potrepštine
PREZ.DUREX FEEL INTIMATE 18/1;308688;Durex;18,0000;kom;15,49;0,86;;;14,95;5052197056228;Toaletne potrepštine
GRANOLA SANTE FRUIT 350 g;308689;;0,3500;kg;3,99;11,40;;;3,90;5900617002969;Hrana
GRANOLA SANTE ÈOKOLADA 350 g;308690;;0,3500;kg;3,99;11,40;;;3,90;5900617002983;Hrana
CRUNCHY SANTE ÈOK.BANANA 350 g;308691;;0,3500;kg;3,49;9,97;;;3,49;5900617002617;Hrana
JEÈM.PAH.SANTE FIT 225 g;308693;;0,2250;kg;3,19;14,18;;;3,19;5900617030788;Hrana
LOSOS PACIFIÈKI MSC FROZY 450g;308704;;0,4500;kg;7,49;16,64;;;7,49;3858891042008;Hrana
TJEST.S-BUDGET ASIA 121 g;308706;S-BUDGET;0,1210;kg;1,59;13,14;;;1,69;9100000775241;Hrana
TJEST.S-BUDGET GLJIVE 170 g;308707;S-Budget;0,1700;kg;1,69;9,94;;;1,69;9100000737706;Hrana
TJEST.S-BUDGET RAJÈICA 170 g;308714;S-Budget;0,1700;kg;1,69;9,94;;;1,69;9100000737683;Hrana
TJEST.S-BUDGET BOLOGNESE 170 g;308715;S-Budget;0,1700;kg;1,69;9,94;;;1,69;9100000775265;Hrana
RAJ.PASIR.VITAL 600 g(3x200 g);308717;SPAR Vital;0,6000;kg;1,99;3,32;;;1,99;9100000776538;Hrana
DOBRA ZOB.KAŠA ÈOKOLADA 260 g;308727;;0,2600;kg;;7,50;1,95;3,29;3,29;8595054901110;Hrana
ÈAJ SPAR KOMORAÈ 50 g;308731;SPAR;0,0500;kg;1,79;35,80;;;1,69;9100100122709;Piæa
KULEN RAVNI DOBRO NAREZAK 80 g;308761;Dobro;0,0800;kg;1,89;23,63;;;1,79;3850133804221;Hrana
BLAZ.JASMIN  NATURE OVAL 50/1;308809;Jasmin;50,0000;kom;1,65;0,03;;;1,65;3838985880976;Toaletne potrepštine
MLJEV.KAVA ANAMARIA 400 g;309139;Anamarija;0,4000;kg;7,79;19,48;;;7,79;3858881775275;Piæa
GEL TUŠ.S BUDGET ALOE VERA 1 L;309151;S-Budget;1,0000;L;1,59;1,59;;;1,69;9100000015729;Kozmetika
PRALINE GOURMAND MORS.ŠK.250 g;309226;SPAR Qualitätsmarke;0,2500;kg;3,99;15,96;;;3,49;8710671152398;Hrana
PROTEIN.ZOBENA KAŠA BOROV.65 g;309230;Encian;0,0650;kg;1,59;24,46;;;1,59;3858890102697;Hrana
ÈAJ AGRISTAR LAKU NOÆ 50 g;309233;Agristar;0,0500;kg;2,65;53,00;;;2,45;3858886505013;Piæa
ÈAJ AGRISTAR SEDAM BILJ. 50 g;309234;Agristar;0,0500;kg;2,49;49,80;;;2,49;3858886505006;Piæa
BRAŠNO PROSENO BIO ENCI.250 g;309235;Encian;0,2500;kg;2,99;11,96;;;2,49;3858890102994;Hrana
BRAŠNO ZOBENO BIO ENCIAN 250 g;309238;Encian;0,2500;kg;2,99;11,96;;;2,49;3858890102987;Hrana
ÈAJ DARVITALIS VRKUTA BIO 40 g;309239;Darvitalis;0,0400;kg;3,99;99,75;;;3,99;3858890830330;Piæa
ÈAJ DARVITALIS STOLIS.BIO 40 g;309240;Darvitalis;0,0400;kg;3,99;99,75;;;3,99;3858890830422;Piæa
ÈAJ DARVITA. KOPRIVA BIO 40 g;309241;Darvitalis;0,0400;kg;3,99;99,75;;;3,99;3858890830484;Piæa
ÈAJ DARVITALIS VRBOV.BIO 40 g;309242;Darvitalis;0,0400;kg;3,99;99,75;;;3,99;3858890830453;Piæa
ÈAJ DARVITALIS ZELENI BIO 40 g;309243;Darvitalis;0,0400;kg;3,99;99,75;;;3,99;3858890830576;Piæa
ÈAJ AGRISTAR VRBOVICA 30 g;309246;Agristar;0,0300;kg;1,85;61,67;;;1,85;3858886504979;Piæa
ÈOKOLADA KINDER DELICE 156 g;309250;Kinder;0,1560;kg;2,89;18,53;;;2,69;8000500264379;Hrana
ÈOKOLADA KINDER MAXI 42 g;309251;Kinder;0,0420;kg;1,19;28,33;;;1,05;4008400224022;Hrana
NAMAZ PREMIUM LJEŠNJAK 350 g;309253;Premium;0,3500;kg;5,99;17,11;;;5,99;9100000824734;Hrana
SMJESA ZA PALAÈINKE 250 g;309264;Dr. Oetker;0,2500;kg;2,49;9,96;;;2,49;5997381362290;Hrana
ŠA.GARNIER FRUCTIS ALOE 250 ml;309348;Garnier;0,2500;L;3,49;13,96;;;3,39;3600542134736;Kozmetika
RE.GARNIER FRUCTIS ALOE 250 ml;309349;Garnier;0,2500;L;3,49;13,96;;;3,29;3600542134835;Kozmetika
ŠTRUDLA SPAR MIJEŠ.VOÆE 252 g;309366;SPAR Qualitätsmarke;0,2520;kg;1,09;4,33;;;1,19;3856021205200;Hrana
ŠTRUDLA SPAR SMOKVA 252 g;309368;SPAR;0,2520;kg;1,09;4,33;;;1,19;3856021205187;Hrana
ÈAJ PODRAVKA ÐUMBIR LIMUN 40 g;309381;Podravka;0,0400;kg;2,55;63,75;;;2,55;3856020205331;Piæa
ÈAJ PODRAVKA PLANINSKI 44 g;309384;Podravka;0,0440;kg;2,29;52,05;;;2,15;3856020205270;Piæa
VL.MAR.BLISTA DRVO 50/1;309388;Blista;50,0000;kom;1,89;0,04;;;1,89;3859890063476;Sredstva za èišæenje
BALZAM EVELINE BOTANIC 350 ml;309421;Eveline;0,3500;L;4,49;12,83;;;4,79;5901761949391;Kozmetika
UMAK NATUR PUR ÈEŠNJAK 350 g;309427;Spar Natur pur;0,3500;kg;2,99;8,54;;;2,99;9100000819365;Hrana
ZRNA KAVE SPAR 75 g;309437;SPAR;0,0750;kg;;26,00;1,95;2,79;2,79;9100000824864;Hrana
KOMADIÆI MLIJ.ÈOK. SPAR 100 g;309438;SPAR;0,1000;kg;;19,50;1,95;2,79;2,79;9100000824888;Hrana
ROLICE ÈOK.SPAR 80 g;309440;SPAR;0,0800;kg;;24,38;1,95;2,79;2,79;9100000826028;Hrana
ÈOKOLADNA SRCA SPAR 80 g;309441;SPAR;0,0800;kg;;24,38;1,95;2,79;2,79;9100000826042;Hrana
GAZIRANO PIÆE COCKTA 0,5 L;309448;Cockta;0,5000;L;1,25;2,50;;;1,22;3838471032476;Piæa
PIVO KOZEL SVIJETLO 0,5 L P.A;309449;Kozel;0,5000;L;1,29;2,58;;;1,25;8594404005096;Piæa
PIVO KOZEL TAMNO 0,5 L P.A.;309450;Kozel;0,5000;L;1,29;2,58;;;1,25;8594404001418;Piæa
TP ZEWA DELICATE CARE 3SL.16/1;309456;Zewa;16,0000;kom;6,49;0,41;;;4,99;7322540313321;Toaletne potrepštine
MASLINE PREMIUM VELIKE 530 g;309471;SPAR PREMIUM;0,3100;kg;;8,03;2,49;3,39;3,39;8001300235224;Hrana
GAZIRANO PIÆE COCKTA ORI.1,5 L;309477;Cockta;1,5000;L;1,85;1,23;;;1,45;3838471032537;Piæa
KRUH SJEME BEZ GLUTENA 400 g;309479;;0,4000;kg;4,89;12,23;;;4,75;3859893064142;Hrana
KRUH VITAL BEZ GLUTENA 300 g;309481;;0,3000;kg;4,89;16,30;;;4,89;3859893064340;Hrana
CIKLA S-BUDGET REZANA 1600 g;309494;S-Budget;0,9000;kg;4,19;4,66;;;4,19;3856021205781;Hrana
ZOBENA KAŠA MY LIFE ÈOK.65 g ;309497;My Life;0,0650;kg;0,75;11,54;;;0,75;3858891292045;Hrana
JUHA JETR.KNEDLI S-BUD.400 g;309500;S-Budget;0,4000;kg;2,19;5,48;;;2,19;9100000050218;Hrana
JUHA S GRAHOM S-BUDGET 400 g;309507;S-Budget;0,4000;kg;2,19;5,48;;;2,19;9100000050188;Hrana
GOVEÐI GULAŠ S-BUDGET 400 g;309513;S-Budget;0,4000;kg;3,79;9,48;;;3,19;9100000061382;Hrana
DESPAR NEKTAR BANANA-JABUK.1 L;309540;Despar;1,0000;L;1,49;1,49;;;2,02;8001300151982;Piæa
PREMIUM SOK OD ANANASA 0,75 L;309545;SPAR PREMIUM;0,7500;L;2,19;2,92;;;2,52;8001300150619;Piæa
PREMIUM SOK OD JABUKE 0,75 L;309546;SPAR PREMIUM;0,7500;L;2,19;2,92;;;2,52;8001300150626;Piæa
PREMIUM SOK OD NARANÈE 0,75 L;309548;SPAR PREMIUM;0,7500;L;2,19;2,92;;;2,52;8001300150602;Piæa
ÈIPS S BUDGET SLANI 175 g;309552;S-Budget;0,1750;kg;2,49;14,23;;;2,49;9100000784151;Hrana
ÈIPS S BUDGET PAPRIKA 175 g;309555;S-Budget;0,1750;kg;2,49;14,23;;;2,49;9100000784175;Hrana
VINO CAMEMBERT 0,75 L;309574;;0,7500;L;6,59;8,79;;;6,59;3263280117838;Piæa
ULOŠCI PAMINA NORMAL PLUS 20/1;309609;Pamina;20,0000;kom;1,29;0,06;;;1,22;9100000041728;Toaletne potrepštine
ULOŠCI PAMINA SUPER PLUS 14/1;309610;Pamina;14,0000;kom;1,69;0,12;;;1,75;9100000946870;Toaletne potrepštine
BIO KLICE ROTKVICE 70 g;309612;;0,0700;kg;2,19;31,29;;;2,19;3857500059482;Hrana
BIO KLICE BROKULE 70 g;309613;;0,0700;kg;2,19;31,29;;;2,19;3857500059468;Hrana
ÈIPS FREE FROM MORS.SOL 100 g;309630;SPAR free from;0,1000;kg;2,99;29,90;;;2,99;9100000822839;Hrana
DEO SPRAY AXE GOLD 150 ml;309633;Axe;0,1500;L;4,89;32,60;;;4,55;8710447249017;Kozmetika
ROLL-ON DOVE INVISIBLE 50 ml;309671;Dove;0,0500;L;5,20;104,00;;;5,20;59095958;Kozmetika
LED.ÈAJ FUZE LIMUN.TRAVA 1,5 L;309685;;1,5000;L;1,79;1,19;;;1,75;5449000239266;Piæa
DEO SP.DOVE INVISIBLE C.150 ml;309686;Dove;0,1500;L;5,20;34,67;;;5,20;8720181291562;Kozmetika
LED.ÈAJ FUZE LIMUN.TRAVA 0,5 L;309687;;0,5000;L;1,29;2,58;;;1,25;5449000239181;Piæa
LED.ÈAJ FUZE BRESKVA 0,5 L;309689;;0,5000;L;1,29;2,58;;;1,25;5449000239204;Piæa
TUNA S-BUDGET SUNC.ULJE 6X80 g;309690;S-Budget;0,3120;kg;5,99;19,20;;;5,99;8033954551559;Hrana
LED. ÈAJ FUZE ŠUMSK.VOÆE 0,5 L;309691;;0,5000;L;1,29;2,58;;;1,25;5449000239167;Piæa
LED.ÈAJ FUZE ŠUMSK.VOÆE 1,5 L ;309692;;1,5000;L;1,79;1,19;;;1,75;5449000239303;Piæa
LEDENI ÈAJ FUZE BRESKVA 1,5 L;309694;;1,5000;L;1,79;1,19;;;1,75;5449000239280;Piæa
KOMPOT NATUR PUR ANANAS 350 g.;309696;Natur pur;0,2000;kg;2,99;14,95;;;3,99;9100000794778;Hrana
OSV.SPLENDID ZA PER.POSUÐA 3/1;309707;Splendid;3,0000;kom;1,99;0,66;;;2,12;9100000746715;Sredstva za èišæenje
MODELIRAJUÆA GLINA TAFT 75 ml;309732;Taft;0,0750;L;4,49;59,87;;;4,19;9000101206012;Kozmetika
VINO ROSE KV.ERDUT  0,75 L;309742;;0,7500;L;4,99;6,65;;;6,99;3859889193177;Piæa
DEO SPRAY FA FIJI DREAM 150 ml;309747;Fa;0,1500;L;3,29;21,93;;;3,20;9000101092226;Kozmetika
BOJA PALETTE PNC BEŽ-PLAVA 9-1;309772;Palette;1,0000;kom;3,89;3,89;;;3,89;9000101206630;Kozmetika
BOJA SYOSS OLEO BEŽ PLAVA 8-05;309785;Syoss;1,0000;kom;6,49;6,49;;;6,49;9000100840965;Kozmetika
BOJA SYOSS OLEO MED.PLAVA 8-60;309790;Syoss;1,0000;kom;6,49;6,49;;;6,49;9000101086652;Kozmetika
BOJA SYOSS ULTRA P.PLAVA 10-55;309793;Syoss;1,0000;kom;6,19;6,19;;;5,59;9000101210453;Kozmetika
ARTIÈOKE S-BUDGET GRILL 280 g;309838;S-Budget;0,1700;kg;2,69;15,82;;;2,69;9100000802367;Hrana
RAJÈICA S-BUDGET SUŠENA 280 g;309841;S-Budget;0,1600;kg;2,16;13,50;;;2,99;9100000802404;Hrana
DIVLJA BRUSNICA S-BUDGET 400 g;309883;S-Budget;0,4000;kg;2,49;6,23;;;2,49;9100000802466;Hrana
VODA FIJI 1 L;309944;;1,0000;L;4,79;4,79;;;4,02;9417574000113;Piæa
VODA ROEMERQUELLE 1,5 L;309948;Römerquelle;1,5000;L;1,05;0,70;;;0,98;9031100004187;Piæa
SLADOLED HD MACAD.ŠTAPIÆ 80 ml;309977;Häagen Dazs;0,0800;L;;22,38;1,79;2,39;2,39;3415587421839;Hrana
DEO SP.MEN EXPERT SHIRT 150 ml;310046;LOREAL;0,1500;L;5,19;34,60;;;4,79;3600523595556;Kozmetika
DEO S.MEN EXPE.THERMIC 150 ml;310047;LOREAL;0,1500;L;5,19;34,60;;;4,79;3600523595563;Kozmetika
ROLL-ON MEN EXPERT THER.50 ml ;310054;LOREAL;0,0500;L;5,19;103,80;;;4,79;3600523595518;Kozmetika
ROLL-ON MEN EXPERT CARB.50 ml ;310055;LOREAL;0,0500;L;5,19;103,80;;;4,79;3600523595600;Kozmetika
ROLL-ON MEN EXPERT SHIRT 50 ml;310056;LOREAL;0,0500;L;5,19;103,80;;;4,79;3600523595617;Kozmetika
MICELARNA OTOPIN.OLIVAL 200 ml;310133;Olival;0,2000;L;4,69;23,45;;;3,89;3859893186448;Kozmetika
FLIPS PUFULETI GUSTO 85 g;310174;GUSTO;0,0850;kg;0,94;11,06;;;0,94;5941868200087;Hrana
KREMA AFRODITA CALENDUL.150 ml;310252;Afrodita;0,1500;L;4,99;33,27;;;4,99;3830001291919;Kozmetika
BADEMI SL.PRŽ.OLJUŠ.SPAR 125 g;310260;SPAR;0,1250;kg;2,39;19,12;;;2,29;9100000827469;Hrana
PIVO BENEDIKTINER PŠENIÈ.0,5 L;310261;Benediktiner;0,5000;L;1,99;3,98;;;2,02;4052197001281;Piæa
PIVO BITBURGER LIMENKA 0,5L;310263;Bitburger;0,5000;L;2,02;4,04;;;2,02;41024355;Piæa
MANGO POL.SPAR VITAL BIO 200 g;310264;SPAR Vital;0,2000;kg;6,49;32,45;;;5,7;9100000996202;Hrana
SMOKVA SUŠENA SPAR 200 g;310265;SPAR;0,2000;kg;2,49;12,45;;;2,19;8710671151964;Hrana
CAPPUCCINO FRANCK NOUGAT 148 g;310270;Franck;0,1480;kg;;22,23;3,29;3,89;3,89;3858881088627;Piæa
ŠAMP.BOTANIC THERA.HON.400 ml;310305;Bothanic therapy;0,4000;L;4,49;11,23;;;4,49;3600542114240;Kozmetika
REG.BOTANIC THERAPY HO. 200 ml;310306;Bothanic therapy;0,2000;L;3,59;17,95;;;3,59;3600542114127;Kozmetika
ŠAMP.BOTANIC THERAPY RI.400 ml;310312;Bothanic therapy;0,4000;L;4,49;11,23;;;4,49;3600542114400;Kozmetika
REG.BOTANIC THERAPY RIC 200 ml;310314;Bothanic therapy;0,2000;L;3,59;17,95;;;3,59;3600542114448;Kozmetika
BRE.10XEFFEC.TOTAL PROT.700 ml;310336;Bref;0,7000;L;2,29;3,27;;;2,29;9000101311297;Sredstva za èišæenje
BIO GREJP NATUR PUR 700 g;310378;SPAR Natur*pur;0,7000;kg;2,29;3,27;;;2,19;3831115306704;Hrana
BIO LUK LJUBIÈASTI NP 500 g;310382;SPAR Natur*pur;0,5000;kg;1,59;3,18;;;1,59;3831115306698;Hrana
BLAZINICE VATE TO.TO 60/1;310436;Jasmin Nature;60,0000;kom;2,99;0,05;;;2,99;3838985882109;Toaletne potrepštine
JUICE VINDI RAJÈICA 100% 1 L;310439;;1,0000;L;1,99;1,99;;;1,99;3850108074949;Piæa
TORTELL.S RICO./ŠPINA.FK 250 g;310459;SPAR Feine Küche;0,2500;kg;1,99;7,96;;;1,99;9100000104065;Hrana
NAP.MLI.VAN.SPAR 1,5%mm.250 ml;310460;SPAR marka kvalitete;0,2500;L;,79;3,16;;;0,79;9100000825786;Piæa
PIÆE ALOE VERA MANGO 0,5 L;310464;;0,5000;L;1,78;3,56;;;1,78;8801056024376;Piæa
DVOPEK S-BUDGET CLASSIC 640 g;310496;S-BUDGET;0,6400;kg;2,39;3,73;;;2,39;8033954553966;Hrana
MJEŠAVINA SVJEŽIH KOLAÈA 370 g;310659;;0,3700;kg;5,29;14,30;;;5,29;3858889615733;Hrana
MASKA EVELINE FACEMAD 2x5 ml;310692;Eveline;2,0000;kom;1,19;0,60;;;1,19;5901761955286;Kozmetika
SIR GOUDA REZ.NP BIO 175 g;310711;SPAR Natur*pur;0,1750;kg;2,99;17,09;;;2,99;9100000890746;Hrana
FOLIJA ALUMINIJSKA 8m;310714;;1,0000;kom;2,49;2,49;;;2,99;8009986016663;Proizvodi za kuæanstvo
FOLIJA ALUMINIJSKA 30 m;310715;;1,0000;kom;4,99;4,99;;;5,99;8009986016670;Proizvodi za kuæanstvo
FOLIJA ALUMINIJSKA 50m;310717;;1,0000;kom;14,99;14,99;;;14,99;8009986016687;Proizvodi za kuæanstvo
PAPIR ZA PEÈENJE 8m;310718;;1,0000;kom;1,99;1,99;;;2,79;8009986016694;Proizvodi za kuæanstvo
FOLIJA PRIJANJAJUÆA 30m;310720;;1,0000;kom;1,99;1,99;;;2,79;8009986016700;Proizvodi za kuæanstvo
KRPA SPUŽVASTA ANTIFUNGI 3/1;310734;;3,0000;kom;2,79;0,93;;;2,79;9001378424499;Proizvodi za kuæanstvo
ÈOKOLADNI ZEC ROCHER 60 g;310743;Ferrero;0,0600;kg;3,49;58,17;;;0,99;4008400173825;Hrana
KRUH SCHAR PAN BLANCO 250 g;310839;Schar;0,2500;kg;2,49;9,96;;;2,39;8008698024065;Hrana
KRUH SCHAR PAN RUST. BG.250 g;310841;Schar;0,2500;kg;2,89;11,56;;;2,89;8008698024188;Hrana
DŽEM BAKINA TAJNA ŠIPAK 375 g;310845;Bakina Tajna;0,3750;kg;3,99;10,64;;;3,99;8606102785368;Hrana
GOVEÐI NAREZAK ASCOMMER.100 g ;310846;Ascommerce;0,1000;kg;1,09;10,90;;;1,09;3858881333918;Hrana
PILEÆI NAREZAK ASCOMER.100 g;310849;Ascommerce;0,1000;kg;1,09;10,90;;;1,09;3858881333901;Hrana
HRANA ZA PSE FRISKIES 4X100 g;310851;Friskies;0,4000;kg;2,79;6,98;;;2,79;7613036213264;Proizvodi za kuæanstvo
BOMBONI S IGRAÈ. PIŠTOLJ 20 g;310868;Ajax;0,0200;kg;2,79;139,50;;;2,79;8714786282803;Hrana
GUM.BOMBONI CANDY ŠTAP.JA.80 g;310872;Ajax;0,0800;kg;1,39;17,38;;;1,39;8422885001385;Hrana
GUM.BOMBONI CANDY POJ.ŠAR.75 g;310873;Ajax;0,0750;kg;1,39;18,53;;;1,39;8422885074136;Hrana
KUPUS KIS BUÈ.ULJ.I ÈEŠ.250 g ;310894;;0,2200;kg;1,69;7,68;;;1,49;3859891493630;Hrana
KUPUS KIS ÈEŠNJ. I PAPR. 250 g;310895;;0,2200;kg;1,69;7,68;;;1,49;3859891493623;Hrana
KUPUS KIS ÈEŠNJ,PAP.CR.P 250 g;310897;;0,2200;kg;1,69;7,68;;;1,49;3859891493609;Hrana
NEKTAR JUICY ANANAS 1 L;310898;Juicy;1,0000;L;2,49;2,49;;;2,15;3858890970999;Piæa
GAZ.PIÆE COLA ZERO LEMON 0,5 L;310913;Coca-Cola;0,5000;L;1,25;2,50;;;1,19;5449000247964;Piæa
GAZ.PIÆE COCA-COLA ZERO 1,5 L;310916;Coca-Cola;1,5000;L;1,88;1,25;;;1,88;5449000133335;Piæa
VINO TUSSOCK JUMPER MAL.0,75 L;310918;;0,7500;L;10,02;13,36;;;10,02;3760204540128;Piæa
VINO TUSSOCK CAB.SAUVIG.0,75 L;310919;;0,7500;L;9,72;12,96;;;9,72;3760204540227;Piæa
GAZ.PIÆE COLA ZERO LEMON 1 L;310933;Coca-Cola;1,0000;L;1,59;1,59;;;1,48;5449000247988;Piæa
UNIV.MARAMICE SPLENDID 80/1;311002;Splendid;80,0000;kom;1,98;0,02;;;1,98;9100000947235;Sredstva za èišæenje
MARELICA SUHA SPAR 200 g;311003;SPAR;0,2000;kg;3,49;17,45;;;2,49;8710671151940;Hrana
KETCHUP SPAR BLAGI 650 g;311017;SPAR;0,6500;kg;2,59;3,98;;;2,59;9100000829272;Hrana
PIVO HOLSTEN 4X0,5 L LIMENKA;311019;Holsten;2,0000;L;3,81;1,91;;;3,81;3858887581887;Piæa
VINO BELJE FRANKOVKA 0,75 L;311024;;0,7500;L;7,05;9,40;;;7,05;3850257020514;Piæa
VINO PINOT B.KV.ILOÈ.P. 0,75 L;311026;;0,7500;L;7,05;9,40;;;6,89;3859889556507;Piæa
VINO KAPISTRAN C. IL 0,75 L;311027;;0,7500;L;6,85;9,13;;;6,85;3859892149277;Piæa
VINO LAGUNA MUŠKAT RUŽA 0,5 L;311029;;0,5000;L;;18,98;9,49;11,88;11,88;3858881191822;Piæa
VINO LAGUNA MUŠKAT ŽUTI 0,5 L;311030;;0,5000;L;9,25;18,50;;;9,19;3858881191846;Piæa
VINO AMBRA VR. VERALDA 0,75 L;311039;;0,7500;L;20,19;26,92;;;17,95;3859890332602;Piæa
VINO SAN GIOVANNI VERA.0,75 L;311044;;0,7500;L;24,02;32,03;;;24,02;3859890332626;Piæa
VINO REFOSCO VR.VERALDA 0,75 L;311045;;0,7500;L;13,29;17,72;;;12,29;3859890332619;Piæa
PJ.VINO ZERO BRUT VERAL.0,75 L;311047;;0,7500;L;18,99;25,32;;;20,22;3859890332565;Piæa
VINO ISTRIANA MALVAZIJA 0,75 L;311052;;0,7500;L;;13,32;9,99;13,59;11,79;3859890332633;Piæa
VINO VERALDA REFOŠ.ROSE 0.75 L;311053;;0,7500;L;10,99;14,65;;;9,78;3859890332282;Piæa
VAFEL PLOÈ.LJEŠ.S BUDGET 120 g;311066;S-Budget;0,1200;kg;1,69;14,08;;;1,69;9100000748764;Hrana
VINO ENJIN.PINOT CR.KB 0,75 L;311089;;0,7500;L;14,49;19,32;;;13,92;3859892375188;Piæa
SET SPUŽVICA ZA SUÐE 3/1;311130;;3,0000;kom;1,19;0,40;;;1,19;8009986003267;Proizvodi za kuæanstvo
PANCETA DIMLJENA NAREZAK 100 g;311145;KAŽUN;0,1000;kg;2,59;25,90;;;2,65;3858884936758;Hrana
PRŠUT NAREZAK 100 g;311154;KAŽUN;0,1000;kg;2,69;26,90;;;2,79;3858884936710;Hrana
ULJE MASLINOVO OL ISTRI.0,25 L;311176;Ol Istria;0,2500;L;9,69;38,76;;;8,79;3858881192485;Hrana
NAMAZ BAKALAR PREMIUM 165 g;311229;SPAR Premium;0,1650;kg;3,59;21,76;;;3,49;3856021206207;Hrana
SIR ZRNATI FREE FROM 200 g;311361;SPAR free from;0,2000;kg;1,49;7,45;;;1,49;9100000825700;Hrana
SIRNI NAMAZ NP BIO 200 g;311382;SPAR Natur*pur;0,2000;kg;2,25;11,25;;;2,25;9100000829647;Hrana
ŠAMPON S BUDGET PŠENICA 1 L;311481;S-Budget;1,0000;L;1,59;1,59;;;1,49;9100000015767;Kozmetika
GAZ.PIÆE COCA-COLA ZERO 0,33 L;311519;Coca-Cola;0,3300;L;1,08;3,27;;;1,22;5449000214799;Piæa
TUNA SALATA GIANA TEXAS 185 g ;311520;Giana;0,1850;kg;2,39;12,92;;;2,39;8595241502731;Hrana
TUNA SALATA GIANA ITALI.185 g;311521;Giana;0,1850;kg;2,39;12,92;;;2,39;8595241503349;Hrana
SLANUTAK GIANA 400 g;311547;Giana;0,2400;kg;1,09;4,54;;;1,06;8595241504872;Hrana
TUNA FJK ODREZAK U ULJU 2X80 g;311551;Franz Jozef Kaiser;0,1040;kg;;20,67;2,15;2,69;2,69;8595241510569;Hrana
GEL WC NET CRYSTAL PINK 750 ml;311552;Wc Net;0,7500;l;;2,12;1,59;2,75;2,75;8003650011954;Sredstva za èišæenje
TUNA FJK ODREZ.ULJE LIM.2X80 g;311554;Franz Jozef Kaiser;0,1040;kg;;20,67;2,15;2,69;2,69;8595241515243;Hrana
GEL WC NET CRYSTAL BLUE 750 ml;311556;Wc Net;0,7500;l;;2,12;1,59;2,75;2,75;8003650011930;Sredstva za èišæenje
MESNI NAREZAK S-BUDGET 100 g;311557;S-Budget;0,1000;kg;0,73;7,30;;;0,79;3856021205651;Hrana
PAŠTETA PODRAVKA KOKOŠJA 95 g;311569;Podravka;0,0950;kg;1,29;13,58;;;1,29;3858886469377;Hrana
ARANCINI SPAR 100 g;311639;SPAR;0,1000;kg;;7,60;0,76;1,09;1,09;9100000825175;Hrana
MIX ARANCINA I CITR.SPAR 100 g;311640;SPAR;0,1000;kg;;7,60;0,76;1,09;1,09;9100000825199;Hrana
KANDIRANE TREŠNJE SPAR 100 g;311641;SPAR;0,1000;kg;;13,90;1,39;1,99;1,99;9100000825236;Hrana
CITRONAT SPAR 100 g;311642;SPAR;0,1000;kg;;8,30;0,83;1,19;1,19;9100000825212;Hrana
ULOŠ.LIBR.ULTRA THIN NOÆNI 8/1;311658;Libresse;8,0000;kom;1,79;0,22;;;1,45;7322540918281;Toaletne potrepštine
PRAŠAK SANYTOL 450 g;311676;Sanytol;0,4500;kg;7,39;16,42;;;6,99;3045206382007;Sredstva za èišæenje
ELE.REFIL 3 VOL AMBI PUR 20 ml;311759;Ambi Pur;1,0000;kom;4,99;4,99;;;4,99;4015600570637;Sredstva za èišæenje
ODSTR.ŠMINKE NIVEA PINK 125 ml;311771;Nivea;0,1250;L;8,59;68,72;;;8,59;9005800348261;Kozmetika
TP ZEWA DELUXE 3SL.4/1;311792;Zewa;4,0000;kom;2,49;0,62;;;2,49;7322540313369;Toaletne potrepštine
VINO CASA DE CAMPO CHAR.0,75 L;311826;;0,7500;L;4,99;6,65;;;4,99;7804661041128;Piæa
ZUBNA PASTA AQUAFRESH 125 ml;311833;Aquafresh;0,1250;L;2,99;23,92;;;2,99;5054563204097;Kozmetika
ZUB.PASTA PARODONTAX 75 ml;311846;Parodontax;0,0750;L;;79,87;5,99;7,49;6,99;5054563948403;Kozmetika
ZUB.PASTA PARODONTAX 75 ml;311847;Parodontax;0,0750;L;;79,87;5,99;7,49;6,99;5054563948366;Kozmetika
MLIJEKO SUN KISS  F20 200ml;311876;Sun Kiss;0,2000;L;5,31;26,55;;;5,31;9100000960005;Kozmetika
ROLANA LOPATICA S KOŽOM VP;311907;S-Budget;1,0000;kg;7,49;7,49;;;7,49;3856021206306;Hrana
KAPSULE CAPPUCCINO DG 186,4 g;311928;Nescafe;0,1864;kg;5,49;29,45;;;6,49;7613036306270;Piæa
Sir istarski tvrdi Andro;312087;;1,0000;kg;19,90;19,90;;;19,90;3859892331597;Hrana
PRALINE KANDIT 280 g;312231;Kandit;0,2800;kg;3,99;14,25;;;3,99;3858889866616;Hrana
LOSION NIVEA MEN DEEP 100 ml;312232;Nivea;0,1000;L;11,29;112,90;;;11,29;9005800297392;Kozmetika
KETCHUP SPAR LJUTI 650 g;312237;SPAR;0,6500;kg;2,59;3,98;;;2,59;9100000829296;Hrana
SIR GORSKI CASEUS 340 g ;312247;;0,3400;kg;6,49;19,09;;;6,49;3857500021267;Hrana
SLAD.LEDO HAPPY TIME 6x120 ml;312298;Ledo;0,7200;l;4,99;6,93;;;4,99;3850116004655;Hrana
SLAD.MAGNUM ALMOND ÈAŠI.440 ml;312330;Magnum;0,4400;L;;12,93;5,69;7,69;7,69;8714100289983;Hrana
SPR.RAŠÈEŠLJANAC OLIVAL 100 ml;312341;Olival;0,1000;L;4,29;42,90;;;3,79;3859893186530;Kozmetika
ŠAM.I REG.KUPANAC OLIVA.200 ml;312351;Olival;0,2000;L;3,49;17,45;;;3,49;3859893186561;Kozmetika
ÈOK.MILKA OREO SANDWICH 92 g;312378;Milka;0,0920;kg;;16,20;1,49;2,49;2,49;7622210830043;Hrana
DEO SP.BOROTALCO CITRUS 150 ml;312411;Borotalco;0,1500;L;3,99;26,60;;;3,50;8002410043587;Kozmetika
DEO SPR.BOROTALCO SEA 150 ml;312414;Borotalco;0,1500;L;3,99;26,60;;;3,50;8002410043594;Kozmetika
KRE.AFRODITA KIDS NATURA.75 ml;312445;Afrodita;0,0750;L;5,09;67,87;;;5,09;3831070653646;Kozmetika
ŠAM.AFRODITA KID.NATURA.200 ml;312449;Afrodita;0,2000;L;4,49;22,45;;;4,49;3831070653622;Kozmetika
ŠAM.I KUP.AFRODIT.BABY 200 ml ;312451;Afrodita;0,2000;L;4,49;22,45;;;4,49;3831070653578;Kozmetika
ŠLAG LEDO 220 ml;312508;Ledo;0,2200;L;1,99;9,05;;;1,99;3850116506623;Hrana
NATUR PUR JUNEÆI GULAŠ;312519;SPAR Natur*pur;1,0000;KG;23,99;23,99;;;20,99;9100200545590;Hrana
NATUR PUR JUNEÆI ODRESCI (ŠOL);312520;SPAR Natur*pur;1,0000;KG;31,99;31,99;;;28,99;9100200545576;Hrana
KEKS DANSKI DESPAR PREM.454 g;312525;SPAR PREMIUM;0,4540;kg;;8,79;3,99;4,69;4,64;8001300803287;Hrana
KREKERI ELEPHANT SEZAM 80 g;312538;Filir;0,0800;kg;0,89;11,13;;;1,39;5949040201068;Hrana
KREKERI ELEPHANT SLANI 80 g;312539;Filir;0,0800;kg;0,89;11,13;;;1,39;5949040201044;Hrana
KOBASICA DOMAÆA DIMLJENA 300 g;312545;Pik;0,3000;kg;;14,30;4,29;4,49;4,49;3850139173512;Hrana
PITA OD JABUKA S-BUDGET 420 g;312586;S-BUDGET;0,4200;kg;4,09;9,74;;;4,09;3856021206184;Hrana
TOAST CLASSIC S-BUDGET 500 g;312587;S-BUDGET;0,5000;kg;0,99;1,98;;;0,99;3856021206221;Hrana
TOAST MASLAC S-BUDGET 500 g;312588;S-BUDGET;0,5000;kg;1,49;2,98;;;1,56;3856021206245;Hrana
TOAST SA SJEMEN.S-BUDGET 500 g;312589;S-BUDGET;0,5000;kg;1,39;2,78;;;1,39;3856021206269;Hrana
SLAD.B&J CHOC.FUDGE BRO.465 ml;312604;Ben & Jerry's;0,4650;L;8,79;18,90;;;8,79;8711327370708;Hrana
SLA.B&J STRAWBER.-CHEES.465 ml;312607;Ben & Jerry's;0,4650;L;8,79;18,90;;;8,79;8711327374126;Hrana
METLA SOBNA COLUMBIA;312609;;1,0000;kom;3,99;3,99;;;3,99;8009986016915;Proizvodi za kuæanstvo
Sir Maasdam kolut Visser Kaas;312612;;1,0000;kg;;7,99;7,99;11,99;11,94;4036300656872;Hrana
TUNA RIO MARE LEGGERO 3X60 g;312620;Rio Mare;0,1800;kg;5,89;32,72;;;5,89;8004030105041;Hrana
SIR ZRNATI BEZ LAKTOZE 200 g;312629;;0,2000;kg;2,49;12,45;;;2,29;3850355005673;Hrana
Kulen Dobro;312634;Dobro;1,0000;kg;25,99;25,99;;;24,99;93850133812854;Hrana
VODA JANA VIT.HAPPY NARA.1,5 L;312703;Jana;1,5000;L;1,79;1,19;;;1,79;3858890874044;Piæa
VODA JANA VIT.HAP.NARANÈ.0,5 L;312709;Jana;0,5000;L;1,19;2,38;;;1,19;3858890874013;Piæa
VINO TIKVEŠKO CRVENO 3 L BIB;312729;Tikves;3,0000;L;8,59;2,86;;;8,59;5310008006917;Piæa
VINO TIKVEŠ VRANEC 1 L;312730;Tikves;1,0000;L;4,39;4,39;;;4,39;5310008006184;Piæa
Sir trapist maðarski;312756;;1,0000;kg;15,29;15,29;;;15,29;5999884966159;Hrana
VINO ORMOŽ TRAMI.-MUŠK.0,75 L;312757;;0,7500;L;13,19;17,59;;;14,09;3830001609035;Piæa
VINO TRAMINEC VRH.0,75 L;312773;;0,7500;L;9,52;12,69;;;9,52;3830000340212;Piæa
VINO RAJ.RIZLING BOLFAN 0,75 L;312792;;0,7500;L;13,49;17,99;;;13,49;3858887542505;Piæa
GIN TONIC MG SPIRIT 0,275 L;312801;;0,2750;L;2,69;9,78;;;2,42;8411640001012;Piæa
PLOÈICA GO ON PROT.VANIL.50 g;312807;GO ON;0,0500;kg;1,49;29,80;;;1,49;5900617013101;Hrana
BOMBONI SMARTIES VEL.TUB.130 g;312809;Smarties;0,1300;kg;3,09;23,77;;;3,49;7613036274777;Hrana
PLOÈICA GO ON PRO.KAKAO 50 g;312811;GO ON;0,0500;kg;1,49;29,80;;;1,49;5900617013064;Hrana
PLOÈICA GO ON PROT.BRUS.50 g;312812;GO ON;0,0500;kg;1,49;29,80;;;1,49;5900617013149;Hrana
VINO KORTA KATARI.POŠIP 0,75 L;312813;;0,7500;L;30,62;40,83;;;30,62;3859891637355;Piæa
KETCHUP DEVELEY 250 ml;312827;Develey;0,2500;kg;2,79;11,16;;;2,79;4006824003544;Hrana
PIVO 5. ELEMENT STOUT 0,5 L;312831;;0,5000;L;2,55;5,10;;;2,62;3859892222529;Piæa
VINO PLAVAC BARR.PUTNIK.0,75 L;312833;;0,7500;L;7,72;10,29;;;7,72;3859889291170;Piæa
VINO ROSE PUTNIKOVIÆ 0,75 L;312838;;0,7500;L;6,29;8,39;;;5,89;3859889291408;Piæa
VINO ROSE ANTUNOVIÆ 0,75 L;312851;;0,7500;L;9,99;13,32;;;11,99;3859892364182;Piæa
KRUŠNE MRVICE SA SEZAMOM 500 g;312925;;0,5000;kg;1,55;3,10;;;1,55;3859892992033;Hrana
KRUŠNE MRVICE MOJ KRUH 500 g ;312926;;0,5000;kg;1,27;2,54;;;1,46;3859892992026;Hrana
GIN TANQUERAY TEN  0,7 L;312941;;0,7000;L;39,99;57,13;;;51,99;5000281020761;Piæa
WHISKEY JW GOLD RESERVE 0,7 L;312949;;0,7000;L;77,99;111,41;;;77,99;5000267197609;Piæa
Sal. panonica s chili paprikom;312954;Gavrilovic;1,0000;kg;22,49;22,49;;;22,49;3858881226104;Hrana
Salama panonica s paprom;312955;Gavrilovic;1,0000;kg;22,49;22,49;;;22,49;3858881228467;Hrana
BOTANICA PER.PIINK ROSE 20 g  ;313044;;1,0000;kom;4,69;4,69;;;5,3;3858893370864;Piæa
BOTANICA HIBUSKUS FLOWER 20 g;313046;;1,0000;kom;4,69;4,69;;;5,29;3858893370871;Piæa
SKUŠA FJK DIMLJENI FILET 170 g;313065;Franz Jozef Kaiser;0,0920;kg;;25,98;2,39;2,99;2,99;8594012796409;Hrana
TJE.BARILLA FARFALLE INT.500 g;313080;Barilla;0,5000;kg;3,49;6,98;;;3,49;8076809532440;Hrana
KAVA FRANCK JUB.SENSUAL 250 g;313089;Franck;0,2500;kg;5,39;21,56;;;5,39;3858881088658;Piæa
KAVA FRANCK JUB.INTENSE 250 g;313091;Franck;0,2500;kg;5,39;21,56;;;5,39;3858881088641;Piæa
KEKS CIOCCOGRANO MB 330 g;313098;Mulino Bianco;0,3300;kg;3,19;9,67;;;4,59;8076809573757;Hrana
MLIJ.BECUTAN SPF30 175ml;313099;Becutan;0,1750;L;13,59;77,66;;;13,59;5310001243128;Kozmetika
REGENERATOR ELSEVE COCO 200 ml;313132;Elseve;0,2000;L;4,49;22,45;;;4,39;3600523629763;Kozmetika
ŠAMPON ELSEVE COCO 250 ml;313145;Elseve;0,2500;L;4,49;17,96;;;4,39;3600523629749;Kozmetika
ÈIPS ZIGANTE S TARTUFIMA  50 g;313164;Zigante;0,0500;kg;3,25;65,00;;;3,25;3858891980256;Hrana
KOBASICA KRANJSKA 300 g;313194;Podravka;0,3000;kg;4,09;13,63;;;3,99;3856020213602;Hrana
DEO S.OLD SPICE ORIGINA.150 ml;313206;Old Spice;0,1500;L;3,49;23,27;;;3,85;4084500479784;Kozmetika
KULEN NAREZAK 80 g NARESCI;313229;Podravka;0,0800;kg;2,19;27,38;;;1,95;3856020213244;Hrana
KOBASICA ZIMSKA 80 g;313231;Podravka;0,0800;kg;2,19;27,38;;;2,19;3856020213183;Hrana
ÈAJNA KOBASICA 80 g NARESCI;313233;Podravka;0,0800;kom;2,19;27,38;;;1,95;3856020213121;Hrana
GEL TU.OLD SPICE BGLOVE 400 ml;313234;Old Spice;0,4000;L;2,99;7,48;;;3,85;8001090533869;Kozmetika
GEL TUŠ.OLD SPICE WHITE.400 ml;313236;Old Spice;0,4000;L;2,99;7,48;;;3,85;8700216856812;Kozmetika
ŠAMP.PANTENE VOLUME 400 ml;313242;Pantene;0,4000;L;4,99;12,48;;;5,59;5410076561469;Kozmetika
VODA SMARTWATER 1,1 L;313261;;1,1000;L;1,79;1,63;;;1,49;5449000243089;Piæa
VODA SMARTWATER 0,6 L;313263;;0,6000;L;1,29;2,15;;;1,25;5449000034335;Piæa
ULJE MASL.DJ.EX.BIO ORG. 0,5 L;313288;Orgula;0,5000;L;7,69;15,38;;;7,69;3859890446187;Hrana
NAMAZ OD PATLIDŽAN.MEL.S.200 g;313304;Sana;0,2000;kg;3,29;16,45;;;3,45;3859892873219;Hrana
SRED.SANYTOL KUHINJA 500 ml;313337;Sanytol;0,5000;L;3,59;7,18;;;3,39;3045206392006;Sredstva za èišæenje
TARTAR THOMY VREÆICA 80 g;313345;Thomy;0,0800;kg;0,99;12,38;;;1,15;8445291314948;Hrana
UMAK ÈILI THOMY 80 g;313347;Thomy;0,0800;kg;1,15;14,38;;;1,15;8445291314962;Hrana
UMAK ÈEŠNJAK THOMY 80 g;313348;Thomy;0,0800;kg;1,15;14,38;;;1,15;8445291314924;Hrana
NAM.LINO LADA GOLD STAK.350 g;313371;Podravka;0,3500;kg;3,29;9,40;;;3,99;3856020213572;Hrana
MAS.ZA K.FRUCTIS BANANA 390 ml;313376;Garnier;0,3900;L;7,49;19,21;;;7,49;3600542135993;Kozmetika
GRILL BURGER 400 g;313386;;0,4000;kg;3,69;9,23;;;3,69;3850139446708;Hrana
POSL.ZA PSE PEDIG.BISC.400 g;313407;Pedigree;0,4000;kg;3,99;9,98;;;3,99;5010394986052;Proizvodi za kuæanstvo
POSL.ZA PSE PEDIG.MARK.500 g;313410;Pedigree;0,5000;kg;3,99;7,98;;;3,99;5010394996587;Proizvodi za kuæanstvo
HRANA ZA MAÈ.SHEBA RIBA 4X85 g;313411;Sheba;0,3400;kg;3,29;9,68;;;3,29;4770608255725;Proizvodi za kuæanstvo
HRANA ZA MAÈ.SHEBA PER.6X50 g;313413;Sheba;0,3000;kg;3,29;10,97;;;3,29;4770608265892;Proizvodi za kuæanstvo
HRANA ZA MAÈ.SHEBA PIL.6X50 g;313414;Sheba;0,3000;kg;3,29;10,97;;;3,29;4770608265984;Proizvodi za kuæanstvo
HRANA ZA MAÈ.SHEBA RIBA 6X50 g;313415;Sheba;0,3000;kg;3,29;10,97;;;3,29;4770608266103;Proizvodi za kuæanstvo
PIVO NIKSIÈKO LIMENKA 0,5 L;313458;;0,5000;L;1,65;3,30;;;1,58;3850131004920;Piæa
VINO SAUVIGNON BOLFAN 0,75 L;313459;;0,7500;L;16,09;21,45;;;16,09;3858887541447;Piæa
VINO PINOT CRNI BOLFAN 0,75 L;313460;;0,7500;L;15,99;21,32;;;15,99;3858887542116;Piæa
PIVO KRUŠOVICE 4X0,5 L LIM.;313490;;2,0000;L;5,79;2,90;;;5,81;8594009922699;Piæa
DET.FROSC.ZA S.BADEMOVO 750 ml;313560;Frosch;0,7500;L;2,39;3,19;;;2,39;4009175933980;Sredstva za èišæenje
KISELI KUPUS DROGA 660 g;313564;Droga Kolinska;0,4000;kg;2,89;7,23;;;2,89;3830042563174;Hrana
PANONICA S PAPROM NAREZAK 80 g;313567;Gavrilovic;0,0800;kg;2,35;29,38;;;2,35;3858881224155;Hrana
PANONICA S CHILIJEM NAR. 80 g;313571;Gavrilovic;0,0800;kg;2,35;29,38;;;2,35;3858881228726;Hrana
BRISAÈ PODA SPRAY MOP;313595;;1,0000;kom;19,99;19,99;;;19,99;8009986016779;Proizvodi za kuæanstvo
KRPICA REZ.ZA SPRAY MOP ;313596;;1,0000;kom;4,99;4,99;;;4,99;8009986016786;Proizvodi za kuæanstvo
PAHULJICE SCHAR BG.250 g;313611;Schar;0,2500;kg;3,49;13,96;;;3,49;8008698002223;Hrana
TJESTENINA SCHAR PEN.BG.250 g;313613;Schar;0,2500;kg;1,99;7,96;;;1,99;8008698010051;Hrana
TJESTENINA SCHAR FUS.BG.250 g;313622;Schar;0,2500;kg;1,99;7,96;;;1,99;8008698010075;Hrana
TJESTENINA SCHAR SPAG.BG.250 g;313624;Schar;0,2500;kg;1,99;7,96;;;1,99;8008698010037;Hrana
PROTEINSKA ZOB.KAŠA ÈOK.65 g;313628;Encian;0,0650;kg;1,59;24,46;;;1,59;3858890102659;Hrana
GIN GORDONS PINK 0,7 L;313634;;0,7000;L;20,49;29,27;;;21,89;5000289929417;Piæa
VINO POŠIP GARBIN. 5 B.0,75 L;313636;;0,7500;L;21,09;28,12;;;21,09;3859892748029;Piæa
BOMBONI GUM.HERBA NAR.ÐUM.90 g;313654;Sumi;0,0900;kg;1,09;12,11;;;1,19;3838700041163;Hrana
ZAÈ.PAPAR ŠARENI KOTANYI 70 g;313706;Kotanyi;0,0700;kg;3,59;51,29;;;3,18;9001414709603;Hrana
ZAÈ.PAPRIKA DIMLJ.KOTANYI 50 g;313711;Kotanyi;0,0500;kg;1,79;35,80;;;1,59;9001414209141;Hrana
BILJ.KRE.KUH.VEGGIE ZOB 200 ml;313719;SPAR Veggie;0,2000;l;1,39;6,95;;;1,39;9100000826493;Piæa
PATRONE WILKINSON SILK 3/1;313722;Wilkinson;3,0000;kom;10,69;3,56;;;12,99;4027800006007;Kozmetika
PUDING SPECIAL CHEESCAKE 75 g;313724;Dr. Oetker;0,0750;kg;1,19;15,87;;;1,19;5997381363037;Hrana
BRI.WILKINSON HYD.5+1 PATRONA;313727;Wilkinson;1,0000;kom;7,39;7,39;;;9,49;4027800039432;Kozmetika
ULJE ZA KOSU KOKOS RICIN.60 ml;313741;Olival;0,0600;L;4,99;83,17;;;4,29;3859893186486;Kozmetika
ULJE ZA KOSU RICINUS 60 ml;313742;Olival;0,0600;L;3,95;65,83;;;3,79;3859893186202;Kozmetika
VODA IZVORSKA SURPRISE 0,3 L;313756;;0,3000;L;1,79;5,97;;;1,62;8594023925607;Piæa
HRANA ZA MAÈ.GOURM.TUNA 6X50 g;313771;Gourmet;0,3000;kg;3,09;10,30;;;2,78;7613036860024;Proizvodi za kuæanstvo
HRA.ZA MAÈKE GOURM.PILE.6X50 g;313772;Gourmet;0,3000;kg;3,09;10,30;;;3,09;7613036861175;Proizvodi za kuæanstvo
ŽITNA KAŠICA ÈOKOL.BABY 210 g;313786;Èokolino;0,2100;kg;2,59;12,33;;;2,59;3856020211073;Hrana
PRŠUT DALM.PIVAC NAREZAK 100 g;313787;Pivac;0,1000;kg;3,19;31,90;;;3,49;3858884994406;Hrana
BIO KRASTAVAC SALATAR NP;313814;SPAR Natur*pur;1,0000;kom;1,99;1,99;;;1,06;8435320666315;Hrana
GIN CUBICAL BOTANIC KISS 0,7 L;313820;;0,7000;L;29,99;42,84;;;34,54;8410028901586;Piæa
VINO GRAŠ.PRINCIP.ILOK 0,75 L;313821;;0,7500;L;27,52;36,69;;;27,52;3859892149031;Piæa
VINO TRAMINAC PRINC.IL.0,75 L ;313822;;0,7500;L;27,52;36,69;;;27,52;3859892149079;Piæa
PJENUŠ. VINO PERLA ROSE 0,75 L;313823;;0,7500;L;12,99;17,32;;;14,22;3858881194373;Piæa
GIN REBEL 0,7 L;313841;;0,7000;L;15,99;22,84;;;20,02;3850158200909;Piæa
VINO KUTJEVO ROSE 0,75 L;313842;;0,7500;L;6,49;8,65;;;6,49;3850156001072;Piæa
VINO KUTJEVO CHARD.0,75 L;313843;;0,7500;L;;11,99;8,99;10,02;10,02;3850156001102;Piæa
PIÆE ALOE VERA GROŽÐE 0,5L;313877;;0,5000;L;1,78;3,56;;;1,78;8801056039660;Piæa
NADJEV LJEŠNJ.SPAR 250 g;313913;SPAR;0,2500;kg;;6,96;1,74;2,49;2,49;9100000828305;Hrana
NADJEV MAK SPAR 250 g;313916;SPAR;0,2500;kg;;5,00;1,25;1,79;1,79;9100000828343;Hrana
NADJEV ORAH SPAR 250 g;313918;SPAR;0,2500;kg;;5,56;1,39;1,99;1,99;9100000828367;Hrana
MELEM ZA USNE RUŽA 4,5 g;313973;Melem;1,0000;kom;;1,90;1,90;3,30;3,79;3856007905773;Kozmetika
ŠKROB SPAR KUKURUZ 350 g;314005;SPAR;0,3500;kg;;3,57;1,25;1,79;1,79;9100000045771;Hrana
VOÆ.NAM.PREMIUM MALINA 250 g;314061;Premium;0,2500;kg;4,19;16,76;;;4,19;9100000764955;Hrana
VOÆ.NAM.PREMIUM NARANÈA 250 g;314062;Premium;0,2500;kg;4,19;16,76;;;4,19;9100000764986;Hrana
GROŽÐICA NATURA SUHA 100 g;314102;Natura;0,1000;kg;1,09;10,90;;;1,09;3859893124815;Hrana
GRANOLA SANTE NUT 350 g;314136;;0,3500;kg;3,99;11,40;;;3,90;5900617002976;Hrana
RAJÈICA KOKTEL VH  500 g;314154;SPAR Vrtovi Hrvatske;0,5000;kg;2,69;5,38;;;2,69;3856021206702;Hrana
RAJÈICA PAPELETTO VH  400 g;314155;SPAR Vrtovi Hrvatske;0,4000;kg;2,39;5,98;;;2,69;3856021206726;Hrana
KRASTAVAC SALATAR VH kom;314157;SPAR Vrtovi Hrvatske;1,0000;KOM;1,49;1,49;;;0,89;3859889267670;Hrana
RAJÈICA CHERRY VH 250 g ;314160;SPAR Vrtovi Hrvatske;0,2500;kg;2,39;9,56;;;2,39;3856021207181;Hrana
ŠAMPINJONI SMEÐI VH 250 g ;314186;SPAR Vrtovi Hrvatske;0,2500;kg;1,29;5,16;;;1,29;3856021215780;Hrana
BUKOVAÈA  VH 250 g;314195;SPAR Vrtovi Hrvatske;0,2500;kg;1,39;5,56;;;1,39;3856021228919;Hrana
ÈOKOLADA S RIŽOM SPAR 200 g;314217;SPAR;0,2000;kg;2,99;14,95;;;2,99;3856021206054;Hrana
ŠAMPINJ.BUCKA.MAXI VH 200 g;314220;SPAR Vrtovi Hrvatske;0,2000;kg;1,59;7,95;;;1,59;3856021207129;Hrana
ŠAMPI. BIJELI/SMEÐI VH 400 g;314224;SPAR Vrtovi Hrvatske;0,4000;kg;2,09;5,23;;;2,09;3856021207020;Hrana
ŠAMPINJONI VH 250 g ;314226;SPAR Vrtovi Hrvatske;0,2500;kg;1,19;4,76;;;1,19;3856021213960;Hrana
ŠAMPINJO.NAREZANI VH 200 g;314229;SPAR Vrtovi Hrvatske;0,2000;kg;1,19;5,95;;;1,19;3856021207068;Hrana
DRAŽEJE SPAR PREMIUM 200 g;314230;SPAR PREMIUM;0,2000;kg;;21,95;4,39;5,49;5,49;3856021206160;Hrana
SHII-TAKE VH 100 g;314231;SPAR Vrtovi Hrvatske;0,1000;kg;1,79;17,90;;;1,79;3856021206801;Hrana
KOLAÈIÆI BAKINI 500 g;314246;;0,5000;kg;2,78;5,56;;;2,78;3830042310990;Hrana
KETCHUP BEZ DOD.ŠEÆ.SPAR 615 g;314248;SPAR;0,6150;kg;2,59;4,21;;;2,59;9100000829319;Hrana
GAZ.PIÆE COCA COLA 6X0,33L;314286;Coca-Cola;1,6500;L;5,25;3,18;;;5,73;5000112652857;Piæa
GAZ.PIÆE COLA COLA ZERO6X0,33L;314287;Coca-Cola;1,6500;L;5,25;3,18;;;5,73;5000112652871;Piæa
RAKIJA ZLATNA ŠLJIVA 0,7 L;314297;;0,7000;L;18,62;26,60;;;17,29;3870474000564;Piæa
RAKIJA VILJAMOVKA 0,7 L CC;314298;;0,7000;L;22,08;31,54;;;20,29;3870474000472;Piæa
LIKER ZLATNI PELIN 28% 1 L;314299;;1,0000;L;14,82;14,82;;;14,82;3870474000878;Piæa
GIN THE BOTANIST 46% 0,7 L;314300;;0,7000;L;42,99;61,41;;;41,22;5055807400596;Piæa
KAŠICA HIPPIS JAB.BAN.BR.100 g;314355;Hipp;0,1000;kg;1,35;13,50;;;1,35;4062300319820;Hrana
MLIJEKO SVJ.NP BIO STAKL.1 L;314383;SPAR Natur*pur;1,0000;L;2,29;2,29;;;2,29;9100000155982;Hrana
SIR KOZJI GOAT FARM CUBE 200 g;314399;Euroser;0,2000;kg;5,19;25,95;;;4,69;5902431270531;Hrana
SIR CHEDDAR BIJELI DUBL.150 g;314401;Euroser;0,1500;kg;2,99;19,93;;;2,99;5902431270456;Hrana
ÈOKOLADNA KREM BANANA 544 g;314447;Evropa;0,5440;kg;6,29;11,56;;;6,29;5310002154430;Hrana
BOJA COLOR SENSATION S9 SILVER;314449;Garnier;1,0000;kom;5,29;5,29;;;4,99;3600541914070;Kozmetika
SIRNI NAM.PAP.CHILLI SB 150 g;314465;S-BUDGET;0,1500;kg;1,49;9,93;;;1,49;9100000829197;Hrana
ZAÈIN MAGGI FIX  LOVAÈKI 42 g;314495;Maggi;0,0420;kg;1,49;35,48;;;1,69;7613287113061;Hrana
ULJE MASL.EXT.DJ.SALVADORI 1 L;314500;;1,0000;L;9,99;9,99;;;12,99;8008460533313;Hrana
FLIPS BABY LINO 25 g;314519;Lino;0,0250;kg;1,89;75,60;;;1,90;3850104268618;Hrana
ÈAJ AGRISTAR ZELE.ÐUM.LIM.40 g;314589;Agristar;0,0400;kg;2,19;54,75;;;2,19;3858886504825;Piæa
TRAJ.KOLAÈ.DESPAR JOGURT 400 g;314630;DESPAR;0,4000;kg;2,49;6,23;;;2,29;8001300501855;Hrana
TRAJ.KOLAÈ DESPAR INTEGRA.400g;314632;DESPAR;0,4000;kg;2,49;6,23;;;2,29;8001300501862;Hrana
PESTO BARILLA BASIL.VEG. 195 g;314687;Barilla;0,1950;kg;4,99;25,59;;;4,99;8076809572569;Hrana
PIVO KOZEL SVIJETLO 0,5 L LIM.;314718;Kozel;0,5000;L;1,58;3,16;;;1,58;8594404005782;Piæa
VINO TERRA MADRE ROSE 0,75 L;314727;;0,7500;L;8,99;11,99;;;8,99;3859893386121;Piæa
VINO TERRA MADRE POŠIP 0,75 L;314728;;0,7500;L;15,99;21,32;;;15,99;3859893386138;Piæa
VINO TERRA MADRE PLAVAC 0,75 L;314729;;0,7500;L;7,79;10,39;;;7,79;3859893386107;Piæa
VINO TERRA MADRE PL.BA. 0,75 L;314730;;0,7500;L;12,99;17,32;;;12,99;3857500025500;Piæa
VINO NOVACCO MUŠKAT 0,5 L;314733;;0,5000;L;13,22;26,44;;;13,22;3857500069634;Piæa
VINO NOVACCO SAUV.BLANC 0,75 L;314735;;0,7500;L;10,92;14,56;;;10,92;3857500069610;Piæa
VINO NOVACCO MALVAZIJA 0,75 L;314736;;0,7500;L;13,22;17,63;;;13,22;3857500069603;Piæa
VINO PRELAC REFOŠK 0,75 L;314746;;0,7500;L;17,29;23,05;;;17,29;3857500021953;Piæa
VINO PRELAC MUŠKAT 0,75 L;314747;;0,7500;L;16,19;21,59;;;16,19;3857500021915;Piæa
GEL TUŠ.AXE BLACK 400 ml;314760;Axe;0,4000;L;4,99;12,48;;;4,99;8710447284117;Kozmetika
GAZIRANO PIÆE PIPI 0,5 L;314782;Pipi;0,5000;L;1,12;2,24;;;1,12;3870183400006;Piæa
VINO BAKIN CUVEE NOIR 0,75 L;314788;;0,7500;L;6,72;8,96;;;6,72;3859890332572;Piæa
VINO BAKIN MALVAZIJA 0,75 L;314789;;0,7500;L;6,78;9,04;;;6,78;3859890332640;Piæa
LIKER JAGERM. 0,7 L POK. PAK.;314790;;0,7000;L;18,42;26,31;;;18,42;3859890211730;Piæa
IZOTONIÈNO PIÆE HIDRA 0,5 L;314798;;0,5000;L;;2,06;1,03;1,29;1,22;3850131005118;Piæa
VINO BELJE CABERNET SAUV.1 L;314802;;1,0000;L;7,05;7,05;;;7,05;3850257021375;Piæa
VINO BELJE ROSE 0,75 L;314804;;0,7500;L;9,05;12,07;;;9,05;3850257021160;Piæa
VINO TUSSOCK SHIRAZ 0,75 L;314811;;0,7500;L;12,42;16,56;;;12,42;3760204540135;Piæa
GEL.TUŠ.L´ANGELICA ALOA 500 ml;314867;L´Angelica;0,5000;L;2,59;5,18;;;2,99;8017331076798;Kozmetika
GEL.TUŠ.L´ANGELICA KURK.500 ml;314868;L´Angelica;0,5000;L;2,59;5,18;;;2,99;8017331076811;Kozmetika
DRESING CESARS STAKLO 230 ml ;314926;;0,2300;L;2,69;11,70;;;2,69;4006824006538;Hrana
MASLINE PREMIUM 380 g;314948;SPAR PREMIUM;0,2200;kg;7,99;36,32;;;7,99;9100000828855;Hrana
MASLINE NATUR PUR KALAM.360 g;314957;Natur pur;0,1900;kg;3,99;21,00;;;3,99;9100000708003;Hrana
MASLINE NATUR PUR ZEL.BK.360 g;314961;Spar Natur pur;0,1900;kg;3,99;21,00;;;3,99;9100000763002;Hrana
COCKTAIL MARGARITA 0,33 L;315025;;0,3300;L;;3,61;1,19;1,69;1,59;4740098002895;Piæa
COCKT. T-QUILA SUNRISE 0,33 L;315026;;0,3300;L;;3,61;1,19;1,69;1,59;4740098002970;Piæa
KRUMPIRIÆI DIPPERS SPAR 600 g;315074;SPAR Qualitätsmarke;0,6000;kg;2,99;4,98;;;2,79;9100000828800;Hrana
KRUMPIR REŠETKASTI SPAR 600 g;315076;SPAR Qualitätsmarke;0,6000;kg;2,99;4,98;;;2,65;9100000828824;Hrana
VINO GRAŠEVINA MIHALJ 0,75 L;315077;;0,7500;L;10,22;13,63;;;10,22;3859892098018;Piæa
VINO POŠIP MILINA VRH. 0,75 L;315081;;0,7500;L;;15,99;11,99;14,59;13,48;3857500081803;Piæa
VINO MERLOT CRNOGOR.VRH.0,75 L;315090;;0,7500;L;;6,65;4,99;6,62;6,62;3899003001025;Piæa
VINO CABERNET CRNOG.VRH 0,75 L;315093;;0,7500;L;;6,65;4,99;6,62;6,62;3899003001032;Piæa
KEKS OREO DOUBLE 157 g;315094;Oreo;0,1570;kg;1,85;11,78;;;1,59;7622210148483;Hrana
VINO VRANAC CRNOGOR.VRH.0,75 L;315095;;0,7500;L;;6,65;4,99;6,62;6,62;3899003001001;Piæa
VINO VRANAC PROCOR. VRH.0,75 L;315096;;0,7500;L;10,09;13,45;;;10,95;3899003001018;Piæa
MICELARNE MAR.BEAUTY KISS 25/1;315102;Beauty Kiss;25,0000;kom;0,89;0,04;;;0,89;9100000948676;Kozmetika
VINO MERLOT MIHALJ VRH. 0,75L;315110;;0,7500;L;10,68;14,24;;;10,68;3859892098209;Piæa
PRŠUT NAREZAK PIVAC 100 g;315127;Pivac;0,1000;kg;;29,90;2,99;3,29;3,29;3858884994857;Hrana
PANCETA DALM.NAR. PIVAC 100 g;315135;Pivac;0,1000;kg;2,59;25,90;;;2,59;3858890183023;Hrana
VINO TOMIÆ POŠIP 0,75 L;315141;;0,7500;L;19,42;25,89;;;19,42;3859889164375;Piæa
BRIT.GILLETTE BLUE 3 COOL 3/1;315208;Gillette;3,0000;kom;3,79;1,26;;;3,99;7702018457229;Kozmetika
BRIT.GILLETTE BLUE 3 COOL 6+2;315211;Gillette;6,0000;kom;7,49;1,25;;;7,29;7702018457342;Kozmetika
BRIT.GILL.SIMPLY VENUS 3 4/1;315213;Gillette;4,0000;kom;4,19;1,05;;;4,19;8700216143608;Kozmetika
ÐUMBIR LISTIÆI NATURA 125g;315270;Natura;0,1250;kg;2,49;19,92;;;2,25;3859893124723;Hrana
KIKIRIKI OLJ.PEÈ.NESL.NA.200 g;315271;Natura;0,2000;kg;1,89;9,45;;;1,89;3859893124730;Hrana
GINGER ALE SPAR 1 L;315376;SPAR;1,0000;L;1,19;1,19;;;1,12;9100000044309;Piæa
PRŠUT NAREZAK 500 g;315385;Pivac;0,5000;kg;13,99;27,98;;;13,99;3858890183306;Hrana
SIR CHEDDAR CRVE.RIBANI 150 g;315396;;0,1500;kg;2,79;18,60;;;2,78;5902431271439;Hrana
Sir polutvrdi Dimi Spar;315412;SPAR marka kvalitete;1,0000;kg;11,99;11,99;;;11,99;3856021205088;Hrana
SLAD.ÈOK.LJEŠ.INDY&PIPPA 350 g;315420;Indy & Pippa;0,3500;kg;6,63;18,94;;;6,63;3831110701320;Hrana
SLAD.LJEŠNJAK INDY&PIPPA 350 g;315421;Indy & Pippa;0,3500;kg;6,63;18,94;;;6,63;3831110700316;Hrana
SLAD.ÈOKOLADA INDY&PIPPA 350 g;315423;Indy & Pippa;0,3500;kg;6,63;18,94;;;6,63;3831110700255;Hrana
SLA.BOROVNICA INDY&PIPPA 350 g;315424;Indy & Pippa;0,3500;kg;6,63;18,94;;;6,63;3831110700279;Hrana
Èešnjak VH rfs;315444;SPAR Vrtovi Hrvatske;1,0000;kg;5,49;5,49;;;4,99;3858893252634;Hrana
VAFEL ROLICE SWING VANIL.150 g;315513;DUPIN;0,1500;kg;;9,27;1,39;1,69;1,69;5908234805642;Hrana
VAFEL ROL.SWING LJEŠNJ.150 g;315514;DUPIN;0,1500;kg;;9,27;1,39;1,69;1,69;5908234805666;Hrana
S ŠTAPIÆI ZA RAŽNJIÆ.30cm 35/1;315530;SIMPEX;35,0000;kom;,79;0,02;;;0,79;9100000632599;Proizvodi za kuæanstvo
S ŠTAPIÆI ZA RAŽNJIÆ.20cm 50/1;315531;SIMPEX;50,0000;kom;,92;0,02;;;0,92;9100000632605;Proizvodi za kuæanstvo
SI ŠTAPIÆI ZA KANAPEE 9cm100/1;315532;SIMPEX;100,0000;kom;1,45;0,01;;;1,45;9100000632612;Proizvodi za kuæanstvo
SI ŠTAPIÆI ZA KANAPEE15cm 70/1;315533;SIMPEX;70,0000;kom;1,45;0,02;;;1,45;9100000632629;Proizvodi za kuæanstvo
SI ŠTAPIÆI ZA KANAPEE25cm 50/1;315534;SIMPEX;50,0000;kom;1,45;0,03;;;1,45;9100000632636;Proizvodi za kuæanstvo
Šeæer kristal 25/1 kg;315535;;25,0000;kg;22,99;0,92;;;24,99;9012501003276;Hrana
ÈAJ TWININGS ÐUMBIR LIMUN 30 g;315573;Twinings;0,0300;kg;4,19;139,67;;;4,19;0070177177669;Piæa
RAHATLOKUM ADRIA LAVANDA 180 g;315596;Adria;0,1800;kg;1,28;7,11;;;1,28;3858890265545;Hrana
KAŠICA HIPPIS JAB.BOR.AR.100 g;315605;Hipp;0,1000;kg;1,35;13,50;;;1,35;4062300319882;Hrana
ÈIPS SPAR VRHNJE I LUK 170 g;315608;SPAR;0,1700;kg;2,99;17,59;;;2,99;8710671202673;Hrana
ÈIPS SPAR ORIGINAL 170 g;315612;SPAR;0,1700;kg;2,99;17,59;;;2,99;8710671152527;Hrana
ÈIPS SPAR PAPRIKA 170 g;315614;SPAR;0,1700;kg;2,99;17,59;;;2,99;8710671204097;Hrana
FLIPS KROKI KROKET KETCH.120 g;315631;Chio;0,1200;kg;1,59;13,25;;;1,59;3856021303555;Hrana
BIO BOROVNICA 125 g;315635;;0,1250;kg;1,99;15,92;;;2,29;8438001479426;Hrana
BOM.NIMM2 SOFIES JOGURT 90 g;315639;Nimm 2;0,0900;kg;1,25;13,89;;;1,25;4014400936537;Hrana
BOM.NIMM2 SOFIES VOÆNI 90 g;315641;Nimm 2;0,0900;kg;1,25;13,89;;;1,25;4014400917062;Hrana
VODA ZA USTA LISTERINE 500 ml;315642;Listerine;0,5000;L;6,49;12,98;;;6,29;5010123714383;Kozmetika
BOMBONI NIMM2 HAPPIES 180 g;315643;Nimm 2;0,1800;kg;1,59;8,83;;;1,79;4014400925784;Hrana
VODA ZA USTA LISTERINE 500 ml;315644;Listerine;0,5000;L;6,49;12,98;;;6,29;3574661397535;Kozmetika
GEL ZA BRIJAN.GILLETTE 200 ml;315646;Gillette;0,2000;L;3,99;19,95;;;3,79;7702018457786;Kozmetika
PJENA ZA BRIJ.GILLETTE 200 ml;315647;Gillette;0,2000;L;1,99;9,95;;;1,99;3014260228668;Kozmetika
GEL ZA B.GILLETTE FUSIO.200 ml;315652;Gillette;0,2000;L;4,79;23,95;;;4,79;7702018465156;Kozmetika
GEL ZA B.GILLETTE FUSI.200 ml;315653;Gillette;0,2000;L;4,79;23,95;;;4,79;7702018617098;Kozmetika
DALMATINSKA PANCETA VP;315660;Puntica;1,0000;kg;26,99;26,99;;;26,99;3859893363283;Hrana
PRŠUT NAREZAK;315661;Puntica;1,0000;kg;37,99;37,99;;;37,99;3859893363252;Hrana
DALMATINSKA PANCETA NAREZAK;315662;Puntica;1,0000;kg;31,99;31,99;;;31,99;3859893363023;Hrana
TUNA SALATA EVA CR.KVINO.160 g;315676;Eva;0,1600;kg;;12,44;1,99;4,29;4,29;3856020217679;Hrana
TUNA SALATA EVA KUS KUS 160 g;315677;Eva;0,1600;kg;;12,44;1,99;4,29;4,29;3856020217730;Hrana
KAŠICA LINO JAB.ŠLJ.GRIZ 190 g;315680;Lino;0,1900;kg;1,59;8,37;;;1,59;3856020211158;Hrana
BOMBONI ÈUNGA LUNGA 8,5 g;315699;Cunga Lunga;0,0085;kg;0,32;37,65;;;0,39;5310089005106;Hrana
BIO LIMETA NATUR PUR 250 g;315700;SPAR Natur*pur;0,2500;kg;1,99;7,96;;;2,39;3831115313580;Hrana
SOJADE NATURAL 400 g;315704;;0,4000;kg;2,99;7,48;;;2,99;3273227081023;Hrana
ŠUNKA U OVITKU PIK 350 g;315758;Pik;0,3500;kg;4,59;13,11;;;4,59;3850139173550;Hrana
MAS.ZA K.ELSEVE COCO 300 ml;315760;Elseve;0,3000;L;6,95;23,17;;;6,95;3600523629770;Kozmetika
VINO PERŠURIÆ MUŠKAT ŽU.0,75 L;315806;;0,7500;L;10,49;13,99;;;7,99;3859890165064;Piæa
VINO PERŠURIÆ TERAN 0,75 L;315807;;0,7500;L;9,32;12,43;;;9,32;3859890165057;Piæa
KIKIRIKI SLANI PEÈ.SPAR 250 g;315810;SPAR;0,2500;kg;1,74;6,96;;;1,74;3856021206085;Hrana
BUÈINE SJEMENKE PEÈ.SPAR 100 g;315813;SPAR;0,1000;kg;1,29;12,90;;;1,29;3856021206108;Hrana
PRŠUT ISTARSKI NAREZAK 50 g;315814;SPAR PREMIUM;0,0500;kg;3,72;74,40;;;3,69;3856021206337;Hrana
BUÈINE GOLICE SPAR 100 g;315815;SPAR;0,1000;kg;0,98;9,80;;;0,98;3856021206122;Hrana
BRUSCHETTE MARETTI 70 g;315851;;0,0700;kg;;11,29;0,79;0,95;0,95;3800205877325;Hrana
BOMBONI BEBETO ST.JAG.VAN.75 g;315875;Bebeto;0,0750;kg;0,99;13,20;;;0,99;;Hrana
LIZAL.CH.CHUPS 3D JAG.LIM.15 g;315876;Chupa Chups;0,0150;kg;0,69;46,00;;;0,69;6921211114611;Hrana
KOKICE BOBI SLANE 100 g;315885;Bobi;0,1000;kg;0,99;9,90;;;1,39;3858891590943;Hrana
POSL.ZA PSE SCOT.ŠTAPIÆ.7X11 g;315892;Scotty;0,0770;kg;1,59;20,65;;;1,59;9100000828244;Proizvodi za kuæanstvo
VINO VEZAK GRAŠEVINA 1L;315893;;1,0000;L;6,12;6,12;;;6,12;3850112171214;Piæa
VINO BELJE GRAŠ.GOLD VR.0,75 L;315894;;0,7500;L;27,52;36,69;;;27,52;3850257019396;Piæa
VINO BELJE FRANK.VR. 0,75 L;315895;;0,7500;L;14,99;19,99;;;14,99;3850257020606;Piæa
VINO CASTELLO  FESTIGIA 0,75 L;315931;;0,7500;L;13,98;18,64;;;13,98;3858881191990;Piæa
APORT ZA PSE MEKANI 16 cm;315944;Vitakraft;1,0000;kom;2,69;2,69;;;2,65;8007229007454;Proizvodi za kuæanstvo
IGRAÈKA ZA PSE PLASTIÈNA 8 cm;315946;Vitakraft;1,0000;kom;1,49;1,49;;;1,52;4008239592644;Proizvodi za kuæanstvo
LOPATICA PLASTIÈ.ZA PSE 6,5 cm;315949;Vitakraft;1,0000;kom;2,59;2,59;;;2,65;8007229007447;Proizvodi za kuæanstvo
POSLAS.ZA PSE KOST BIJELA 80 g;315951;Vitakraft;0,0800;kg;2,89;36,13;;;2,89;8007229346362;Proizvodi za kuæanstvo
POSL.ZA PSE VITA.GOVEDINA 55 g;315952;Vitakraft;0,0550;kg;2,49;45,27;;;2,49;8007229212865;Proizvodi za kuæanstvo
POSL.ZA PSE VITAK.GOV.70 g;315953;Vitakraft;0,0700;kg;3,29;47,00;;;3,29;8007229213053;Proizvodi za kuæanstvo
POSL.ZA PSE VITAK.GOV.60 g;315955;Vitakraft;0,0600;kg;3,19;53,17;;;3,19;8007229211974;Proizvodi za kuæanstvo
POSLASTICA ZA GLODAVCE 500 g;315956;Vitakraft;0,5000;kg;4,09;8,18;;;4,49;4008239252470;Proizvodi za kuæanstvo
ŠAMPON U PJENI  200 ml;315957;Vitakraft;0,2000;L;4,99;24,95;;;4,9;8007229001117;Proizvodi za kuæanstvo
TORBICA+VREÆICE ZA PS.IZ.2X20 ;315958;Vitakraft;1,0000;kom;3,79;3,79;;;3,71;8007229202668;Proizvodi za kuæanstvo
DEO SPR.NIVEA SILKY 150 ml;315971;Nivea;0,1500;L;2,99;19,93;;;4,99;9005800302072;Kozmetika
MRKVA VH 500 g;315990;SPAR Vrtovi Hrvatske;0,5000;kg;0,89;1,78;;;0,99;3856021206849;Hrana
GIN BEEFEATER PINK 0,7 L;316003;;0,7000;L;18,99;27,13;;;22,02;5000299605950;Piæa
ZAÈIN VEGETA NATUR 75 g;316059;;0,0750;kg;1,49;19,87;;;1,49;3850104257933;Hrana
PLOÈ.NES.FIT.RED BERRI.23,5 g;316071;Nestle;0,0235;kg;0,99;42,13;;;0,89;5900020029447;Hrana
INS.KAVA FRANCK STRO.3U1 180 g;316094;Franck;0,1800;kg;2,29;12,72;;;2,29;3858881084681;Piæa
NAMAZ ARG.JUNIOR KOKOKREM 95 g;316152;Argeta;0,0950;kg;1,49;15,68;;;1,39;3838471034685;Hrana
BADEMI U ÈOKOL.SPAR PREM.150 g;316181;SPAR PREMIUM;0,1500;kg;3,99;26,60;;;3,79;9100000827582;Hrana
TAB.FINISH QUANTUM MAX 72/1;316182;Finish;72,0000;kom;14,99;0,21;;;18,95;5908252004904;Sredstva za èišæenje
MLIJ.TRAJ.FREE FROM 3,5%MM 1 L;316194;SPAR free from;1,0000;L;1,65;1,65;;;1,59;3831115337661;Hrana
TJESTENINA FUŽI KARLA 350 g;316201;Žitoproizvod;0,3500;kg;1,99;5,69;;;1,89;3858881506251;Hrana
VOÆNI PIRE NP JAB.BAN.MAL.90 g;316257;Natur pur;0,0900;kg;,89;9,89;;;0,89;9100000707730;Hrana
MAST SVINJSKA S BUDGET 500 g;316268;S-Budget;0,5000;kg;1,55;3,10;;;1,55;3856021206900;Hrana
KAŠICA HIPPIS JAB.MAN.BR.100 g;316271;Hipp;0,1000;kg;1,35;13,50;;;1,35;4062300262621;Hrana
KAVA BARCAFFE ESPRES.ZRNO 1 kg;316281;Barcaffe;1,0000;kg;25,59;25,59;;;23,49;3838975531673;Piæa
POSL.ZA PSE SCOT.ŠTAPIÆ.7X11 g;316291;Scotty;0,0770;kg;1,59;20,65;;;1,59;9100000828268;Proizvodi za kuæanstvo
RIŽOTO SCOTTI MILANESE 210 g;316313;RISO SCOTTI;0,2100;kg;2,59;12,33;;;3,19;8001860257810;Hrana
RIŽOTO SCOTTI PARMIGIANA 210 g;316314;RISO SCOTTI;0,2100;kg;2,49;11,86;;;3,19;8001860257773;Hrana
NAM.BONNE MAMAN KARAMEL 380 g;316321;Bonne Maman;0,3800;kg;4,99;13,13;;;7,19;3045320523355;Hrana
DŽEM BON.MAMAN MARELICA 370 g;316322;Bonne Maman;0,3700;kg;4,99;13,49;;;7,19;3608580760986;Hrana
DŽEM BONNE MAMAN JAG.MAL.370 g;316323;Bonne Maman;0,3700;kg;4,99;13,49;;;7,49;3608580007203;Hrana
LUK ŽUTI VH 1 kg;316339;SPAR Vrtovi Hrvatske;1,0000;kg;0,99;0,99;;;0,99;3858885870921;Hrana
LUK LJUBIÈASTI VH 1 kg;316345;SPAR Vrtovi Hrvatske;1,0000;kg;1,29;1,29;;;1,19;3856021225482;Hrana
LUK LJUBIÈAST RUKAVAC VH 4/1;316352;SPAR Vrtovi Hrvatske;4,0000;KOM;1,29;0,32;;;1,19;3856021225468;Hrana
LUK ŽUTI RUKAVAC VH 4/1;316353;SPAR Vrtovi Hrvatske;4,0000;KOM;0,99;0,25;;;0,99;3856021225420;Hrana
KAŠICA FRUTEK MAR.ŽITAR.100 g;316385;Fructal;0,1000;kg;1,39;13,90;;;1,39;3838945035026;Hrana
KAŠICA FRUTEK BRES.JOG.100 g;316386;Fructal;0,1000;kg;1,39;13,90;;;1,39;3838945035019;Hrana
KAŠICA FRUTEK ŠPIN.PUR.190 g;316387;Fructal;0,1900;kg;1,99;10,47;;;1,99;3838945030687;Hrana
KAŠICA FRUTEK POV.GOV.190 g;316388;Fructal;0,1900;kg;1,99;10,47;;;1,99;3838945030663;Hrana
TORTILE MEXIFOODS PŠ.6/1 370 g;316425;;0,3700;kg;2,59;7,00;;;3,59;8422424100159;Hrana
TORTILE MEXIFOODS KUK.10 250 g;316426;;0,2500;kg;2,29;9,16;;;3,19;8422424100012;Hrana
TORTILE MEXIFOODS PŠ 8/1 320 g;316427;;0,3200;kg;2,29;7,16;;;3,19;8422424100081;Hrana
Teleæi but frikando;316428;;1,0000;kg;14,99;14,99;;;16,99;;Hrana
TORTILE MEXIFOOD.INTEG.8 320 g;316429;;0,3200;kg;2,29;7,16;;;2,89;8422424100500;Hrana
GIN TANQUERAY RANGPUR 0,7 L;316460;;0,7000;L;27,19;38,84;;;28,09;5000291025930;Piæa
EN.PIÆE BURN JABUKA-KIW.0,25 L;316465;Burn;0,2500;L;1,24;4,96;;;1,24;5060466518407;Piæa
PIVO STELLA 4X0,5 L;316467;Stella Artois;2,0000;L;4,99;2,50;;;5,11;3850131483374;Piæa
MLIJ.KREMA PREMIUM KARAM.250 g;316469;Premium;0,2500;kg;3,49;13,96;;;3,49;9100000803081;Hrana
RIŽA SPAR BASMATI SMEÐA 500 g;316473;SPAR;0,5000;kg;2,49;4,98;;;2,19;9100000829371;Hrana
UMAK S-BUDGET ARRABBIATA 500 g;316476;S-BUDGET;0,5000;kg;1,99;3,98;;;1,99;9100000826660;Hrana
UMAK S-BUDGET MJEŠAV.ZAÈ.500 g;316479;S-BUDGET;0,5000;kg;1,99;3,98;;;1,99;9100000826684;Hrana
UMAK S-BUDGET BOSILJAK 500 g;316480;S-BUDGET;0,5000;kg;1,99;3,98;;;1,99;9100000826707;Hrana
CORNFLAKES PIR NATUR PUR 375 g;316481;Spar Natur pur;0,3750;kg;2,59;6,91;;;2,59;9100000827780;Hrana
S SALVETE BIJELE 30/1,33x33cm;316520;SPAR marka kvalitete;1,0000;kom;0,99;0,99;;;1,19;9100000634005;Proizvodi za kuæanstvo
S SALVETE KREM 30/1,33X33cm;316522;SPAR marka kvalitete;1,0000;kom;0,99;0,99;;;1,19;9100000634012;Proizvodi za kuæanstvo
S SALVETE ŽUTA 30/1,33X33cm;316523;SPAR marka kvalitete;1,0000;kom;0,99;0,99;;;1,19;9100000634029;Proizvodi za kuæanstvo
S SALVETE CRVENA 30/1,33X33cm;316525;SPAR marka kvalitete;1,0000;kom;0,99;0,99;;;1,19;9100000634067;Proizvodi za kuæanstvo
HRSKAVI KRUH NATUR PUR 250 g;316527;Spar Natur pur;0,2500;kg;1,99;7,96;;;1,99;9100000829395;Hrana
S SALVETE SV.PLAVA30/1,33X33cm;316528;SPAR marka kvalitete;1,0000;kom;1,19;1,19;;;1,19;9100000634104;Proizvodi za kuæanstvo
S SALVETE T.PLAVA 30/1,33X33cm;316530;SPAR marka kvalitete;1,0000;kom;0,99;0,99;;;1,19;9100000634111;Proizvodi za kuæanstvo
KRUMPIR BATAT VH 1 kg;316557;SPAR Vrtovi Hrvatske;1,0000;kg;1,99;1,99;;;1,69;3856021226908;Hrana
DO.JE.FANT ŠPAG.BOLOGNESE 58 g;316579;Podravka;0,0580;kg;1,39;23,97;;;1,39;3850104295089;Hrana
ÈVARCI S BUDGET 250 g;316616;S-Budget;0,2500;kg;;17,16;4,29;4,99;4,99;3856021207907;Hrana
GEL ZA TUŠ.ADIDAS ACTIVE 250ml;316642;Adidas;0,2500;L;2,79;11,16;;;2,79;3616304240652;Kozmetika
JABUKA CRVENA VH 1 kg;316688;SPAR Vrtovi Hrvatske;1,0000;kg;1,69;1,69;;;1,49;3856021219801;Hrana
SIR GRANA PA.SPAR PREMIUM 60 g;316689;SPAR Premium;0,0600;kg;1,99;33,17;;;1,99;9100000976150;Hrana
JABUKA ZELENA VH 1 kg;316701;SPAR Vrtovi Hrvatske;1,0000;kg;1,69;1,69;;;1,59;3856021219764;Hrana
EN.PIÆE BURN ORIGINAL 0,25 L;316704;Burn;0,2500;L;1,24;4,96;;;1,24;5060466518070;Piæa
MESNI NAREZAK VIKEND 400 g;316725;Ppk;0,4000;kg;2,12;5,30;;;2,12;3858890187298;Hrana
MEDENJACI PREMIUM MJEŠAV.280g;316745;SPAR Premium;0,2800;kg;;19,61;5,49;8,29;8,29;9100000690629;Hrana
MEDENJACI PREMIUM CLASSIC 240g;316746;SPAR Premium;0,2400;kg;;16,63;3,99;4,99;4,99;9100000690605;Hrana
TUNA RIO MARE NATURA 3X56 g;316783;Rio Mare;0,1680;kg;5,89;35,06;;;5,89;8004030271258;Hrana
OSVJ.PIÆE S-BUD.BRES.25% 0,2 L;316789;S-Budget;0,2000;L;0,49;2,45;;;0,49;9100000759500;Piæa
ÈETK.ZA ZUBE PARODONTAX  GUMS;316791;Parodontax;1,0000;KOM;;4,59;4,59;5,79;5,39;5054563049490;Kozmetika
ÈETK.ZUB.PARODONTAX 3/1 GUMS;316793;Parodontax;3,0000;kom;;0,96;2,89;5,99;11,59;5054563050137;Kozmetika
SIR GRANA PADANO DESPAR 300 g;316794;DESPAR;0,3000;kg;7,49;24,97;;;6,99;9100000939476;Hrana
CIABATTA PECIVO SCHAR BG.200 g;316807;Schar;0,2000;kg;4,09;20,45;;;4,09;8008698010259;Hrana
HAMBURG.PECIVO SCHAR BG.4X75 g;316809;Schar;0,3000;kg;4,89;16,30;;;4,89;8008698012246;Hrana
KEKSI SCHAR KAKAO BG.125 g;316815;Schar;0,1250;kg;3,39;27,12;;;3,39;8008698001882;Hrana
MUFFIN SCHAR ÈOKOL.BG.60 g;316817;Schar;0,0600;kg;1,89;31,50;;;1,89;8008698015988;Hrana
KRUH PROTEIN. S BADEMOM 250 g;316885;;0,2500;kg;3,33;13,32;;;3,17;4000446011574;Hrana
KRPA ZA ÈIŠÆENJE KUPAONE;316894;;1,0000;kom;2,38;2,38;;;2,38;4008033601610;Proizvodi za kuæanstvo
PUREÆI ODRESCI OD PRSA 400 g;316895;Vindon;0,4000;kg;6,59;16,48;;;6,59;3850339402139;Hrana
ÈETKA ZA PRANJE POSUÐA;316900;;1,0000;kom;2,69;2,69;;;2,49;4008033415767;Proizvodi za kuæanstvo
MICELARNA VODA MIXA 400ml;317026;MIXA;0,4000;l;6,99;17,48;;;7,49;3600550932782;Kozmetika
KREMA ZA LICE MIXA LIGHT 50 ml;317027;MIXA;0,0500;l;7,99;159,80;;;7,99;3600550932836;Kozmetika
KREMA ZA LICE MIXA RICHE 50 ml;317028;MIXA;0,0500;l;7,99;159,80;;;7,99;3600550934922;Kozmetika
KREMA LICE LOREAL AGE+65 50 ml;317031;LOREAL;0,0500;l;9,89;197,80;;;9,39;3600523408948;Kozmetika
KREMA LICE LOREAL AGE +65 50ml;317033;LOREAL;0,0500;l;9,89;197,80;;;9,39;3600523408979;Kozmetika
KREMA NIVEA CARE UNIVER.200 ml;317042;Nivea;0,2000;L;8,49;42,45;;;8,49;42360551;Kozmetika
AJVAR MAMAS BLAGI 290 g;317047;Mamas;0,2900;kg;6,49;22,38;;;5,99;5310146002635;Hrana
AJVAR MAMAS LJUTI 290 g;317048;Mamas;0,2900;kg;6,49;22,38;;;5,99;5310146002642;Hrana
AJVAR MAMAS LJUTI 550 g;317049;Mamas;0,5500;kg;9,99;18,16;;;9,99;5310146002628;Hrana
AJVAR MAMAS BLAGI 550 g;317050;Mamas;0,5500;kg;9,99;18,16;;;9,99;5310146002611;Hrana
BLITVA VH 500 g;317097;SPAR Vrtovi Hrvatske;0,5000;kg;1,99;3,98;;;1,59;3859894356017;Hrana
TEK.SAP.BEAUTY KISS 500 ml;317102;Beauty Kiss;0,5000;L;1,29;2,58;;;1,35;9100000157061;Kozmetika
TEK.SAP.BEAUTY KISS 500 ml;317106;Beauty Kiss;0,5000;L;1,29;2,58;;;1,35;9100000157047;Kozmetika
TEK.SAP.BEAUTY KISS 500 ml;317110;Beauty Kiss;0,5000;L;1,29;2,58;;;1,35;9100000157023;Kozmetika
ŠAMPON SCHAUMA DRY 150 ml;317111;Schauma;0,1500;L;2,99;19,93;;;3,99;9000101213942;Kozmetika
ŠAMPON SCHAUMA DRY 150ml;317112;Schauma;0,1500;L;2,99;19,93;;;3,99;9000101213980;Kozmetika
EL.KOMPLET AIRWICK 19 ml ;317136;Airwick;1,0000;kom;7,49;7,49;;;7,49;5999109545831;Sredstva za èišæenje
GRANULE SLAMKA ÈOK.-BAN. 30 g;317164;Quick Milk;0,0300;kg;0,85;28,33;;;0,85;5996071655384;Piæa
GRANULE SLAMKA ÈOKOLADA 30 g;317166;Quick Milk;0,0300;kg;0,85;28,33;;;0,85;5996071650648;Piæa
GRANULE SLAMKA JAGODA 30 g;317168;Quick Milk;0,0300;kg;0,85;28,33;;;0,85;5996071650655;Piæa
GRANULE SLAMKA VANILIJA 30 g;317169;Quick Milk;0,0300;kg;0,85;28,33;;;0,85;5996071650631;Piæa
PIVO HEINEKEN 0,0% 0,33 L;317183;Heineken;0,3300;L;1,39;4,21;;;1,28;3830054841802;Piæa
PJENA ZA KOSU ANNYER 250 ml;317248;Annyer;0,2500;L;4,79;19,16;;;4,79;3850177000740;Kozmetika
LAK ZA KOSU ANNYER 500 ml;317249;Annyer;0,5000;L;5,09;10,18;;;5,09;3850177010862;Kozmetika
SERUM ZA KOSU MISS FUNK 50 ml;317252;Miss Funk;0,0500;L;5,25;105,00;;;5,25;3850177005349;Kozmetika
ORAHNJAÈA MLINAR 500 g;317316;;0,5000;kg;4,99;9,98;;;4,84;3858881126565;Hrana
MAKOVNJAÈA MLINAR 500 g;317317;;0,5000;kg;4,99;9,98;;;4,84;3858881125537;Hrana
VINO SAUVIGNON ÐAKOVO 0,75 L;317326;;0,7500;L;6,69;8,92;;;6,69;3859888932371;Piæa
VINO RAJN.RIZLING ÐAK.0,75 L;317328;;0,7500;L;6,69;8,92;;;6,69;3859888932319;Piæa
VINO GRAŠEVINA ÐAKOVO 0,75 L;317330;;0,7500;L;6,69;8,92;;;6,69;3859888932258;Piæa
Krumpir VH rfs;317349;SPAR Vrtovi Hrvatske;1,0000;kg;0,69;0,69;;;0,69;3859889267700;Hrana
SIR GAUDA 45%m.m.S BUDGE.400 g;317368;S-BUDGET;0,4000;kg;3,95;9,88;;;4,49;3856021207242;Hrana
SIR TILZIT 45%mm S BUDGE.400 g;317370;S-BUDGET;0,4000;kg;4,75;11,88;;;4,79;3856021207266;Hrana
OKRUGLICE NOUG.MILK LEDO 500 g;317425;;0,5000;kg;3,99;7,98;;;2,99;3850116008240;Hrana
DOMAÆI DIMLJENI ŠPEK 1/4 VP;317436;Gavrilovic;1,0000;kg;12,99;12,99;;;11,69;3858881228665;Hrana
VINO MALVAZIJA ZIGANTE 0,75 L;317446;;0,7500;L;;11,32;8,49;10,99;10,78;3859892938079;Piæa
VINO MUŠKAT ZIGANTE 0,5 L;317449;;0,5000;L;10,78;21,56;;;10,78;3859892938161;Piæa
VINO ROSE AURORA ZIGAN.0,75 L;317454;;0,7500;L;10,78;14,37;;;10,78;3859892938031;Piæa
VINO CABER. SAUV.ZIGAN.0,75 L;317456;;0,7500;L;11,18;14,91;;;11,18;3859892938062;Piæa
VINO TERAN ZIGANTE 0,75 L;317457;;0,7500;L;10,69;14,25;;;11,82;3859892938086;Piæa
PIVO BEZGLUTENSKO 0,33 L;317463;;0,3300;L;1,99;6,03;;;2,19;8410793262936;Piæa
VINO PLAVAC M. VR.TELUS 0,75 L;317464;;0,7500;L;;9,32;6,99;9,29;8,89;3857500014153;Piæa
ÈOKOL.MEDVJEDICA LINDT 100 g;317488;Lindt;0,1000;kg;;34,90;3,49;3,99;3,98;4000539702082;Hrana
MASLINE GAEA ORIG.LIM.BK.65 g;317526;Gaea;0,0650;kg;2,39;36,77;;;2,39;5201671801506;Hrana
MASLINE GAEA ÆILI PAP.BK.65 g;317527;Gaea;0,0650;kg;2,39;36,77;;;2,39;5201671801650;Hrana
MASLINE GAEA KALAMATA BK.65 g;317528;Gaea;0,0650;kg;2,59;39,85;;;2,59;5201671801513;Hrana
KRUMPIR ZA KUHANJE VH 3 kg;317569;SPAR Vrtovi Hrvatske;3,0000;kg;2,99;1,00;;;2,79;3856021227219;Hrana
KRUMPIR ZA PEÈ. I PRŽ. VH 3 kg;317570;SPAR Vrtovi Hrvatske;3,0000;kg;2,99;1,00;;;2,79;3856021227226;Hrana
ÈVARKOMAZ 250 g;317652;Ravliæ;0,2500;kg;2,89;11,56;;;3,19;3858891910161;Hrana
ÈOK.ZVIJEZDA MANNER NOUG.170g;317710;Manner;0,1700;kg;;21,12;3,59;3,99;4,69;9000331644592;Hrana
Suha domaæa èešnjovka rnf;317817;Medven;1,0000;kg;15,69;15,69;;;15,69;3859893326462;Hrana
ÈOKOLADA DUPLO 91 g;317923;Ferrero;0,0910;kg;1,69;18,57;;;1,79;4008400300429;Hrana
ÈOKOLADA DUPLO 36,4 g;317928;Ferrero;0,0364;kg;1,09;29,95;;;0,99;4008400305424;Hrana
MAJONEZA THOMY VREÆICA 160 g;317932;Thomy;0,1600;kg;1,69;10,56;;;1,72;7613287192356;Hrana
DRAŽEJE SCHOKO BONS 46 g;317935;Ferrero;0,0460;kg;2,09;45,43;;;1,99;4008400284620;Hrana
MAJONEZA THOMY VREÆICA 80 g;317943;Thomy;0,0800;kg;0,71;8,88;;;1,15;7613287192561;Hrana
ÈAJ NATURAVITA BREATHE 35 g;317964;Naturavita;0,3500;kg;2,19;6,26;;;1,95;3858884091686;Piæa
DES.BIO FRUBI-DOO NP6x50 g;317989;SPAR Natur*pur;0,3000;kg;1,89;6,30;;;1,89;9100000158488;Hrana
GEL T.BEAUTY KISS AFRICA 300ml;318044;Beauty Kiss;0,3000;L;1,35;4,50;;;1,35;9100000154817;Kozmetika
GEL TU.BEAUTY MEN SPORT 300 ml;318047;Beauty Kiss;0,3000;L;1,35;4,50;;;1,35;9100000897097;Kozmetika
GEL T.BEAUTY KISS MEN S.300 ml;318050;Beauty Kiss;0,3000;L;1,35;4,50;;;1,35;9100000155210;Kozmetika
GEL TUŠ.BEAUTY KISS LAV.300 ml;318057;Beauty Kiss;0,3000;L;1,35;4,50;;;1,35;9100000155258;Kozmetika
SIR MIJEŠ. ISTARSKI ŠPIN 230 g;318095;Agrolaguna;0,2300;kg;7,99;34,74;;;8,29;3858881196551;Hrana
SIR MLA.KRAVLJI IST.ŠPIN 230 g;318096;Agrolaguna;0,2300;kg;5,19;22,57;;;5,19;3858881196629;Hrana
MRAMORNI KOLAÈ S BUDGET 400 g;318106;S-BUDGET;0,4000;kg;2,29;5,73;;;2,18;9100000825601;Hrana
Sir mladi kravlji istarsk.Špin;318113;Agrolaguna;1,0000;kg;20,99;20,99;;;20,99;3858881196308;Hrana
KESTEN PIRE PREMIUM LEDO 140 g;318151;Ledo;0,1400;kg;2,99;21,36;;;2,49;3850116887937;Hrana
TORTA JAFFA  800 g;318174;;0,8000;kg;10,19;12,74;;;9,69;3830056441437;Hrana
DET.TETA VIOLETA BLACK 2,7 L;318235;Teta Violeta;2,7000;L;6,19;2,29;;;5,59;3870128016996;Sredstva za èišæenje
DET.TETA VIOLETA COLOR 2,7 L;318237;Teta Violeta;2,7000;L;6,19;2,29;;;5,59;3870128017085;Sredstva za èišæenje
MAR.SPLENDID ZA SKUPLJ.BO.24/1;318301;Splendid;24,0000;kom;1,99;0,08;;;1,99;9100000156903;Proizvodi za kuæanstvo
PEL.PAMPERS ABD S7 44/1;318312;Pampers;44,0000;kom;13,20;0,30;;;14,99;8001090949295;Toaletne potrepštine
PEL.PAMPERS ABD S3 70/1;318318;Pampers;70,0000;kom;14,99;0,21;;;15,89;8001090948656;Toaletne potrepštine
PS.HRANA CESAR U ŽELEU 4X100 g;318321;Cesar;0,4000;kg;3,79;9,48;;;3,79;5900951253577;Proizvodi za kuæanstvo
PS.HRANA CESAR U UMAKU 4X100 g;318325;Cesar;0,4000;kg;3,79;9,48;;;3,79;5900951253553;Proizvodi za kuæanstvo
MAÈJA HRA.PER.FIT IN.PIL.750 g;318329;Perfect Fit;0,7500;kg;6,19;8,25;;;6,19;5900951307737;Proizvodi za kuæanstvo
MAÈJA HRANA PERF.FIT PIL.750 g;318331;Perfect Fit;0,7500;kg;6,19;8,25;;;6,19;5900951307645;Proizvodi za kuæanstvo
MAÈJA HRANA PER.FIT PIL.750 g;318336;Perfect Fit;0,7500;kg;6,19;8,25;;;6,19;5900951307720;Proizvodi za kuæanstvo
MAÈJA HRANA PER.FIT PUR.750 g;318337;Perfect Fit;0,7500;kg;6,19;8,25;;;6,19;5900951307652;Proizvodi za kuæanstvo
ÈEŠNJAK VH 200 g;318345;SPAR Vrtovi Hrvatske;0,2000;kg;1,69;8,45;;;1,59;3856021208997;Hrana
BOMBONI RICOLA BAZGA 40 g;318346;Ricola;0,0400;kg;1,59;39,75;;;1,59;7610700006092;Hrana
KOKOSOVO MLIJE.S-BUDGET 400 ml;318367;S-Budget;0,4000;l;1,59;3,98;;;1,49;9100000826974;Hrana
GIN BEEFEATER 0,7L+ÈAŠA;318372;;0,7000;L;16,99;24,27;;;20,02;3830023021167;Piæa
WHISK. JACK DANIELS GITARA0,7L;318379;;0,7000;L;51,99;74,27;;;52,02;5099873220887;Piæa
WHIS. JACK DANIELS 0,7L KUTIJA;318382;;0,7000;L;29,99;42,84;;;30,02;5099873224984;Piæa
TUNA FJK ODREZAK U ULJU 80 g ;318418;Franz Jozef Kaiser;0,0520;kg;;24,42;1,27;1,59;1,69;8595241512907;Hrana
JUHA BOGATA JEÈAM I POVR. 70 g;318523;Podravka;0,0700;kg;1,59;22,71;;;1,59;3856020218881;Hrana
JUHA BOGATA VRGANJI HELJ.70 g;318526;Podravka;0,0700;kg;1,59;22,71;;;1,59;3856020218850;Hrana
JUHA BOGATA S 5 ŽITARICA 80 g;318531;Podravka;0,0800;kg;1,59;19,88;;;1,59;3856020218676;Hrana
WHIS.J.WALKER RED L.0,7 L+2ÈAŠ;318555;;0,7000;l;;21,41;14,99;17,39;17,39;3859894245106;Piæa
WHISKEY JIM BEAM BLACK 0,7 L;318559;;0,7000;L;25,02;35,74;;;25,02;5060045586810;Piæa
WHISKEY THE DUBLINER 0,7 L;318564;;0,7000;L;20,48;29,26;;;20,48;5390424121845;Piæa
GIN EMPIRE 0,10 L;318566;;0,1000;L;1,69;16,90;;;1,69;3850158200923;Piæa
GIN HENDRICK´S 0,35 L;318567;;0,3500;L;22,98;65,66;;;22,98;5010327717029;Piæa
MAR.ZEWA DELUXE KUTIJA 90/1 ;318579;Zewa;90,0000;kom;2,19;0,02;;;2,19;4006670128002;Toaletne potrepštine
PIÆE FRUCTAL DVOSTRUKI C 1 L;318616;Fructal;1,0000;L;;1,59;1,59;1,99;1,99;3838945031936;Piæa
VODA VITAMIN WELL DEFANC.0,5 L;318617;;0,5000;L;2,09;4,18;;;2,02;7350042716050;Piæa
VODA VITAMIN WELL RELOAD 0,5 L;318618;;0,5000;L;2,09;4,18;;;2,02;7350042716074;Piæa
VODA VITAMIN WELL UPGRAD.0,5 L;318619;;0,5000;L;2,09;4,18;;;2,02;7350042716180;Piæa
VODA VITAMIN WELL HYDRATE 0,5L;318620;;0,5000;L;2,09;4,18;;;2,02;7350042716166;Piæa
VODA VITAMIN WELL ANTIOX.0,5 L;318623;;0,5000;L;2,09;4,18;;;2,02;7350042716067;Piæa
KREMA COREGA MAX SEAL 40 g;318648;Corega;1,0000;kom;7,69;7,69;;;8,69;5054563039033;Kozmetika
BRISAÈ PROZORA S RUÈKOM 28cm;318686;;1,0000;kom;13,79;13,79;;;13,79;4006501514257;Proizvodi za kuæanstvo
GRISINI PREMIUM RUSTICA 200 g;318693;SPAR Premium;0,2000;kg;2,49;12,45;;;2,49;3856021209352;Hrana
PIVSKI ŠTAPIÆ PREMIUM 100 g;318694;SPAR Premium;0,1000;kg;1,89;18,90;;;1,89;3856021209376;Hrana
GRISINI PREMIUM SA SEZAM.200 g;318711;SPAR Premium;0,2000;kg;2,49;12,45;;;2,49;3856021209338;Hrana
GRISINI PREMIUM SA ŠPINAT.200g;318717;SPAR Premium;0,2000;kg;2,49;12,45;;;2,49;3856021209314;Hrana
GRISINI PREMIUM MEDITERAN 200g;318722;SPAR Premium;0,2000;kg;2,49;12,45;;;2,49;3856021209291;Hrana
PANETTONE DESPAR 500 g;318738;DESPAR;0,5000;kg;6,49;12,98;;;2,29;9100000440231;Hrana
MREŽICA ELASTIÈNA 5m;318760;;1,0000;kom;2,49;2,49;;;2,49;3858881733824;Hrana
POLUPR.CEL.OVITAK 45/50 5/1;318763;;1,0000;kom;2,89;2,89;;;2,89;3858881736245;Hrana
POLUPR.CEL.OVITAK 55/50 5/1;318766;;1,0000;kom;2,89;2,89;;;2,89;3858881736726;Hrana
PRALINE KINDER LOVE BOŽ.37 g;318825;Kinder;0,0370;kg;;29,46;1,09;1,49;1,49;8000500293508;Hrana
ZAÈIN GRÈKI GYROS KOTANYI 35 g;318845;Kotanyi;0,0350;kg;1,79;51,14;;;1,69;9001414134610;Hrana
LIKER PELINK.PREM.ZVEÈEVO1 L;318893;;1,0000;L;11,99;11,99;;;11,97;3858894171002;Piæa
GIN MG ROSA 37,5% 0,7 L;318903;;0,7000;L;18,02;25,74;;;16,29;8411640010359;Piæa
VINO BELJE MERLOT 0,75 L;318906;;0,7500;L;8,29;11,05;;;8,29;3850257020293;Piæa
LIKER BOROV.ZVEÈEVO 0,70 L;318912;;0,7000;L;9,29;13,27;;;9,59;3858894170821;Piæa
VINA BELJE CHARDONNAY 0,75 L;318913;;0,7500;L;7,05;9,40;;;7,05;3850257019198;Piæa
MED MELBI KESTEN 250 g;318944;Melbi;0,2500;kg;5,99;23,96;;;6,63;38502071;Hrana
MED MELBI LIPA 250 g;318945;Melbi;0,2500;kg;4,49;17,96;;;5,57;38502101;Hrana
MED MELBI CVJETNI 250 g;318959;Melbi;0,2500;kg;4,49;17,96;;;5,04;38502019;Hrana
Domaæa dim. slanina 1/2 Belje;318966;Belje;1,0000;kg;23,99;23,99;;;23,99;3850257051549;Hrana
Bio cvjetaèa Natur Pur;319060;SPAR Natur*pur;1,0000;kg;3,39;3,39;;;3,39;8437012715783;Hrana
ÈOKO.ZA KUH.DESSERT CHEF 400 g;319207;;0,4000;kg;6,79;16,98;;;6,79;3858889866753;Hrana
ÈOK.SNJ.KUGLE MILKA OREO 112g;319258;Milka;0,1120;kg;3,49;31,16;;;4,99;7622210749611;Hrana
PIVO BOŽIÆNO 0,5L LIMENKA;319271;Ožujsko;0,5000;L;1,52;3,04;;;1,52;3850131005231;Piæa
SOK NATUREL MRKVA JAB. 720 ml;319305;Naturel;0,7200;l;4,09;5,68;;;3,58;3858889362255;Piæa
Buðola Dobro;319337;Dobro;1,0000;kg;;16,99;16,99;19,99;22,99;3850133800933;Hrana
Pršut delikates Dobro;319340;Dobro;1,0000;kg;;18,99;18,99;33,99;23,99;3850133812608;Hrana
SIRUP BAKINO BLAGO MALINA 1 L;319370;Vlastite potrebe;1,0000;L;2,99;2,99;;;2,99;3859892735562;Piæa
SIRUP BAKINO BLAGO BAZGA 1 L;319374;Vlastite potrebe;1,0000;L;2,99;2,99;;;2,99;3859892735555;Piæa
SIRUP BAKINO BLAGO VIŠNJA 1 L;319377;Vlastite potrebe;1,0000;L;2,99;2,99;;;2,99;3859892735548;Piæa
ÈETK.ZA ZUBE ELMEX  ULTRA SOFT;319401;Elmex;1,0000;KOM;5,19;5,19;;;4,91;8718951187658;Kozmetika
ÈETK.ZA ZUBE ELMEX 3/1 UL.SOFT;319402;Elmex;3,0000;KOM;7,99;2,66;;;11,19;8718951188075;Kozmetika
ÈETK.ZA ZUBE SENSODYNE 2/1;319410;Sensodyne;2,0000;KOM;8,59;4,30;;;6,39;5054563029706;Kozmetika
PEL.PAMPERS ABD S5 54/1;319437;Pampers;54,0000;kom;16,20;0,30;;;16,19;8006540045657;Toaletne potrepštine
PUREÆI FILE 500 g;319543;Perutnina;0,5000;kg;6,29;12,58;;;6,29;3838977036138;Hrana
PUR.ODRESCI OD FILEA 400 g;319544;Perutnina;0,4000;kg;6,29;15,73;;;6,29;3838977036039;Hrana
ENER.PIÆE MONSTER 0,553 L ÈEP;319550;Monster;0,5530;L;2,39;4,32;;;2,39;5060335634276;Piæa
VINO CABER.SAU.SIMÈIÆ 0,75 L;319559;;0,7500;L;15,29;20,39;;;15,29;3830042034018;Piæa
ANTIQUE PELINKOVAC 0,7 L+2 ÈAŠ;319608;;0,7000;L;;24,99;17,49;20,02;19,89;3850112111258;Piæa
IND.ORAŠ.S-BUDG.PRŽ.NES.150 g;319656;S-Budget;0,1500;kg;3,69;24,60;;;2,79;9100000157184;Hrana
DOMAÆA KOBASICA SVJEŽA;319679;;1,0000;KG;7,69;7,69;;;7,69;3850139180442;Hrana
POKLON P. CLASSIC;319691;SPAR enjoy;1,0000;kom;23,99;23,99;;;22,99;;Hrana
POKLON P. GRAND;319692;SPAR enjoy;1,0000;kom;29,99;29,99;;;29,99;;Hrana
ÈAJ PODRAVKA BAKIN 50 g;319697;Podravka;0,0500;kg;2,49;49,80;;;2,39;3856020220655;Piæa
KUTIJA 340x185x90mm;319720;;1,0000;kom;4,99;4,99;;;4,99;8007402386963;Hrana
KUTIJA 230x170x80mm;319721;;1,0000;kom;1,99;1,99;;;1,99;8007402373024;Hrana
METALRAFIJA 200m CRVENA;319723;;1,0000;kom;11,99;11,99;;;11,99;8007227458029;Hrana
KEKS PARIS CHOCOLATE 225 g;319770;Paris;0,2250;kg;2,09;9,29;;;2,09;3856014122712;Hrana
KEKS PARIS COCOA 225 g;319772;Paris;0,2250;kg;2,09;9,29;;;2,09;3856014122682;Hrana
KEKS PARIS LEMON 225 g;319775;Paris;0,2250;kg;2,09;9,29;;;2,09;3856014122743;Hrana
KEKS PARIS ORIGINAL 225 g;319776;Paris;0,2250;kg;2,09;9,29;;;2,09;3856014122651;Hrana
TJES.NATUR PUR CASARECCE 500 g;319794;Natur pur;0,5000;kg;1,72;3,44;;;1,72;9100000154510;Hrana
TJEST.NATUR PUR LINGUINE 500 g;319798;Natur pur;0,5000;kg;1,72;3,44;;;1,72;9100000156187;Hrana
TJES.NATUR PUR SPAGHETTI 500 g;319805;Natur pur;0,5000;kg;1,72;3,44;;;1,72;9100000156767;Hrana
VANIL EKS.BURB.NATUR PUR 20 ml;319807;Natur pur;0,0200;L;2,79;139,50;;;2,79;9100000439730;Hrana
AJVAR VITAMINKA BLAGI 690 g;319819;Vitaminka;0,6900;kg;5,59;8,10;;;4,79;3870545000288;Hrana
AJVAR VITAMINKA LJUTI 690 g;319820;Vitaminka;0,6900;kg;5,69;8,25;;;4,79;3870545000257;Hrana
PEL.PAMPERS ABD S4 62/1;319832;Pampers;62,0000;kom;17,75;0,29;;;18,59;8001090948731;Toaletne potrepštine
BADEM SPAR KROKANT 150 g;319833;SPAR;0,1500;kg;;8,80;1,32;1,89;1,89;9100000157955;Hrana
PEL.PAMPERS ABD S6 48/1;319834;Pampers;48,0000;kom;14,39;0,30;;;14,39;8001090949219;Toaletne potrepštine
KRUPICA PIR NATUR PUR 1 kg;319835;Natur pur;1,0000;kg;3,58;3,58;;;3,58;9100000158440;Hrana
HELJDA NATUR PUR 500 g BIO;319836;Natur pur;0,5000;kg;3,49;6,98;;;3,44;9100000786827;Hrana
PIR NATUR PUR 500 g;319837;Natur pur;0,5000;kg;2,59;5,18;;;2,65;9100000717968;Hrana
MAJON. THOMY 611g+150g gratis;319877;Thomy;0,6110;kg;5,19;8,49;;;5,19;3858890178692;Hrana
OCAT ACETO BALSAM.ARGEN.250 ml;319891;;0,2500;L;11,99;47,96;;;11,69;8022734000158;Hrana
OCAT BALSAMIÈNI PRELJEV 250 ml;319895;;0,2500;L;6,49;25,96;;;6,49;8022734002121;Hrana
OCAT ACETO BALSAM.500 ml;319898;;0,5000;L;4,39;8,78;;;4,39;8022734000165;Hrana
UMAK KUHNE HOT CHILL 235 ml;319907;;0,2350;l;3,29;14,00;;;3,99;40198637;Hrana
UMAK KUHNE BLACK GARLIC 235 ml;319908;;0,2350;l;3,59;15,28;;;3,99;40198644;Hrana
UMAK KUHNE BBQ SMOKED 235 ml;319909;;0,2350;l;3,29;14,00;;;3,99;40198651;Hrana
UMAK KUHNE CHIPOTLE 235 ml;319910;;0,2350;l;3,59;15,28;;;3,99;40198668;Hrana
SIR SVJ. NATU.FIT QUARK 250 g ;319939;Dukat;0,2500;kg;1,59;6,36;;;1,59;3838800061283;Hrana
TUNA SALATA EVA MEXICANA 160 g;319944;Eva;0,1600;kg;;12,44;1,99;4,29;4,29;3856020218126;Hrana
PROSSECCO FREIXENET  0,75 L;319945;;0,7500;L;14,99;19,99;;;17,79;8410036806422;Piæa
PJEN.FREIXENET MERITUM 0,75 L;319947;;0,7500;L;17,99;23,99;;;17,99;8410036801854;Piæa
VREÆICE ZA ZAMRZAVANJE,1L 25/1;319948;;25,0000;kom;0,49;0,02;;;0,39;3859891367245;Proizvodi za kuæanstvo
VREÆICE ZA ZAMRZAVANJE,2L 25/1;319949;;25,0000;kom;0,59;0,02;;;0,49;3859891367207;Proizvodi za kuæanstvo
TUNA SALATA EVA MEDITER.160 g;319950;Eva;0,1600;kg;;12,44;1,99;4,29;4,29;3856020217648;Hrana
VREÆICE ZA ZAMRZAVANJE,3L 25/1;319951;;25,0000;kom;0,79;0,03;;;0,69;3859891367214;Proizvodi za kuæanstvo
VREÆICE ZA ZAMRZAVANJE,4L 25/1;319952;;25,0000;kom;0,99;0,04;;;0,89;3859891367221;Proizvodi za kuæanstvo
TUNA SALATA EVA DALMAT.160 g;319953;Eva;0,1600;kg;;12,44;1,99;4,29;4,29;3856020217617;Hrana
VREÆICE ZA ZAMRZAVANJE,5L 25/1;319954;;25,0000;kom;1,19;0,05;;;0,99;3859891367238;Proizvodi za kuæanstvo
VREÆE ZA SMEÆE 60L 15/1;319956;;15,0000;kom;2,89;0,19;;;2,89;3858891881010;Proizvodi za kuæanstvo
KRE.NIVEA AW 65+ DNEVNA 50 ml;320013;Nivea;0,0500;L;8,99;179,80;;;7,99;9005800311241;Kozmetika
LOPTA SA ZVUKOM 8,5 cm;320018;Vitakraft;1,0000;kom;3,79;3,79;;;3,84;4008239592651;Proizvodi za kuæanstvo
OVRAT. BIOCIDNI ZA MAÈKE 35 cm;320019;Vitakraft;1,0000;kom;3,79;3,79;;;3,82;3838964297719;Proizvodi za kuæanstvo
NADJEV JAB.MAREL.NAT.PUR 350 g;320031;Natur pur;0,3500;kg;2,09;5,97;;;2,09;9100000441771;Hrana
BADEM LISTIÆI SPAR 100 g;320094;SPAR;0,1000;kg;;13,90;1,39;1,99;1,59;9100000441658;Hrana
BLAZINICE BEAUTY KISS 100/1;320103;Beauty Kiss;100,0000;kom;0,89;0,01;;;0,89;9100000156866;Toaletne potrepštine
PIVO CRAFTERS ESCAPE 0,5 L;320172;;0,5000;L;2,35;4,70;;;2,52;3859893368011;Piæa
PIVO CRAFTERS HOPPER 0,5 L;320174;;0,5000;L;2,35;4,70;;;2,52;3859893368004;Piæa
JOG. PROTEIN SKYR Z BREG 200 g;320178;Vindija;0,2000;kg;1,29;6,45;;;1,29;3850108031454;Hrana
SIR RIB.MOZZARE.S-BUDGET 250 g;320181;S-BUDGET;0,2500;kg;2,79;11,16;;;2,69;9100000727240;Hrana
MIX BUÐOLA I PANCETA 200 g ;320263;Dobro;0,2000;kg;4,99;24,95;;;4,99;3850133806614;Hrana
BADEM BLANŠIRANI SPAR 100 g;320296;SPAR;0,1000;kg;;17,40;1,74;2,49;1,99;9100000441719;Hrana
PIÆE ALOE VERA ANANAS 0,5L;320320;;0,5000;L;1,78;3,56;;;1,78;8801056094393;Piæa
Pršut Kraški delikates;320355;Kras;1,0000;kg;;26,99;26,99;35,99;35,99;3838885701968;Hrana
Sir Pecorino Romano P.D.O.;320391;;1,0000;kg;39,99;39,99;;;39,99;5902431271781;Hrana
LEPINJA PAKIRANA 150 g;320436;;0,1500;kg;0,69;4,60;;;0,69;3858885565766;Hrana
Sir polutvrdi zreli Mimolette ;320456;;1,0000;kg;16,49;16,49;;;16,49;5902431271743;Hrana
Sir Old Amsterdam;320458;;1,0000;kg;29,99;29,99;;;29,99;5902431271729;Hrana
Sir kozji s vinom;320459;;1,0000;kg;36,99;36,99;;;34,99;5902431271712;Hrana
Sir kozji topljeni dimljeni;320460;;1,0000;kg;20,99;20,99;;;19,99;5902431271675;Hrana
DIOKLECIJAN 1 L;320485;;1,0000;L;13,02;13,02;;;13,02;3858892460689;Piæa
VINO JEDRO PLAVAC MALI 0,75 L;320510;;0,7500;L;5,99;7,99;;;4,69;3857500014115;Piæa
GLINA GOT2B PHENOMENAL 100 ml;320533;Got2b;0,1000;L;6,99;69,90;;;6,99;9000101200782;Kozmetika
KREMA GOT2B MATT PASTE 100 ml;320534;Got2b;0,1000;L;5,99;59,90;;;6,99;9000100417853;Kozmetika
ŠAMP. SYOSS DRY PURE 200 ml;320541;Syoss;0,2000;L;6,49;32,45;;;4,49;9000101231502;Kozmetika
BRISAÈ PODA MOP CLASSIC;320548;;1,0000;kom;9,99;9,99;;;9,99;4006501520722;Proizvodi za kuæanstvo
DVOPEK DESPAR INTEGRALNI 320 g;320560;Vlastite potrebe;0,3200;kg;1,72;5,38;;;1,72;8001300803638;Hrana
DVOPEK DESPAR CLASSIC 320 g;320562;Vlastite potrebe;0,3200;kg;1,69;5,28;;;1,69;8001300803645;Hrana
DVOPEK DESPAR SA ŽITARICA.320g;320563;DESPAR;0,3200;kg;1,79;5,59;;;1,79;8001300803621;Hrana
KAVA GLORIA MLJEVENA 600g;320573;Gloria;0,6000;kg;8,99;14,98;;;9,99;3850291048956;Piæa
VINO BIBICH R5 0,75 L;320576;;0,7500;L;22,25;29,67;;;20,08;3859890079361;Piæa
VINO BIBICH R6 0,75 L;320578;;0,7500;L;22,25;29,67;;;20,08;3859890079248;Piæa
PROSECCO VILLA SANDI RO.0,75 L;320579;;0,7500;L;;11,99;8,99;11,02;11,02;8017494420018;Piæa
PROSECCO VILLA S.MILLES.0,75 L;320580;;0,7500;L;;14,65;10,99;14,52;14,52;8017494480012;Piæa
VINO KOZLOVIÆ VALLE 0,75 L;320581;;0,7500;L;16,39;21,85;;;16,39;3859893243035;Piæa
VINO GALIÆ G-TOÈKA CRNA 0,75 L;320582;;0,7500;L;8,49;11,32;;;8,49;3859891991082;Piæa
VINO GALIÆ G-TOÈKA BIJE.0,75 L;320584;;0,7500;L;9,49;12,65;;;10,79;3859891991273;Piæa
VINO GALIÆ BIJELO 9 0,75 L;320585;;0,7500;L;21,09;28,12;;;21,59;3859891991303;Piæa
VINO BRIME PLAVAC MALI 0,75 L;320587;;0,7500;L;15,89;21,19;;;14,69;3859892525279;Piæa
MAR. ZEWA SOFT SENSITIVE 10/1;320606;Zewa;10,0000;KOM;2,35;0,24;;;2,35;7322540926262;Toaletne potrepštine
ZAM.MLIJEKO APTA.PRE PRO.800 g;320608;Aptamil;0,8000;kg;19,69;24,61;;;19,69;4056631001202;Hrana
ZAM.MLIJEKO APTAM.3 PRON.800 g;320612;Aptamil;0,8000;kg;19,69;24,61;;;19,69;4056631001264;Hrana
ZAM.MLIJEKO APT.1 PRON.800 g;320613;Aptamil;0,8000;kg;19,69;24,61;;;19,69;4056631001226;Hrana
ZAM.MLIJEKO APTAM.2 PRON.800 g;320615;Aptamil;0,8000;kg;19,69;24,61;;;19,69;4056631001240;Hrana
ŠEÆER U PRAHU S-BUDGET 500 g;320617;S-Budget;0,5000;kg;0,89;1,78;;;1,59;3856021209659;Hrana
ŠEÆER U PRAHU S-BUDGET 250 g;320618;S-Budget;0,2500;kg;0,69;2,76;;;0,92;3856021209635;Hrana
MICELARNA VODA NIVEA 400 ml;320717;Nivea;0,4000;L;7,99;19,98;;;7,99;9005800304533;Kozmetika
BRIT.GILLETTE BLUE3 SENS 3/1;320719;Gillette;3,0000;KOM;3,79;1,26;;;3,99;7702018490080;Kozmetika
BRITVICE GILLETTE BLUE3 9+3;320720;Gillette;9,0000;kom;10,49;1,17;;;10,09;8700216148092;Kozmetika
KESTEN BLOK 75% LEDO 250 g;320843;Ledo;0,2500;kg;4,19;16,76;;;3,69;3850116888132;Hrana
DO.JE.SPAR PURETINA CURRY 34 g;320863;SPAR;0,0340;kg;1,19;35,00;;;1,19;9100000828466;Hrana
GAZ.PIÆE SCHW.BITTER LEMON 1 L;320875;Schweppes;1,0000;L;1,79;1,79;;;1,79;5449000044839;Piæa
GAZ.PIÆE SCHWE.TONIC WATER 1 L;320877;Schweppes;1,0000;L;1,79;1,79;;;1,79;5449000044808;Piæa
GAZ.PIÆE SCHWEP. TANGERINA 1 L;320879;Schweppes;1,0000;L;1,79;1,79;;;1,79;5449000089380;Piæa
PJEN.VINO BOTTEGA AMORE 0,75 L;320945;;0,7500;L;11,99;15,99;;;10,65;8005829220648;Piæa
KEKS MOTO KAKAO 192 g;320984;Moto;0,1920;kg;1,99;10,36;;;1,99;3850102522880;Hrana
HRANA ZA MAÈKE MOLLY LOS.100 g;321004;Molly;0,1000;kg;0,59;5,90;;;0,59;9100000098401;Proizvodi za kuæanstvo
VINO TOMAZ TERAN BARBA.0,75 L;321007;;0,7500;L;23,99;31,99;;;23,99;3857500055057;Piæa
VINO TOMAZ MALVAZ.AVA.0,75 L;321009;;0,7500;L;15,69;20,92;;;16,49;3857500055019;Piæa
VINO TOMAZ MERLOT 0,75 L;321010;;0,7500;L;25,59;34,12;;;25,59;3857500055064;Piæa
SALAMA ZA PSE SCOTTY  500 g;321012;Scotty;0,5000;kg;1,59;3,18;;;1,59;9100000098982;Proizvodi za kuæanstvo
POSLAST.ZA PSE SCOTTY PAT.60 g;321014;Scotty;0,0600;kg;1,59;26,50;;;1,59;9100000703329;Proizvodi za kuæanstvo
ÈOK.MILKA OREO BROWNIE 100 g;321021;Milka;0,1000;kg;;14,90;1,49;2,49;2,49;7622210956163;Hrana
BIO RAJÈICA SJECK.PODRAV.400 g;321031;Podravka;0,4000;kg;2,69;6,73;;;2,69;3856020222260;Hrana
SIR EDAMER S BUDGET NARE.400 g;321103;S-BUDGET;0,4000;kg;3,99;9,98;;;4,49;9100000072203;Hrana
SIR MEKI BIJELI S BUDGET 250 g;321110;S-BUDGET;0,2500;kg;2,29;9,16;;;2,59;9100000027739;Hrana
KEKS MILKA CHOCO CREME 260 g;321113;Milka;0,2600;kg;3,39;13,04;;;3,39;7622210717696;Hrana
KREKERI BEBIVITA RIŽINI 30 g;321181;Bebivita;0,0300;kg;1,19;39,67;;;1,49;4018852032946;Hrana
Zagrebaèka kremšnita 130 g;321226;;0,1300;kg;1,39;10,69;;;1,29;3859893089862;Hrana
Kremšnita 130 g;321235;;0,1300;kg;1,39;10,69;;;1,29;3859893089886;Hrana
SIR MEKI BIJELI S BUDGET 1 kg;321305;S-BUDGET;1,0000;kg;9,99;9,99;;;9,99;9100000027753;Hrana
DEO ROLL ON GAR.ACTION C.50 ml;321356;Garnier;0,0500;L;4,79;95,80;;;4,59;3600542217460;Kozmetika
DEO SPREJ GAR.ACTION 150 ml ;321357;Garnier;0,1500;L;4,79;31,93;;;4,59;3600542217507;Kozmetika
DEO ROLL ON GARN.ACTION 50 ml;321359;Garnier;0,0500;L;4,79;95,80;;;4,59;3600542217422;Kozmetika
DEO SP.ACTION CONT. 150 ml;321360;Garnier;0,1500;L;4,79;31,93;;;4,59;3600542217545;Kozmetika
BLAZINICA JASMIN NATURE 100/1;321374;Jasmin;100,0000;kom;1,99;0,02;;;1,99;3838985884721;Toaletne potrepštine
MAÈJA HRANA ONE PIL.TU.4X85 g;321386;One;0,3400;kg;3,49;10,26;;;3,71;7613036936859;Proizvodi za kuæanstvo
POSL.ZA PSE DENTALIFE 142 g;321387;Felix;0,1420;kg;2,19;15,42;;;2,19;7613035378667;Proizvodi za kuæanstvo
POSL.ZA PSE DENTALIFE 115 g;321390;Felix;0,1150;kg;2,19;19,04;;;2,19;7613035378780;Proizvodi za kuæanstvo
HRANA ZA PSE ONE GOV.RIŽ.800 g;321392;One;0,8000;kg;5,59;6,99;;;5,59;7613034146731;Proizvodi za kuæanstvo
HRANA ZA PSE ONE PIL.RIŽ.800 g;321395;One;0,8000;kg;5,59;6,99;;;5,59;7613034146793;Proizvodi za kuæanstvo
MAÈJA HRANA GOUR.JANJ.MAH.85 g;321401;Gourmet;0,0850;kg;0,89;10,47;;;0,92;7613035474123;Proizvodi za kuæanstvo
MAÈJA HRANA GOUR.PIL.MRK.85 g;321402;Gourmet;0,0850;kg;0,89;10,47;;;0,92;7613035474093;Proizvodi za kuæanstvo
MAÈJA HRANA ONE PIL.MRK.85 g;321407;One;0,0850;kg;1,19;14,00;;;1,25;7613036936835;Proizvodi za kuæanstvo
MAÈJA HRANA ONE LOS.MRK.85 g;321412;One;0,0850;kg;1,19;14,00;;;1,25;7613036936750;Proizvodi za kuæanstvo
MAÈJA HRANA ONE PIL.MAH.85 g;321414;One;0,0850;kg;1,19;14,00;;;1,25;7613036936811;Proizvodi za kuæanstvo
MAÈJA HRANA ONE TUNA MAH.85 g;321415;One;0,0850;kg;1,19;14,00;;;1,25;7613036936781;Proizvodi za kuæanstvo
POSL.ZA MAÈ.FELIX PIL.JET.50 g;321423;Nestle;0,0500;kg;1,59;31,80;;;1,59;7613036707381;Proizvodi za kuæanstvo
KUPUS KIS.REZ.U RASOLU 1000 g;321446;;0,8600;kg;1,99;2,31;;;1,99;3859891493470;Hrana
FLIPS PUFU.GUSTO MEGA SUR.60 g;321471;GUSTO;0,0600;kg;1,69;28,17;;;1,69;6420211000349;Hrana
GAZ.PIÆE COLA DESPAR 1,5 L;321472;Despar;1,5000;L;1,45;0,97;;;1,42;8001300112068;Piæa
GAZ.PIÆE GINGER DESPAR 1,5 L;321479;Despar;1,5000;L;1,49;0,99;;;1,48;8001300122401;Piæa
SIR KUHANI MEÐIMURSKI 500 g;321498;;0,5000;kg;6,99;13,98;;;6,99;3859893220319;Hrana
Svinjski file;321577;;1,0000;kg;7,59;7,59;;;6,79;3858891521145;Hrana
Svinjski but bez kosti;321578;SPAR marka kvalitete;1,0000;kg;;3,19;3,19;3,35;5,49;3858891521152;Hrana
Svinjski vrat s kosti;321581;;1,0000;kg;4,79;4,79;;;3,69;3858891521183;Hrana
Svinjska potrbušina II;321582;S-BUDGET;1,0000;kg;3,39;3,39;;;4,49;3850139281354;Hrana
BEEF-Burger,2kom, 220g;321583;SPAR marka kvalitete;0,2200;kg;4,79;21,77;;;4,29;9100200520498;Hrana
CROISS.7 DAY S MIDI DOUBLE 60g;321593;7 Day's;0,0600;kg;0,85;14,17;;;0,85;7622201392055;Hrana
CROISS.7 DAY S MIDI DOUBLE 60g;321598;7 Day's;0,0600;kg;0,85;14,17;;;0,85;7622201391614;Hrana
ÈAJ FRANCK IMMUNE 40 g;321645;Franck;0,0400;kg;2,99;74,75;;;2,99;3850291049083;Piæa
ÈAJ FRANCK DETOX 40 g;321646;Franck;0,0400;kg;2,99;74,75;;;2,99;3850291049069;Piæa
TEK.SAP. BEAUTY KISS 500 ml;321784;Beauty Kiss;0,5000;L;1,29;2,58;;;1,35;9100000157009;Kozmetika
VL.MAR.BLISTA LAVAND. UN.50/1;321829;Blista;50,0000;kom;1,55;0,03;;;1,59;3859890063612;Sredstva za èišæenje
CROISSANT S-BUDGET KAKAO 60g;321849;S-BUDGET;0,0600;kg;,49;8,17;;;0,52;3856021209574;Hrana
CROISS.S-BUDGET KAKAO/VANI.60g;321852;S-BUDGET;0,0600;kg;,49;8,17;;;0,52;3856021209536;Hrana
CROISSAN.S-BUDGET VANILIJA 60g;321853;S-BUDGET;0,0600;kg;,49;8,17;;;0,52;3856021209550;Hrana
DENTASTIX PEDIGREE 1080 g;321861;Pedigree;1,0800;kg;11,99;11,10;;;9,59;5998749110027;Proizvodi za kuæanstvo
VINO ALEX.TIKVEŠ RIESLI.0,75 L;321881;Tikves;0,7500;L;6,29;8,39;;;6,29;5310008007280;Piæa
DET.JAR ALOE&PINK YASMI.1,35 L;321929;Jar;1,3500;L;6,59;4,88;;;6,59;8001841009544;Sredstva za èišæenje
DET.JAR ŠIPAK 1,35 L;321930;Jar;1,3500;L;6,59;4,88;;;6,59;8001090621801;Sredstva za èišæenje
SKENDERBEU NARANÈA 0,5 L;321933;;0,5000;L;13,89;27,78;;;13,49;5300000085072;Piæa
VINO FRANK.VRH.ORAH.0,75 L;321937;;0,7500;L;;10,65;7,99;9,99;9,92;3858889830891;Piæa
VINO PORTO TAWNI 0,75 L;321938;;0,7500;L;14,99;19,99;;;16,42;5601109111151;Piæa
PIVO VUKOVARSKO 0,5 L P.A.;321944;;0,5000;L;1,29;2,58;;;1,29;3859893353055;Piæa
PIVO FRANZISKANER 0,5 L;321945;Franziskaner;0,5000;L;2,29;4,58;;;2,35;4072700003649;Piæa
LIKER MARASKA MEDICA 1 L;321946;;1,0000;L;14,02;14,02;;;14,02;3850158202255;Piæa
ULJE MASL.EX.DJ.VERALDA 0,5 L;321949;;0,5000;L;15,49;30,98;;;15,49;3859890332060;Hrana
RAVIOLI AURELIA VRGANJI 250 g;321952;Aurelia;0,2500;kg;2,79;11,16;;;2,79;3859892780135;Hrana
NAMAZ SPAR FF LJEŠNJAK 200 g  ;321960;SPAR free from;0,2000;kg;2,99;14,95;;;2,99;9100000824819;Hrana
INSTANT KAVA NESCAFE 2U1 80 g;321998;Nescafe;0,0800;kg;2,99;37,38;;;2,99;7613036870115;Piæa
NAPOL.MANN.MOZAR.MIGNON 300 g;322002;Manner;0,3000;kg;5,59;18,63;;;4,89;9000331607924;Hrana
COMPLETE COLOR CREME N 60 Z.S.;322030;Annyer;1,0000;KOM;4,19;4,19;;;4,19;3850177008029;Kozmetika
GEL NIVEA HAWAII F.&OIL 500 ml;322054;Nivea;0,5000;L;5,89;11,78;;;5,89;9005800307510;Kozmetika
ÈOKO.NESTLE ZA KUH.BLANC 170 g;322077;Nestle;0,1700;kg;;20,53;3,49;3,79;4,49;8445290908087;Hrana
KRUH SCHAR PAN MULTIG.250 g;322087;Schar;0,2500;kg;2,89;11,56;;;2,89;8008698024140;Hrana
PIÆE ALOE VERA NATURALE 0,5L;322101;;0,5000;L;1,78;3,56;;;1,78;8801056091712;Piæa
ÈIPS DESPAR PREMIUM ORIG.150 g;322103;Preblauer;0,1500;kg;2,49;16,60;;;2,49;8001300500049;Hrana
ÈIPS DESPAR PREM.RUŽMAR.150 g;322105;SPAR PREMIUM;0,1500;kg;2,49;16,60;;;2,49;8001300501824;Hrana
ULJE BUÈINO PREMIUM 250 ml;322111;SPAR Premium;0,2500;L;4,99;19,96;;;4,99;3856021209727;Hrana
ZUB.PASTA LACALUT MUL.E.75 ml;322157;Lacalut;0,0750;L;4,29;57,20;;;4,29;4016369546246;Kozmetika
ZUB.PASTA LACALUT GUM PR.75 ml;322161;Lacalut;0,0750;L;5,09;67,87;;;5,09;4016369546840;Kozmetika
DEO SPRAY DOVE COCONUT 150 ml;322166;Dove;0,1500;L;5,20;34,67;;;5,20;8720181291487;Kozmetika
SRE.TETA VIOLETA L.PURPLE 1 L ;322194;Teta Violeta;1,0000;L;2,25;2,25;;;2,25;3870128017320;Sredstva za èišæenje
SRE.TETA VIOLETA OCEAN SPA 1L ;322195;Teta Violeta;1,0000;L;2,25;2,25;;;2,25;3870128017290;Sredstva za èišæenje
LIKER MELKIOR MEDICA 0,5 L;322199;;0,5000;L;9,05;18,10;;;9,05;3859888851306;Piæa
GEL OLD SPICE CAPTAIN 400 ml;322202;Old Spice;0,4000;L;2,99;7,48;;;3,85;8700216859820;Kozmetika
GEL OLD SPICE ORIGINAL 400 ml;322205;Old Spice;0,4000;L;2,99;7,48;;;3,85;4084500978881;Kozmetika
DEO ST.OLD SPICE CAPTAIN 50 ml;322208;Old Spice;0,0500;L;3,49;69,80;;;3,85;8700216203982;Kozmetika
DEO ST.OLD SPICE CAPTAIN 70 ml;322209;Old Spice;0,0700;L;3,49;49,86;;;3,85;8001090999153;Kozmetika
DEO S.OLD SPICE CAPTAIN 150 ml;322212;Old Spice;0,1500;L;3,49;23,27;;;3,85;8001090962867;Kozmetika
Klementina 1 kg VH;322319;SPAR Vrtovi Hrvatske;1,0000;kg;1,49;1,49;;;1,99;3856021232244;Hrana
SLANINA NAREZAK 250 g;322327;Dobro;0,2500;kg;5,99;23,96;;;7,99;3850133808014;Hrana
Klementina u jut.vr.1,5 kg;322330;;1,5000;kg;3,49;2,33;;;3,49;8414079000243;Hrana
BIO PATLIDŽAN NP 500 g ;322336;Spar Natur pur;0,5000;kg;2,99;5,98;;;1,69;8435320678035;Hrana
KEKS MILKA SOFT BROWNIE 150 g;322380;Milka;0,1500;kg;3,39;22,60;;;3,39;7622210652775;Hrana
BOJA.LIVE COLOR XXL UB98;322425;LIVE;1,0000;kom;8,39;8,39;;;8,39;9000101062922;Kozmetika
ÈIPS SPAR HOT&SPICY 170 g;322426;SPAR;0,1700;kg;2,99;17,59;;;2,99;8710671204110;Hrana
ULO.LIBRESSE ULTRA NORMAL 20/1;322439;Libresse;20,0000;kom;1,99;0,10;;;1,99;7322540344011;Toaletne potrepštine
KRUMPIR CURLY FRIES SPAR 600 g;322445;SPAR;0,6000;kg;2,99;4,98;;;2,79;9100000441184;Hrana
ZUB.P.COLGATE ORIGINAL 100 ml;322482;Colgate;0,1000;L;4,09;40,90;;;3,85;8718951210394;Kozmetika
Drniška ruža;322556;Dimmes;1,0000;kg;;19,99;19,99;21,89;21,89;3859894303608;Hrana
MASKA EVELINE GOLD ;322563;Eveline;1,0000;kom;2,99;2,99;;;2,99;5901761968194;Kozmetika
SKUŠA SALATA MEDITERANA 125 g;322572;Delamaris;0,0400;kg;3,09;77,25;;;2,79;3838929568588;Hrana
SKUŠA SALATA GARDEN GRAH 125 g;322573;Delamaris;0,0400;kg;3,09;77,25;;;2,79;3838929568564;Hrana
ZUB.PASTA SENSODYNE  75 ml;322597;Sensodyne;0,0750;L;7,49;99,87;;;5,59;5054563232526;Kozmetika
ZUB.PASTA SENSODYNE GUM 75 ml;322600;Sensodyne;0,0750;L;7,49;99,87;;;5,59;5054563232236;Kozmetika
ÈETK.ZA ZUBE SENSODYNE SOFT;322610;Sensodyne;1,0000;KOM;6,39;6,39;;;4,79;5054563062864;Kozmetika
SIR KREM SVJ.ABC ÈILI 100 g ;322627;Belje;0,1000;kg;1,15;11,50;;;1,39;3850257060695;Hrana
PECIVO KVIKI GRIC 200 g;322632;Kviki;0,2000;kg;;8,30;1,66;2,09;2,09;3856020225643;Hrana
NAMAZ VAJKREM CLASIC 200 g;322657;;0,2000;kg;2,29;11,45;;;2,29;5999884966678;Hrana
PANCETA NAREZAK 100 g ;322659;Gavrilovic;0,1000;kg;2,85;28,50;;;2,92;3858881227408;Hrana
PILEÆI PARIZER 350 g;322666;Gavrilovic;0,3500;kg;1,68;4,80;;;1,68;3858881224124;Hrana
SIR KREM VIVIS S POVRÆEM 200 g;322669;;0,2000;kg;2,19;10,95;;;2,19;3850108058772;Hrana
ŽITNA KAŠICA ZOBEL.ŠLJI.200 g;322673;Lino;0,2000;kg;2,34;11,70;;;2,34;3856020225216;Hrana
PUDING POD.PREMIUM TOFFEE 43 g;322676;Dolcela;0,0430;kg;0,99;23,02;;;0,99;3856020225056;Hrana
HRENOVKE PILEÆE 200 g JELI;322679;Jeli;0,2000;kg;1,75;8,75;;;1,75;3858881224056;Hrana
NAPITAK VEGGIE SOJA BŠ.1 L;322714;SPAR Veggie;1,0000;l;1,89;1,89;;;1,89;9100000709024;Piæa
ÈOK.MILKA NUT&NOUG.CREAM 300 g;322719;Milka;0,3000;kg;6,79;22,63;;;6,79;7622200004515;Hrana
PEL.PAMPERS PREMIUM S6 38/1;322720;Pampers;38,0000;kom;14,99;0,39;;;14,99;8001841105130;Toaletne potrepštine
PECIVO FREE FROM SJEMEN.250 g;322723;SPAR free from;0,2500;kg;3,09;12,36;;;3,09;9100000948836;Hrana
PEL.PAMPERS PREMIUM S2 68/1;322726;Pampers;68,0000;kom;18,18;0,27;;;18,18;8001841104874;Toaletne potrepštine
PEL.GAÆICE PAMPERS S6 31/1;322732;Pampers;31,0000;kom;14,99;0,48;;;14,99;8001090759917;Toaletne potrepštine
PEL.GAÆICE PAMPERS S5 34/1;322734;Pampers;34,0000;kom;14,99;0,44;;;14,99;8001090759870;Toaletne potrepštine
PEL.GAÆICE PAMPERS S4 38/1;322735;Pampers;38,0000;kom;14,99;0,39;;;14,99;8001090759832;Toaletne potrepštine
PEL.PAMPERS CARRY PACK S1 26/1;322754;Pampers;26,0000;kom;6,49;0,25;;;6,49;8001841104614;Toaletne potrepštine
PEL.PAMPERS CARRY PACK S2 23/1;322756;Pampers;23,0000;kom;6,39;0,28;;;6,39;8001841104652;Toaletne potrepštine
ULOŽA.WC NET STYLE PINK 36,5 g;322781;Wc Net;1,0000;kom;;1,59;1,59;2,79;2,79;8003650014733;Sredstva za èišæenje
SIR RICOTTA S.VITAL 2X100 g;322788;SPAR Vital;0,2000;kg;1,19;5,95;;;1,19;8001300653141;Hrana
BILJNI PRI.ZA ŠLAG SPAR 500 ml;322809;SPAR;0,5000;L;1,89;3,78;;;1,89;3856021209611;Hrana
MLIJ.UHT ALP.BEZ LAK 3,5%MM 1L;322811;Alpsko;1,0000;L;2,19;2,19;;;2,29;3838800059709;Hrana
KAVA BARCAFFE BLACK&EASY 11 g;322838;Barcaffe;0,0110;KG;0,39;35,45;;;0,35;3838471037716;Piæa
KAP. DG CAFFE NAPOLI 128 g;322839;Nescafe;0,1280;kg;5,49;42,89;;;6,49;8445290421456;Piæa
KAVA DG CAFFE MOKA 144g;322841;Nescafe;0,1440;kg;5,49;38,13;;;6,49;7613035695610;Piæa
KAP. DG CAFFE LUNGO 144 g;322842;Nescafe;0,1440;kg;5,49;38,13;;;6,49;7613033590146;Piæa
ULJE BUÈINO SPAR 0,5 L ;322848;SPAR;0,5000;L;6,99;13,98;;;6,99;3856021209468;Hrana
MINERALNA VODA JAMNICA 4X1,5 L;322864;Jamnica;6,0000;l;3,49;0,58;;;3,09;3858890874525;Piæa
DEO SPRAY AXE ICE CHILL 150 ml;322903;Axe;0,1500;L;4,89;32,60;;;4,55;8710447497357;Kozmetika
FLIPS KUKURUZNI BOBI 80 g;322932;Bobi;0,0800;kg;0,89;11,13;;;0,89;3858891590981;Hrana
LIZAL.CHUPA CHUPS XXL 4D 29 g;322933;Chupa Chups;0,0290;kg;0,79;27,24;;;0,79;84460547;Hrana
KVASAC SUHI DR.SCHAR 20 g;322960;Schar;0,0200;kg;1,89;94,50;;;1,89;8008698005828;Hrana
DVOPEK DR.SCHAR B.G. 175 g;322964;Schar;0,1750;kg;4,89;27,94;;;4,89;8008698028605;Hrana
VINO MUSCAT IURIS 0,75 L;322965;;0,7500;L;11,92;15,89;;;11,92;3859891102266;Piæa
VINO CAB.MERL.SYRAH IUR.0,75 L;322966;;0,7500;L;9,28;12,37;;;9,28;3859891102457;Piæa
VINO TRAMINER IURIS 0,75 L;322967;;0,7500;L;9,28;12,37;;;9,28;3859891102433;Piæa
WHISKY MONKEY SHOULDER 0,7L;322969;;0,7000;L;34,99;49,99;;;36,62;5010327105215;Piæa
VINO GRAŠEVINA DVANAJŠÈ.0,75 L;322974;;0,7500;L;8,49;11,32;;;8,49;3859893380013;Piæa
VINO PINOT SIVI DVANAJŠ.0,75 L;322975;;0,7500;L;8,59;11,45;;;9,59;3859893380204;Piæa
GIN GREENALL´S 0,7 L;323006;;0,7000;L;16,38;23,40;;;16,38;5010296002980;Piæa
KAVA SPAR PREMIUM BRASIL 250g;323054;SPAR PREMIUM;0,2500;KG;5,19;20,76;;;3,99;9100100004548;Piæa
BRITVICE VENUS3 PLUS 6/1;323064;Gillette;6,0000;kom;5,49;0,92;;;5,59;7702018426232;Kozmetika
BRITVICE VENUS3 SENSITIVE 3/1;323081;Gillette;3,0000;kom;3,79;1,26;;;3,69;7702018487028;Kozmetika
BRIT.VENUS3 SENSI.JEDNOK.3/1;323084;Gillette;3,0000;kom;6,69;2,23;;;6,69;7702018491544;Kozmetika
SOK JUICY GUSTI 1 L 100%;323136;Juicy;1,0000;L;2,49;2,49;;;2,35;3858890977356;Piæa
SOK JUICY JAGODA 1 L;323140;Juicy;1,0000;L;2,79;2,79;;;2,65;3858890977332;Piæa
SLAD.KINDER BUENO KORNET 248 g;323152;Kinder;0,2480;kg;7,49;30,20;;;7,99;8000500384664;Hrana
RIŽINE PAHULJ.VITAL BIO 100 g;323221;SPAR Vital;0,1000;kg;1,79;17,90;;;1,59;8001300802983;Hrana
PIR VITAL EKSTRUDIRANI 100 g ;323225;SPAR Vital;0,1000;kg;1,79;17,90;;;1,85;8001300802945;Hrana
PAHULJ.VITAL PIR INTEG.300 g;323227;SPAR Vital;0,3000;kg;2,99;9,97;;;2,91;8001300804130;Hrana
HELJDA SPAR VITAL 500 g;323228;SPAR Vital;0,5000;kg;3,49;6,98;;;3,49;8001300241232;Hrana
PROSO SPAR VITAL 500 g;323230;SPAR Vital;0,5000;kg;3,49;6,98;;;3,49;8001300241263;Hrana
UMAK SPAR PREMIUM SOJA 150 ml ;323243;Premium;0,1500;L;3,49;23,27;;;3,49;8001300242420;Hrana
GAZ.PIÆ.COLA DESPAR 1,5 L ZERO;323275;Despar;1,5000;L;1,19;0,79;;;1,12;8001300112075;Piæa
PIVO KOZEL 4X0,5 L LIM.;323278;Kozel;2,0000;L;;2,45;4,89;5,61;4,51;8594404006369;Piæa
PIVO KOZEL 4X0,5 L LIM.DARK;323283;Kozel;2,0000;L;;2,45;4,89;5,61;4,51;8594404005331;Piæa
GAZIRANO PIÆE COCKTA FREE1,5 L;323295;Cockta;1,5000;L;1,85;1,23;;;1,45;3838471037037;Piæa
CAPPUCCINO GLORIA IRISH 200 g;323296;;0,2000;kg;2,79;13,95;;;2,79;3850291049090;Piæa
GAZIRAN.PIÆE COCKTA FREE 0,5 L;323297;Cockta;0,5000;L;1,25;2,50;;;1,12;3838471037051;Piæa
MICELAR.OTOPINA OLIVAL 100 ml;323318;Olival;0,1000;L;2,99;29,90;;;2,49;3859893186257;Kozmetika
BOJA COLOR NATURALS ZA KO.3.61;323325;Garnier;1,0000;kom;4,99;4,99;;;4,99;3600542213783;Kozmetika
UMAK HEINZ BBQ SLATKI 500 g;323326;Heinz;0,5000;kg;4,19;8,38;;;5,3;8715700419695;Hrana
GEL ZA BRIJA.NIVEA3 MEN 200 ml;323327;Nivea;0,2000;L;5,59;27,95;;;6,69;9005800308432;Kozmetika
REG.FRUCTIS COCON.WATER 200 ml;323346;Garnier;0,2000;L;3,49;17,45;;;3,29;3600541970892;Kozmetika
ŠAM.FRUCTIS COCON.WATER 250 ml;323348;Garnier;0,2500;L;3,49;13,96;;;3,39;3600541970410;Kozmetika
ŠAM.ELSEVE PURPLE 200 ml;323349;Elseve;0,2000;L;5,99;29,95;;;5,59;3600523699162;Kozmetika
RUKAVICE JEDNOKRATNE 10/1 S/M;323350;;1,0000;kom;4,77;4,77;;;4,77;4023103093072;Proizvodi za kuæanstvo
RUKAVICE JEDNOKRATNE 10/1 M/L;323352;;1,0000;kom;4,77;4,77;;;4,77;4023103093089;Proizvodi za kuæanstvo
REF.GLADE MICROSPRAY LOT.10 ml;323368;Glade;1,0000;kom;4,89;4,89;;;5,79;5000204818376;Sredstva za èišæenje
REF.GLADE MICROSPRAY LAV.10 ml;323369;Glade;1,0000;kom;4,89;4,89;;;5,79;5000204820003;Sredstva za èišæenje
VINO ROSE MADIRAZZA 0,75 L;323381;;0,7500;L;16,89;22,52;;;16,89;3859889833561;Piæa
SOK ALOE VERA VITAL 1 L;323391;SPAR Vital;1,0000;l;12,99;12,99;;;13,27;8001300440284;Piæa
VOÆNA ZAB.BEBIV.JAB.KIVI 120 g;323434;Bebivita;0,1200;kg;1,19;9,92;;;1,32;4018852034841;Hrana
PAŠ.S LUK. I BUÈ.SJ.150 g;323467;Krainer;0,1500;kg;1,99;13,27;;;1,99;9004286421659;Hrana
KEKS MILKA TENDER COW 140 g;323474;Milka;0,1400;kg;3,39;24,21;;;3,39;7622210590664;Hrana
SIR MEKI KOZJI SPAR 180 g;323488;SPAR marka kvalitete;0,1800;kg;2,99;16,61;;;2,99;9100000442877;Hrana
SIR SKYR NATUR PUR BIO 400 g;323490;SPAR Natur*pur;0,4000;kg;1,99;4,98;;;1,99;9100000444178;Hrana
DES.MOUSSE ÈOK.SPAR 4x60 g;323495;SPAR marka kvalitete;0,2400;kg;1,59;6,63;;;1,49;9100000158501;Hrana
ŠAMP.BEAUTY KISS MASNA 300 ml;323540;Beauty Kiss;0,3000;L;1,19;3,97;;;1,19;9100000037196;Kozmetika
ŠAMP.BEAUTY KISS NORMAL.300 ml;323541;Beauty Kiss;0,3000;L;1,19;3,97;;;1,19;9100000155135;Kozmetika
BALZAM BEAUTY KISS 125 ml;323546;Beauty Kiss;0,1250;L;1,99;15,92;;;1,99;9100000056531;Kozmetika
RAFFAELLO FERRERO 80 g;323561;Ferrero;0,0800;kg;2,79;34,88;;;2,59;8000500311585;Hrana
DET.PUR WORLD RASPBERRY 450 ml;323718;Pur;0,4500;L;1,49;3,31;;;1,55;9000101355130;Sredstva za èišæenje
SLAD.HD MACADAMIA 460 ml;323724;Häagen Dazs;0,4600;L;;10,85;4,99;6,99;6,99;3415581122831;Hrana
SLAD.HD PRALINE/ŠLAG 460 ml;323729;Häagen Dazs;0,4600;L;;10,85;4,99;6,99;6,99;3415581153835;Hrana
SLAD.HD BELGIJSKA ÈOKOL.460 ml;323730;Häagen Dazs;0,4600;L;;10,85;4,99;6,99;6,99;3415581113839;Hrana
SLADO.HD MANGO/MALINA 460 ml;323731;Häagen Dazs;0,4600;L;;10,85;4,99;6,99;6,99;3415581165838;Hrana
RAVIOLI 4 VRSTE SIRA RAN.250 g;323737;Rana;0,2500;kg;2,99;11,96;;;2,99;8001665713153;Hrana
TORTELLI. RIC/ŠPINA.RANA 250 g;323743;Rana;0,2500;kg;2,99;11,96;;;2,99;8001665713177;Hrana
TORTELLINI PRŠUT RANA 250 g;323746;Rana;0,2500;kg;2,99;11,96;;;2,99;8001665713184;Hrana
MAJONEZA HEINZ SQUEEZE 220 ml;323754;Heinz;0,2200;L;;11,77;2,59;3,29;3,29;87157857;Hrana
MLIJ.LAG.JUTRO 0%M.M. LAKT.1 L;323759;Dukat;1,0000;L;1,99;1,99;;;1,99;3850354017080;Hrana
BRISAÈ KAPLJICA;323783;;1,0000;kom;3,31;3,31;;;3,31;4008033611015;Proizvodi za kuæanstvo
SIR CHEDDAR MILD PRESID.200 g;323832;President;0,2000;kg;4,29;21,45;;;4,45;5017838821610;Hrana
SIR CHEDD.MATURE PRESID.200 g;323835;President;0,2000;kg;4,29;21,45;;;4,45;5017838821658;Hrana
JOG.VOÆ.DUKAT MIX MA/JAG.150 g;323841;Dukat;0,1500;kg;0,59;3,93;;;0,60;3850354012429;Hrana
SIR SV.KREM PRESIDENT 500 g;323855;President;0,5000;kg;;4,78;2,39;2,99;2,99;3850355006021;Hrana
ZAM.MLIJEKO NAN OPTIPRO1 400 g;323862;Nan;0,4000;kg;10,99;27,48;;;10,99;7613036362924;Hrana
ZAM.MLIJEKO NAN OPTIPRO1 800 g;323864;Nan;0,8000;kg;19,49;24,36;;;19,99;7613036362238;Hrana
ZAM.MLIJEKO NAN OPTIPRO2 800 g;323865;Nan;0,8000;kg;18,99;23,74;;;19,99;7613034089984;Hrana
ZAM.MLIJEKO NAN OPTIPRO3 800 g;323868;Nan;0,8000;kg;18,99;23,74;;;18,49;7613034090010;Hrana
ZAM.MLIJEKO NAN OPTIPRO4 800 g;323869;Nan;0,8000;kg;18,99;23,74;;;18,49;7613035424654;Hrana
SIR TRAPIST ZDENKA 45% 400 g;323905;Zdenka;0,4000;kg;6,29;15,73;;;6,29;3858888597559;Hrana
Sir kozji tvrdi Puða;323933;;1,0000;kg;28,99;28,99;;;28,99;3859893092411;Hrana
ZLATNI KRUH SA SJEMENKAMA 300g;323965;;0,3000;kg;1,89;6,30;;;1,89;3858881128965;Hrana
KRUPICA PŠENIÈNA S-BUDGET 1 kg;323983;S-BUDGET;1,0000;kg;0,99;0,99;;;0,99;3856021209765;Hrana
FOLIJA ALUMINIJSKA 10m FINO;324078;;1,0000;kom;2,99;2,99;;;2,99;5900536352046;Proizvodi za kuæanstvo
KIN.SCHOKO BONS WHITE 200 g;324089;Ferrero;0,2000;kg;6,09;30,45;;;5,29;8000500289877;Hrana
PIVO SAN SERVOLO APA 0,33 L;324090;;0,3300;L;2,72;8,24;;;2,72;3859893049156;Piæa
PIVO SAN SERVOLO IPA 0,33 L;324093;;0,3300;L;2,72;8,24;;;2,72;3859893049170;Piæa
FOLIJA ALUMINIJSKA 30m FINO;324098;;1,0000;kom;6,99;6,99;;;6,99;5900536352060;Proizvodi za kuæanstvo
FOLIJA PRIJANJAJUÆA 30m FINO;324100;;1,0000;kom;2,59;2,59;;;2,59;5201314951117;Proizvodi za kuæanstvo
ÈOK.TAMNA ZIGANTE S TART.60 g;324101;Zigante;0,0600;kg;8,75;145,83;;;8,75;3858891980584;Hrana
ÈOK.BIJE.ZIGANTE S TARTUF.60 g;324103;Zigante;0,0600;kg;8,75;145,83;;;8,75;3858891980591;Hrana
VREÆICE ZA LED 240/1 FINO;324104;;1,0000;kom;1,19;1,19;;;1,19;5201314981022;Proizvodi za kuæanstvo
VREÆE ZA SMEÆE UBOJI 60L 20/1 ;324113;;20,0000;kom;2,99;0,15;;;2,99;5201314578031;Proizvodi za kuæanstvo
VREÆE ZA SMEÆE UBOJI 35L 30/1 ;324117;;30,0000;kom;2,89;0,10;;;2,89;5201314579038;Proizvodi za kuæanstvo
VREÆE ZA SMEÆE 120L 10/1 FINO;324122;;10,0000;kom;3,79;0,38;;;3,79;5201314932024;Proizvodi za kuæanstvo
SPUŽVA  FINO PREMIUM 1/1;324125;;1,0000;kom;1,19;1,19;;;1,19;8606013476850;Proizvodi za kuæanstvo
ŽICA ZA PRANJE POSUÐA FINO 2/1;324129;;2,0000;kom;1,72;0,86;;;1,72;5201314911173;Proizvodi za kuæanstvo
KRPA FINO ZA DOMAÆINSTVO 3/1;324130;;3,0000;kom;1,72;0,57;;;1,72;5201314913023;Proizvodi za kuæanstvo
RUKAVICE JEDNOKRATNE M 10/1;324131;;10,0000;kom;2,69;0,27;;;2,69;8606013471435;Proizvodi za kuæanstvo
UM.GO TAN CHILI SLATKI 500 ml;324153;Go-tan;0,5000;l;4,49;8,98;;;5,49;8710605021011;Hrana
KRPA VLAŽNA FINO 4/1;324156;;4,0000;kom;3,31;0,83;;;3,31;8606013475440;Proizvodi za kuæanstvo
OVRATNIK BIOCIDNI ZA PSE 75 cm;324171;Vitakraft;1,0000;kom;5,19;5,19;;;5,20;3838964197682;Proizvodi za kuæanstvo
HRANA ZA PSE PED.PIL.POV.2 kg;324184;Pedigree;2,0000;kg;10,49;5,25;;;10,49;5900951272400;Proizvodi za kuæanstvo
TORTILLA OL TACO 8/1 193 g ;324214;Old El Paso;0,1930;kg;3,99;20,67;;;3,99;8410076472175;Hrana
ÈOKOLADA MERCI NOUGAT 112 g;324235;Merci;0,1120;kg;;17,77;1,99;2,79;2,79;4014400916751;Hrana
PLJESKAVICA SA SIROM 480 g;324260;SPAR BBQ;0,4800;kg;4,59;9,56;;;3,99;3856021212512;Hrana
DEO SPRAY REXONA BLUE 150 ml;324262;Rexona;0,1500;L;2,79;18,60;;;2,99;8717163680544;Kozmetika
SLADOLED LINO LADA 90 ml;324265;Ledo;0,0900;L;1,99;22,11;;;1,99;3850116007328;Hrana
ZUB.P. HIMALAYA COMPLETE 75 ml;324274;Himalaya;0,0750;L;2,99;39,87;;;2,99;8901138825577;Kozmetika
KREMA HIMALAYA HIDRATAN.150 ml;324278;Himalaya;0,1500;L;2,89;19,27;;;3,05;8901138713881;Kozmetika
ZUB.PASTA PARODONTAX HER.75 ml;324347;Parodontax;0,0750;L;;62,00;4,65;5,85;5,59;5054563949615;Kozmetika
MAS.ZA K.FRUCTIS ALOE V.390 ml;324348;Garnier;0,3900;L;7,49;19,21;;;7,49;3600542221108;Kozmetika
ÈOK.KANDI TAM.BEZ DOD.ŠEÆ.80 g;324349;Kandit;0,0800;kg;3,49;43,63;;;3,49;3858889868962;Hrana
ÈOK.KANDI BADE.BEZ DOD.Š.80 g;324351;Kandit;0,0800;kg;3,49;43,63;;;3,49;3858889868948;Hrana
SPREJ RAID CIK 400 ml;324407;Raid;0,4000;L;8,35;20,88;;;8,35;5000204342949;Proizvodi za kuæanstvo
VINO ROSE SAN MARTINO 0,75 L;324413;;0,7500;L;8,49;11,32;;;8,49;3859892237240;Piæa
LIKER AMARO MONTENEGRO 0,7 L;324429;;0,7000;L;17,99;25,70;;;15,42;8000330014694;Piæa
VERMUT LA DOLCE ITALIJA BI.1 L;324435;;1,0000;L;9,29;9,29;;;8,28;8000428029654;Piæa
LIKER MOZART BIJELA ÈOKO.0,5 L;324436;;0,5000;L;18,99;37,98;;;17,22;9013100053303;Piæa
LIKER MOZART GOLD ÈOKOL.0,5 L;324437;;0,5000;L;18,99;37,98;;;17,22;9013100062053;Piæa
GIN MALFY S LIMUNOM 0,7 L;324438;;0,7000;L;22,46;32,09;;;22,46;0853222006042;Piæa
GIN MALFY ORIGINAL 0,7 L;324440;;0,7000;L;28,99;41,41;;;28,02;5000299296028;Piæa
GIN MALFY ROSA 0,7 L;324441;;0,7000;L;28,99;41,41;;;28,02;5000299296066;Piæa
VL.MAR.PAMPERS AQUA 3x48/1;324446;Pampers;144,0000;kom;7,20;0,05;;;7,20;8006540458525;Toaletne potrepštine
VINO BLATO POŠIP VRHUN.0,75 L;324471;;0,7500;L;13,55;18,07;;;14,29;3859888154360;Piæa
BUÈ.GOLICE EUROCOM.PRŽENE 80 g;324493;EUROCOMPANY;0,0800;kg;1,15;14,38;;;0,95;3872084004086;Hrana
BUÈ.GOLICA EUROCOMP.NAT.80 g;324494;EUROCOMPANY;0,0800;kg;1,25;15,63;;;0,99;3872084001955;Hrana
JUHA KREM OD GLJIVA SPAR 64 g;324497;SPAR;0,0640;kg;1,09;17,03;;;1,09;9100000443317;Hrana
JUHA S MESNIM OKRUG. SPAR 63 g;324506;SPAR;0,0630;kg;1,09;17,30;;;1,09;9100000443218;Hrana
JUHA BISTRA S REZAN.SPAR 92 g ;324510;SPAR;0,0920;kg;1,09;11,85;;;1,09;9100000443249;Hrana
JUHA PROLJETNA SPAR 62 g;324514;SPAR;0,0620;kg;1,09;17,58;;;1,09;9100000443270;Hrana
JUHA KREM OD RAJÈICE SPAR 89 g;324521;SPAR;0,0890;kg;1,09;12,25;;;1,09;9100000443355;Hrana
JUHA KREM OD ÈEŠNJAK SPAR 91 g;324523;SPAR;0,0910;kg;1,09;11,98;;;1,09;9100000443331;Hrana
JUHA S OKRU.OD GRISA SPAR 62 g;324525;SPAR;0,0620;kg;1,09;17,58;;;1,09;9100000443195;Hrana
ULJE BABY JOHNSON´S 300 ml ;324546;Johnson's;0,3000;L;5,99;19,97;;;4,49;3574669909204;Kozmetika
ŠAMP.JOHNSON´S BABY 500 ml;324548;Johnson's;0,5000;L;9,75;19,50;;;6,74;3574669907514;Kozmetika
VINO PETULA RO. MARRENON0,75 L;324565;;0,7500;L;12,52;16,69;;;12,52;3256811113911;Piæa
VINO ZVO.BOG.ŽIVOT TEÈE 0,75 L;324568;;0,7500;L;14,19;18,92;;;14,49;8606015090061;Piæa
VINO ZVON. BOG.8 TAMBUR.0,75 L;324570;;0,7500;L;14,99;19,99;;;14,89;8606015090375;Piæa
KUPKA/GEL J´S BABY 500 ml;324577;Johnson's;0,5000;L;8,85;17,70;;;5,99;3574661427935;Kozmetika
ULJE J´S BABY ALOE VERA 300 ml;324593;Johnson's;0,3000;L;6,29;20,97;;;4,69;3574669909181;Kozmetika
VODA VITAMIN WELL CELEBR.0,5 L;324596;;0,5000;L;2,09;4,18;;;2,02;7350042718290;Piæa
ŠAMPON J´S BABY 500 ml;324597;Johnson's;0,5000;L;8,85;17,70;;;6,14;3574661593197;Kozmetika
ŠAMPON J´S BABY 300 ml;324598;Johnson's;0,3000;L;6,69;22,30;;;4,64;3574669907538;Kozmetika
ŠAMPO.J´S BABY KAMILICA 300 ml;324601;Johnson's;0,3000;L;6,69;22,30;;;4,64;3574669907521;Kozmetika
ŠAMPO.J´S BABY KAMILICA 500 ml;324604;Johnson's;0,5000;L;;13,50;6,75;9,75;6,74;3574661593180;Kozmetika
ULJE J´S BABY BEDTIME 300 ml;324609;Johnson's;0,3000;L;6,29;20,97;;;4,69;3574661472010;Kozmetika
KUPKA J´S BABY BEDTIME 500 ml;324610;Johnson's;0,5000;L;;12,30;6,15;8,25;5,59;3574669908641;Kozmetika
GEL ZA TUŠ.FA SPORT ENE.400 ml;324615;Fa;0,4000;L;2,59;6,48;;;4,19;9000100781374;Kozmetika
GEL ZA TUŠ.FA SPORT 400 ml;324619;Fa;0,4000;L;2,59;6,48;;;4,19;3838824142296;Kozmetika
PECIVO JQ BURGER SEZAM  330 g;324694;;0,3300;kg;1,79;5,42;;;1,79;3029330032120;Hrana
PECIVO JQ BURGER 315 g;324695;;0,3150;kg;1,66;5,27;;;1,66;3029330032144;Hrana
SALATA S TJESTEN. S BUDG.400 g;324699;S-Budget;0,4000;kg;1,99;4,98;;;2,19;9100000439891;Hrana
TEK.SAP.S-BUDGET LAVAN.1 L;324765;S-BUDGET;1,0000;L;1,15;1,15;;;1,15;3856021212123;Kozmetika
TEK.SAP.S-BUDGET MED I KOK.1 L;324767;SPAR;1,0000;L;1,15;1,15;;;1,15;3856021212147;Kozmetika
TEK.SAP.S-BUDGET MED I MLI.1 L;324768;SPAR;1,0000;L;1,15;1,15;;;1,15;3856021212161;Kozmetika
GIN ROSSI NOSTROMO 0,5 L;324769;;0,5000;L;19,99;39,98;;;28,12;3859891585427;Piæa
VINO CECC.CHIANTI CLASS 0,75 L;324782;;0,7500;L;12,89;17,19;;;12,99;8006030050819;Piæa
PROSECCO CANELLA DOC 0,75 L;324785;;0,7500;L;;11,99;8,99;11,62;10,49;8006233000215;Piæa
LIKER ROSSI TERANINO 0,5 L;324789;;0,5000;L;;31,98;15,99;19,52;19,52;3859891585434;Piæa
TUNA FJK ODREZ.VLAS.SOK 170 g;324799;Franz Jozef Kaiser;0,1200;kg;;19,25;2,31;2,89;2,89;8595241525402;Hrana
SARDINA FJK FILET SU.ULJE 90 g;324801;Franz Jozef Kaiser;0,0630;kg;;25,24;1,59;1,99;1,99;8595241524689;Hrana
ZUB.PASTA COLGATE MA.WH.100 ml;324803;Colgate;0,1000;L;2,99;29,90;;;2,99;8718951312722;Kozmetika
ZUB.PASTA COLGATE MAX F.100 ml;324804;Colgate;0,1000;L;2,99;29,90;;;2,99;8718951313576;Kozmetika
SKYR NATUR SPAR 500 g;324825;SPAR;0,5000;kg;1,79;3,58;;;1,79;9100000009681;Hrana
PANIR.ODREZ. SA ŠPINATOM 440 g;324836;AiA;0,4400;kg;2,99;6,80;;;3,19;8008110013417;Hrana
PANIRANI MEDALJONI  430 g;324837;AiA;0,4300;kg;2,99;6,95;;;3,19;8008110016395;Hrana
ZUB.PAS.BIOREPAIR TOTAL 75ml;324896;BIOREPAIR;0,0750;L;;26,53;1,99;4,49;4,49;8017331069523;Kozmetika
VODA CETINA DINARA GAZIR.1,5 L;324928;Cetina;1,5000;L;,79;0,53;;;0,78;3859890129028;Piæa
ŠTRUDLA S JABUKAMA 135 g;324947;;0,1350;kg;1,40;10,37;;;1,40;3858889891939;Hrana
Kruh Kalnièki 600 g;324953;Vlastite potrebe;0,6000;kg;1,02;1,70;;;2,29;3858881121706;Hrana
MLIJ.BEZ LAK VIND.2,8% 0,2 L;324986;Z Bregov;0,2000;L;0,59;2,95;;;0,59;3850108023558;Hrana
NJOKI PIROVI DIVITA 500 g;324989;;0,5000;kg;2,19;4,38;;;2,19;3831001819240;Hrana
ZUB.PA.ELMEX SENSI.WHITE.75 ml;325018;Elmex;0,0750;L;4,39;58,53;;;4,39;8714789926278;Kozmetika
ZUB.PA.ELMEX SENS.PROFES.75 ml;325020;Elmex;0,0750;L;5,79;77,20;;;5,39;8718951025998;Kozmetika
ZUB.PA.ELMEX CARIES PROF.75 ml;325023;Elmex;0,0750;L;5,79;77,20;;;5,39;8718951279551;Kozmetika
ZAÈIN VEGETA NATUR GRILL 80 g;325035;Podravka;0,0800;kg;2,19;27,38;;;1,99;3856020227494;Hrana
ENJOY MASL.ULJE+ACCETO 25 ml;325043;SPAR enjoy;0,0250;L;1,09;43,60;;;1,09;3856021212970;Hrana
ENJOY MASL.ULJE+LIMUN 25 ml;325044;SPAR enjoy;0,0250;L;1,09;43,60;;;1,09;3856021213014;Hrana
ENJOY BUÈ.ULJE+JABU.OCAT 25 ml;325046;SPAR enjoy;0,0250;l;1,09;43,60;;;1,09;3856021212994;Hrana
ENJOY DRESSING TARTAR 25 g;325049;SPAR enjoy;0,0250;kg;0,49;19,60;;;0,49;3856021212956;Hrana
ENJOY DRESSING MAJONEZA 15 g;325050;SPAR enjoy;0,0150;kg;0,49;32,67;;;0,49;3856021212932;Hrana
KETCHUP ENJOY 15 g;325053;SPAR enjoy;0,0150;kg;0,49;32,67;;;0,49;3856021212918;Hrana
ENJOY SENF 20 g;325054;SPAR enjoy;0,0200;kg;0,59;29,50;;;0,59;3856021212895;Hrana
ZAÈIN VEGETA NATUR BURGER 30 g;325067;Vegeta;0,0300;kg;1,19;39,67;;;1,19;3856020228910;Hrana
ZAÈ.VEGETA NAT.MEKS.JELA 30 g;325072;Vegeta;0,0300;kg;1,19;39,67;;;1,19;3856020229290;Hrana
BAKALAR PREMIUM KLASIK 90 g;325079;SPAR PREMIUM;0,0900;kg;;23,22;2,09;2,59;2,59;8001300242253;Hrana
BAKALAR PREMIUM MASLINE 90 g;325080;SPAR PREMIUM;0,0900;kg;;23,22;2,09;2,59;2,59;8001300242260;Hrana
VAFEL LOACKER DUPLA ÈOK.175 g;325098;Loacker;0,1750;kg;2,19;12,51;;;2,19;8000380192199;Hrana
GIN BATHUB 0,7 L;325141;;0,7000;L;37,19;53,13;;;37,19;5052598008628;Piæa
GIN BULLDOG 0,7 L;325143;;0,7000;L;31,09;44,41;;;29,99;0897076002010;Piæa
GIN BEEFEATER 1 L;325208;;1,0000;L;28,89;28,89;;;28,22;5000329002278;Piæa
GAZIRANO PIÆE COCKTA 0,33 L LI;325215;Cockta;0,3300;L;1,09;3,30;;;1,02;3838471038027;Piæa
VODA CETINA 1,5 L NEGAZIRANA;325223;Cetina;1,5000;L;,85;0,57;;;0,78;3859890129004;Piæa
PIVO 1664 BLANC 0,5 L LIMENKA;325228;;0,5000;L;1,59;3,18;;;1,59;3080216031811;Piæa
PIVO BLANC 0,33L NB;325231;Blanc;0,3300;L;1,42;4,30;;;1,42;3080216015507;Piæa
ZAÈIN KURKUMA NADALINA 45 g;325263;Nadalina;0,0450;kg;2,09;46,44;;;2,09;3858881585294;Hrana
EKSP.PROIZ.VITAL KUK.MAHU.70 g;325278;SPAR Vital;0,0700;kg;1,99;28,43;;;1,99;8001300803577;Hrana
EKSP.PROIZ.VITAL KUK.SLAN.90 g;325279;SPAR Vital;0,0900;kg;1,99;22,11;;;1,99;8001300803553;Hrana
VODA JANA VITAMI.MEN/LIM 0,5 L;325282;Jana;0,5000;L;1,19;2,38;;;1,19;3858890874570;Piæa
BOMBONI SKITTLES SMOOTHIE 95 g;325285;Skittles;0,0950;kg;1,59;16,74;;;1,59;4009900531559;Hrana
BOMB.GUM.HARIBO BOBICE 100 g;325290;Haribo;0,1000;kg;1,59;15,90;;;1,59;9002975328548;Hrana
BOMB.GUM.HARIBO CRVI 100 g;325291;Haribo;0,1000;kg;1,59;15,90;;;1,59;9002975377379;Hrana
JOG. DANONIN.JAGODA TO GO 70 g;325297;Danone;0,0700;kg;0,99;14,14;;;0,99;7350000550214;Hrana
PROSECCO MIONETTO YELLOW0,75 L;325339;;0,7500;L;19,29;25,72;;;19,69;8006220001942;Piæa
RIŽA NA MLI.MÜLL.JAGOODA 200 g;325342;Müller;0,2000;kg;0,95;4,75;;;0,92;40858227;Hrana
GIN CLASSIC SCAPEGRACE 0,7 L;325364;;0,7000;L;29,99;42,84;;;39,84;9421903387233;Piæa
VINO ADŽIÆ ROSE 0,75 L;325366;;0,7500;L;17,39;23,19;;;17,39;3859890469148;Piæa
QUINOA BURGER SPAR 450 g;325379;SPAR BBQ;0,4500;kg;3,99;8,87;;;2,99;9100000831763;Hrana
VINO PALIHN. PLAVAC PEL.0,75 L;325393;;0,7500;L;5,09;6,79;;;4,79;3859892911072;Piæa
VINO PALIHNIÆ PLAV. ROSE0,75 L;325396;;0,7500;L;4,79;6,39;;;4,79;3859892911232;Piæa
VINO PALIHNIÆ CUVEE KU. 0,75 L;325398;;0,7500;L;5,49;7,32;;;5,49;3859892911256;Piæa
VINO PALIHNIÆ PLAV.MALI 0,75 L;325400;;0,7500;L;8,29;11,05;;;9,19;3859892911430;Piæa
VINO PALIHNIÆ PROŠPER 0,75 L;325402;;0,7500;L;7,99;10,65;;;7,99;3859892911294;Piæa
OSVJEŽ.PIÆE DESPAR CR.NAR.1 L;325432;Despar;1,0000;L;2,29;2,29;;;2,29;8001300151111;Piæa
VODA S BUDGET LIMUN 1,5 L;325433;S-Budget;1,5000;L;,89;0,59;;;0,85;9100000045047;Piæa
ÈAJ EKO KORIJEN MASLAÈAK 50 g;325468;Darvitalis;0,0500;kg;3,99;79,80;;;3,99;3858890832716;Piæa
VINO PALIHNIÆ RUKATAC 1 L;325469;;1,0000;L;5,09;5,09;;;5,09;3859892911102;Piæa
NAPITAK ÈOK.SHAKE Z BREG.0,2 L;325497;Z Bregov;0,2000;L;1,09;5,45;;;1,09;3850108035407;Piæa
NAPITAK VAN.SHAKE Z BREG.0,2 L;325501;Z Bregov;0,2000;L;1,09;5,45;;;1,09;3850108035421;Piæa
JOGUR.PROT.SKYR ŠUM.VOÆE 200 g;325506;Z Bregov;0,2000;kg;1,29;6,45;;;1,29;3850108032321;Hrana
JOG. PROT.SKYR ZOB/GROŽ.200 g;325508;Z Bregov;0,2000;kg;1,29;6,45;;;1,29;3850108032345;Hrana
MLIJEK.CRNA ÈOK.DUKAT 0,5 L ;325514;Dukat;0,5000;L;1,69;3,38;;;1,69;3850354014638;Hrana
MLIJ.BIJELA ÈOK.DUKAT 0,5 L ;325515;Dukat;0,5000;L;1,69;3,38;;;1,69;3850354014652;Hrana
NAMAZ BAKALAR OLIVETO 90 g;325518;;0,0900;kg;3,89;43,22;;;3,59;3859890853237;Hrana
NAMAZ BAKALAR TARTUFINO 90 g;325519;;0,0900;kg;4,69;52,11;;;4,19;3859890853220;Hrana
CREMA BAKALAR NA BIJELO 100 g;325520;;0,1000;kg;3,49;34,90;;;3,19;3859890853053;Hrana
CREMA BAKALAR TARTUFINO 100 g;325521;;0,1000;kg;3,49;34,90;;;3,19;3859890853152;Hrana
BAKALAR NA BIJELO B.MAMMA 90 g;325522;;0,0900;kg;3,59;39,89;;;3,29;3859890853015;Hrana
SIR KREM ABC 500 g;325592;Belje;0,5000;kg;5,49;10,98;;;5,49;3850257060657;Hrana
SUN MELEM ZA USNE SPF30 4,5 g;325596;Melem;1,0000;kom;3,30;3,30;;;3,30;3856007910098;Kozmetika
SPAR SODA VODA GREJP 0,33 L;325607;SPAR;0,3300;L;,75;2,27;;;0,72;9100000444406;Piæa
BRUSCHETTE MARETTI 140 g;325608;Maretti;0,1400;kg;1,58;11,29;;;1,59;3800205877547;Hrana
SPAR SODA VODA MENTA 0,33 L;325609;SPAR;0,3300;L;,75;2,27;;;0,72;9100000444420;Piæa
SPAR SODA VODA LIMUN 0,33 L;325612;SPAR;0,3300;L;,75;2,27;;;0,72;9100000045184;Piæa
BRESAOLA OD JELENA 60 g;325623;Lovski;0,0600;kg;3,19;53,17;;;3,19;3859893534058;Hrana
REG. ELSESVE DREAM LONG 200 ml;325625;Elseve;0,2000;L;4,49;22,45;;;4,39;3600523756193;Kozmetika
ŠAM.ELSEVE DREAM LONG 250 ml;325633;Elseve;0,2500;L;4,49;17,96;;;4,39;3600523756155;Kozmetika
ŠAMPO.ELSEVE DREAM LONG 400 ml;325643;Elseve;0,4000;L;5,89;14,73;;;5,89;3600523756209;Kozmetika
MAS.ZA K.ELSEVE DREAM L.300 ml;325644;Elseve;0,3000;L;6,95;23,17;;;6,95;3600523756308;Kozmetika
FILET.INÆ.SUNC.ULJU PELAG.200g;325705;;0,1300;kg;9,99;76,85;;;9,99;3857500068477;Hrana
INÆUNI MAR. SUN.ULJ.PELA.120 g;325711;;0,0700;kg;4,19;59,86;;;4,19;3859893545078;Hrana
SRDELA FILET SUNC.PELAG.120 g;325715;;0,0700;kg;3,89;55,57;;;3,69;3859893545085;Hrana
FILET.INÆ.SUNC.ULJU PELA.120 g;325718;;0,0700;kg;4,29;61,29;;;4,29;3859893545061;Hrana
INÆUNI MAR. SUN.ULJ.PELA.200 g;325722;;0,1300;kg;8,99;69,15;;;8,99;3857500068446;Hrana
TAMP.JASMIN NATURE NORMAL 16/1;325735;Jasmin Nature;16,0000;kom;2,25;0,14;;;2,49;3838985899978;Toaletne potrepštine
VODKA VIGOR ORIGINAL 0,7 L;325748;;0,7000;L;9,05;12,93;;;9,08;3850112142115;Piæa
VODKA VIGOR ORIGINAL 1 L ;325751;;1,0000;L;12,02;12,02;;;12,02;3850112142993;Piæa
DET.ZA RUBLJE SPLENDID 5,5 kg;325755;Splendid;5,5000;kg;13,99;2,54;;;10,99;9100000971704;Sredstva za èišæenje
VODKA VIGOR WILD BERRY 0,7 L;325757;;0,7000;L;9,22;13,17;;;9,22;3850112142955;Piæa
GIN SAX PINK 37,5% 0,7 L;325759;;0,7000;L;;14,27;9,99;12,58;12,58;3850112142917;Piæa
GIN SAX ORIGINAL 37,5% 1 L;325761;;1,0000;L;15,02;15,02;;;15,02;3850112142153;Piæa
DET.SPLENDID COLOR 5,5 kg;325762;Splendid;5,5000;kg;13,99;2,54;;;10,99;9100000447162;Sredstva za èišæenje
DOD.JE.FANT LAZANJE 70 g;325763;;0,0700;kg;1,39;19,86;;;1,39;3850104295492;Hrana
VINJAK RUBIN 38% 1 L ;325764;;1,0000;L;17,09;17,09;;;17,09;8600074921106;Piæa
VINO VRANAC CRNOGOR. KVAL.1 L;325769;;1,0000;L;4,09;4,09;;;4,65;3899003001070;Piæa
DET.COLOR SPLENDID 1,65 kg;325770;Splendid;1,6500;kg;4,49;2,72;;;4,49;9100000447209;Sredstva za èišæenje
KOST VITAKRAFT PRIR.KOŽA 14 cm;325798;Vitakraft;1,0000;kom;2,39;2,39;;;2,39;4008239582775;Proizvodi za kuæanstvo
INSTANT KAKAO NESQUIK 13,5 g;325802;Nesquik;0,0135;kg;0,89;65,93;;;0,89;7613036624008;Piæa
INS.KAVA NESCAFE 3U1 16,5 g;325812;Nescafe;0,0165;kg;0,35;21,21;;;0,35;5941017016415;Piæa
KINDER PARADISO 29 g;325819;Kinder;0,0290;kg;0,75;25,86;;;0,65;80052807;Hrana
INSTANT KAVA NESCAFE 2U1 8 g;325820;Nescafe;0,0080;kg;0,35;43,75;;;0,35;59945345;Piæa
INS.KAV.NES.SMEÐ.ŠEÆ.3U1 165 g;325836;Nescafe;0,1650;kg;2,99;18,12;;;2,99;7613036844475;Piæa
ROLL ON BOROTALCO SEA 50 ml;325846;Borotalco;0,0500;L;3,99;79,80;;;3,50;80859840;Kozmetika
ROLL ON BOROTALCO ACTIVE 50 ml;325855;Borotalco;0,0500;L;3,99;79,80;;;3,50;80945819;Kozmetika
BLAZINICE CAROLI 120/1;325868;Jean Carol;120,0000;kom;1,95;0,02;;;2,12;4000576397821;Toaletne potrepštine
BLAZINICE JEAN CAROL 90/1;325869;Jean Carol;90,0000;kom;1,75;0,02;;;1,75;4000576396909;Toaletne potrepštine
ŠEÆ.PASTA VEET ZA DEPIL.250 ml;325870;Veet;0,2500;L;9,99;39,96;;;9,95;4002448114017;Kozmetika
GRAH CARNEX  SA SLANINOM 400 g;325876;Carnex;0,4000;kg;3,99;9,98;;;3,69;8600012700282;Hrana
GRAH CARNEX S KOBASICOM 400 g;325878;Carnex;0,4000;kg;3,99;9,98;;;3,69;8600012700299;Hrana
PUNJENA PAPRIKA CARNEX  400 g;325882;Carnex;0,4000;kg;3,99;9,98;;;3,69;8600012700428;Hrana
MESNE OKRUGLICE CARNEX  400 g;325883;Carnex;0,4000;kg;3,99;9,98;;;3,69;8600012700329;Hrana
NAPITAK BOLERO INST.BAZGA 9 g;325914;Bolero;0,0090;kg;0,99;110,00;;;0,99;3800048223488;Hrana
NAPITAK BOLERO INS.LED.ÈAJ 9 g;325916;Bolero;0,0090;kg;0,99;110,00;;;0,99;3800048203022;Hrana
NAPITAK BOLERO INS.LIMUN 9 g;325918;Bolero;0,0090;kg;0,99;110,00;;;0,99;3800048200038;Hrana
NAPITAK BOLERO INS.NARAN.9 g;325919;Bolero;0,0090;kg;0,99;110,00;;;0,99;3800048200045;Hrana
Pršut drniški;325921;Dimmes;1,0000;kg;;29,99;29,99;35,99;35,99;3859892362874;Hrana
PRŠUT DRNIŠKI 100 g NAREZAK;325922;Dimmes;0,1000;kg;3,39;33,90;;;3,39;3859892362850;Hrana
PIVO PAN RADL.BRES./ÐUM.0,5 L ;325923;Pan;0,5000;L;1,59;3,18;;;1,68;3858887583225;Piæa
PJEN.JP CHENET ICE WHITE0,75 L;325926;;0,7500;L;5,72;7,63;;;5,72;3500610085338;Piæa
PJEN. JP CHENET ICE ROSE 0,75L;325929;;0,7500;L;5,72;7,63;;;5,72;3500610093708;Piæa
VINO JP CHE.GRENA. ROSE0,75 L;325933;;0,7500;L;5,99;7,99;;;5,49;3263286301385;Piæa
PJEN.SREB.PENINA MUŠKAT 0,75 L;326136;;0,7500;L;;9,99;7,49;9,82;9,82;3830000344074;Piæa
PREPEÈEN. RAKIJA OD ŠLIVA 1 L;326139;;1,0000;L;19,39;19,39;;;19,39;8600074221077;Piæa
LIGNJA PATAGONIJSKA CIJE.500 g;326161;Ledo;0,5000;kg;7,99;15,98;;;7,99;3850116713250;Hrana
JUICE VINDI NARANÈA 1 L;326166;Vindija;1,0000;L;2,79;2,79;;;2,79;3850108075397;Piæa
JUICE VINDI JABUKA 1 L;326170;Vindija;1,0000;L;2,05;2,05;;;1,95;3850108076776;Piæa
JUICE VINDI ANANAS 1 L;326172;Vindija;1,0000;L;2,59;2,59;;;2,59;3850108075380;Piæa
SP SKUPLJAÈ PRAŠINE+2 REZ.KRP.;326213;Splendid;1,0000;kom;4,99;4,99;;;4,99;9100000637761;Proizvodi za kuæanstvo
SP REZERVNE KRPICE 8/1;326216;Splendid;8,0000;kom;3,19;0,40;;;3,19;9100000637778;Proizvodi za kuæanstvo
SP KRPICA ZA PRAŠINU 35x38cm;326219;Splendid;1,0000;kom;1,99;1,99;;;1,99;9100000637822;Proizvodi za kuæanstvo
SP KRPA ZA BRISANJE PODA ;326220;Splendid;1,0000;kom;3,31;3,31;;;3,31;9100000637839;Proizvodi za kuæanstvo
SP KRPA ZA BRISANJE PROZORA ;326221;Splendid;1,0000;kom;1,99;1,99;;;1,99;9100000637846;Proizvodi za kuæanstvo
SP KRPA ZA BRISANJE KUPAONE;326222;Splendid;1,0000;kom;1,99;1,99;;;1,99;9100000637853;Proizvodi za kuæanstvo
NAPOLITANKE JAFFA CREME 187 g;326360;Jaffa;0,1870;kg;1,69;9,04;;;1,69;8600114005841;Hrana
NAPOL.JAFFA ŠLAG I ÈOKO. 187 g;326364;Jaffa;0,1870;kg;1,69;9,04;;;1,69;8600114006626;Hrana
PJEN.FREIXENET ITALI.ROSE0,75L;326390;Freixenet;0,7500;L;14,99;19,99;;;17,79;8410036806934;Piæa
VINO DOMODO ZINFANDEL 0,75 L;326392;;0,7500;L;6,29;8,39;;;5,98;8023354314212;Piæa
VINO DOMODO SANGIOVESE 0,75 L;326393;;0,7500;L;5,89;7,85;;;5,6;8023354422115;Piæa
VINO PLAVAC PREM.TER. M 0,75 L;326394;;0,7500;L;19,99;26,65;;;20,29;3859893386015;Piæa
KAVA FRANCK COFFE&GO INT. 9 g;326397;Franck;0,0090;kg;0,45;50,00;;;0,39;3850291049267;Piæa
KAVA FRANCK COF&GO ORIGI. 9 g;326398;Franck;0,0090;kg;0,45;50,00;;;0,39;3850291049281;Piæa
OSVJ.DUCK AC MARINE 2X38,6 g;326409;Duck;1,0000;kom;4,49;4,49;;;2,45;5000204210682;Sredstva za èišæenje
Mrkva ribana-Julienne;326410;SPAR enjoy;1,0000;kg;4,49;4,49;;;4,49;;Hrana
Kupus bijeli ribani-Julienne;326411;SPAR enjoy;1,0000;kg;3,99;3,99;;;3,99;;Hrana
Kupus crveni ribani-Julienne;326412;SPAR enjoy;1,0000;kg;4,29;4,29;;;4,29;;Hrana
OSV.ZA WC BREF FRESH FL.2X50 g;326429;Bref;0,1000;kg;3,29;32,90;;;4,95;9000101028614;Sredstva za èišæenje
OSVJ.WC BREF FLOWER 3X50 g;326433;Bref;0,1500;kg;3,99;26,60;;;5,95;9000101024067;Sredstva za èišæenje
HRENOVKE JELI 200 g;326455;Jeli;0,2000;kg;2,09;10,45;;;2,09;3858892720103;Hrana
SENDVIÈ SALAMA NAREZAK 100 g;326466;Pik;0,1000;kg;1,79;17,90;;;1,79;3850139181227;Hrana
TP VIOLETA BRESKVA S& 3SL.20/1;326482;Violeta;20,0000;kom;5,3;0,27;;;5,3;3859892289652;Toaletne potrepštine
MAGNEZIJ GEL 250 ml;326495;Olival;0,2500;L;4,99;19,96;;;4,59;3858892692295;Kozmetika
PIVO PILSNER URQUEL 4x0,5 L;326559;Pilsner;2,0000;L;;2,80;5,59;6,11;5,21;8594404005409;Piæa
Žlomprt istarski ;326569;;1,0000;kg;19,99;19,99;;;24,54;3858884938103;Hrana
ŽELIN DOLCELA 3:1 25 g;326595;Dolcela;0,0250;kg;1,49;59,60;;;1,09;3856020211011;Hrana
ZAÈIN KIM CRNI KOTANYI 55 g;326599;Kotanyi;0,0550;kg;3,29;59,82;;;2,99;9001414240465;Hrana
ZAÈ.GRILL SMOKED KOTANYI 80 g;326601;Kotanyi;0,0800;kg;2,99;37,38;;;1,34;9001414306840;Hrana
ZAÈIN KLEKOVE BOBICE 32 g;326606;Kotanyi;0,0320;kg;3,29;102,81;;;2,99;9001414240533;Hrana
ZAÈIN KOTANYI TALIJANSKI 20 g;326608;Kotanyi;0,0200;kg;1,19;59,50;;;0,99;9001414601341;Hrana
ZAÈIN PAPAR CRVENI ZRNO 25 g;326610;Kotanyi;0,0250;kg;3,99;159,60;;;3,44;9001414240830;Hrana
ZAÈIN CHILI PEPERONCINI 38 g;326612;Kotanyi;0,0380;kg;3,29;86,58;;;2,99;9001414146132;Hrana
ZAÈIN DIM.CHILI PAPRIÈICE 36 g;326614;Kotanyi;0,0360;kg;5,19;144,17;;;5,19;9001414601198;Hrana
SOL MORSKA CHILI I ÈEŠNJA.72 g;326619;Kotanyi;0,0720;kg;2,25;31,25;;;2,25;9001414143995;Hrana
VINO MARIJAN ARM.TERAN 0,75 L;326645;;0,7500;L;16,29;21,72;;;16,29;3859893024085;Piæa
VINO MAR.AR.CAB.SAUVIGN.0,75 L;326647;;0,7500;L;16,29;21,72;;;16,29;3859893024108;Piæa
EN.NAP.MONSTER MANGO LOC.0,5 L;326742;Monster;0,5000;L;1,95;3,90;;;1,95;5060639121618;Piæa
KREM.GARNIER S.N.ALOE 50 ml;326754;Garnier;0,0500;l;7,99;159,80;;;7,99;3600542243377;Kozmetika
DJ.ŠTAPIÆI ZA UŠI TO TO 60/1 ;326860;Toto;60,0000;kom;1,15;0,02;;;1,16;3838985889085;Toaletne potrepštine
KRUH POLUBIJELI PAK.700 g;326865;;0,7000;kg;1,47;2,10;;;1,47;3858881127500;Hrana
VINO ZLATAN POŠIP 0,75 L;326915;;0,7500;L;13,52;18,03;;;13,52;3859888437418;Piæa
VINO ZLATAN CRLJ.ZINFA.0,75 L;326918;;0,7500;L;23,52;31,36;;;23,52;3859888437425;Piæa
VINO SA.HIL.MALA NEVINA 0,75 L;326919;;0,7500;L;21,79;29,05;;;21,79;3857000002179;Piæa
MOZZARELLA MINI MEGGLE 125 g;326928;Meggle;0,1250;kg;1,99;15,92;;;1,89;4006496029101;Hrana
MIN.VODA RADENSKA 4X1,5L;326940;Radenska;6,0000;L;;0,50;2,99;3,29;2,89;3830065021231;Piæa
OSVJEŽA.PIÆE VINDI NAR/NEK 1 L;326942;Vindija;1,0000;L;1,49;1,49;;;1,49;3850108073089;Piæa
OSVJEŽAVAJU.PIÆE VINDI BCE 1 L;326944;Vindija;1,0000;L;1,49;1,49;;;1,49;3850108072778;Piæa
JOG.GRÈKI TIP 10%NP BIO 400 g;326954;Spar Natur pur;0,4000;kg;1,99;4,98;;;1,99;9100000449654;Hrana
OSLIÆ FILET HUBBSY FROZY 500 g;326955;Frozy;0,5000;kg;4,79;9,58;;;4,99;3858891041889;Hrana
ZAGORSKI ŠTRUKLJI FROZY 540 g;326956;Frozy;0,5400;kg;4,39;8,13;;;4,39;3858891043753;Hrana
RAKIJA OD VOÆA DUNJA 0,7 L;326969;;0,7000;L;18,99;27,13;;;18,59;3858894170081;Piæa
SIR ŠOKAC TRAPIST 600 g;326999;;0,6000;kg;7,69;12,82;;;7,69;3858888597672;Hrana
GAZ.PIÆE PEPSI MAX LIMETA 2 L;327008;Pepsi;2,0000;L;;0,93;1,85;1,99;2,05;3830065021132;Piæa
KREMA MEN UNIVEZALNA 125 ml;327020;Afrodita;0,1250;L;4,49;35,92;;;4,99;3831070653912;Kozmetika
JOG.TEK.0,1% VITAL 150 g;327021;SPAR Vital;0,1500;kg;0,35;2,33;;;0,35;3856021212871;Hrana
ODSTRANJ.ZA NOKTE ULJNI 100 ml;327022;Afrodita;0,1000;L;2,79;27,90;;;2,99;3831070655213;Kozmetika
AROMA SPAR RUM 4x2 ml;327045;SPAR;0,0080;l;;68,75;0,55;,79;0,79;9100000157993;Hrana
KR.ZA TIJELO B.KISS 300 ml ;327296;Beauty Kiss;0,3000;L;2,69;8,97;;;2,65;9100000154916;Kozmetika
ULJE MASL.EX.D.CASOLARE 500 ml;327302;;0,5000;L;8,99;17,98;;;8,99;8007153001597;Hrana
TJEST.ZLA.PO.REZANCI PIR 400 g;327349;Zlato Polje;0,4000;kg;2,79;6,98;;;2,79;3838700016130;Hrana
TJESTI.ZL.PO.ŠKOLJKE PIR 350 g;327350;Zlato Polje;0,3500;kg;1,99;5,69;;;1,99;3838700010381;Hrana
KOLAÈ PANNA COTTA MALINA 120 g;327362;Dolcela;0,1200;kg;2,29;19,08;;;2,29;3856020229825;Hrana
JOG.TEK.2,8% Z BREG. TT.200 g ;327369;Z Bregov;0,2000;kg;0,49;2,45;;;0,49;3850108032505;Hrana
JOGURT 2,8%Z BREG.TTOP 1000 g;327370;Z Bregov;1,0000;kg;2,39;2,39;;;2,29;3850108032529;Hrana
KAVA BARCAFFE BIJE. KAVA 160 g;327424;Barcaffe;0,1600;kg;;22,44;3,59;4,49;3,98;3838471037792;Piæa
KAVA BARCAFFE ESPRESSO 70 g;327425;Barcaffe;0,0700;kg;;51,29;3,59;4,49;3,98;3838471037754;Piæa
KAVA BARCAFFE CAPPUCCINO 120 g;327426;Barcaffe;0,1200;kg;;29,92;3,59;4,49;3,98;3838471037778;Piæa
BOMBONI U JAJU LICENCA 10 g;327452;Ajax;0,0100;kg;1,49;149,00;;;1,32;8714786243552;Hrana
MUS.PLOÈ.SPAR VIT.VOÆE 6x21 g;327456;SPAR Vital;0,1260;kg;1,39;11,03;;;1,39;8001300803478;Hrana
MUS.PLOÈ.SPAR VITA.ÈOKO.6x21 g;327457;SPAR Vital;0,1260;kg;1,39;11,03;;;1,39;8001300803461;Hrana
HRENOVKA PILEÆA EXTRA 100 g;327469;Perutnina;0,1000;kg;0,55;5,50;;;0,55;3850220153805;Hrana
Krila raže;327482;;1,0000;kg;14,99;14,99;;;18,79;93856024302459;Hrana
DET.ZA SUÐE LIKVI ULTRA 1,35 L;327514;Likvi;1,3500;L;3,49;2,59;;;2,99;3850105170538;Sredstva za èišæenje
DET.ZA SUÐE LIKVI 1,35 L;327515;Likvi;1,3500;L;3,49;2,59;;;2,99;3850105170415;Sredstva za èišæenje
DET.ZA SUÐE LIKVI 1,35 L;327516;Likvi;1,3500;L;3,49;2,59;;;2,99;3850105170330;Sredstva za èišæenje
DET.ZA SUÐ.LIKVI BALSAM 900 ml;327519;Likvi;0,9000;L;3,89;4,32;;;1,74;3850105170682;Sredstva za èišæenje
SOK HAPPY DAY ANANAS 100%1 L;327520;Happy Day;1,0000;L;3,49;3,49;;;3,49;90087769;Piæa
DET.ZA SUÐE LIKVI ULTRA 900 ml;327521;Likvi;0,9000;L;2,49;2,77;;;1,74;3850105170460;Sredstva za èišæenje
Mort.Bologna Stella Negroni;327523;Montorsi;1,0000;kg;12,49;12,49;;;12,49;0211096900000;Hrana
VINO EMILIA MALVAZIJA 0,75 L;327540;;0,7500;L;8,02;10,69;;;8,02;3859889132626;Piæa
VINO EMILIA MUŠKAT 0,75 L;327541;;0,7500;L;8,32;11,09;;;8,32;3859889132664;Piæa
VODA JANA MENTA/LIMETA 1,5 L;327545;Jana;1,5000;L;1,79;1,19;;;1,79;3858890874686;Piæa
SP ÈAROBNE KRPE 4/1 23496;327593;Splendid;1,0000;kom;2,99;2,99;;;2,99;9100000829722;Proizvodi za kuæanstvo
SP BRISAÈ PODA 24817;327595;Splendid;1,0000;kom;11,29;11,29;;;11,29;9100000637723;Proizvodi za kuæanstvo
SIRUP MONIN ELDERFLOWER 0,25 L;327596;;0,2500;L;6,59;26,36;;;6,59;3052911188909;Piæa
SIRUP KAPRONCA BAZGA 0,47 L;327599;;0,4700;L;6,29;13,38;;;6,38;3859892896195;Piæa
SIRUP KAPRONCA MENTA 0,47 L;327600;;0,4700;L;6,29;13,38;;;6,38;3859892896218;Piæa
SIRUP KAPRONCA MALINA 0,47 L;327601;;0,4700;L;6,69;14,23;;;6,92;3859892896201;Piæa
ZAÈIN PAPAR CRVENI ZRNO 25 g;327614;Kotanyi;0,0250;KG;2,78;111,20;;;2,78;9001414440834;Piæa
ULOŠCI CAREFREE ALOE 56/1;327745;Carefree;56,0000;kom;3,45;0,06;;;3,35;3574661552804;Toaletne potrepštine
ULOŠCI CAREFREE FLEXI 56/1;327746;Carefree;56,0000;kom;3,49;0,06;;;3,39;3574661552576;Toaletne potrepštine
SOK JUICY MULTIVIT.1 L 100%;327748;Juicy;1,0000;L;2,29;2,29;;;2,35;3858890977349;Piæa
ZAÈ.VEGETA NATUR KRUMPIR 60 g;327765;Vegeta;0,0600;kom;2,19;36,50;;;1,52;3856020227586;Hrana
BOMB.ÈOKOLADNI RIESEN 105 g;327783;Storck;0,1050;kg;1,49;14,19;;;1,65;4014400908589;Hrana
ÈOKOLADA MERCI PETITS 125 g;327784;Storck;0,1250;kg;;15,92;1,99;2,89;3,49;4014400925395;Hrana
ÈOK.MERCI PETITS CRUNCH 125 g;327785;Storck;0,1250;kg;;15,92;1,99;2,89;3,49;4014400927375;Hrana
ÈOK.MERCI PETITS MILK 125 g;327786;Storck;0,1250;kg;;15,92;1,99;2,89;3,49;4014400927399;Hrana
FILEKI GAVRILOVIÆ 300 g;327788;Gavrilovic;0,3000;kg;3,59;11,97;;;3,59;3858892720936;Hrana
GRAH KOBAS.GAVRILOVIÆ 300 g;327792;Gavrilovic;0,3000;kg;3,59;11,97;;;3,59;3858892720950;Hrana
GRAH DIM.SLANINA GAVRIL.300 g;327796;Gavrilovic;0,3000;kg;3,59;11,97;;;3,59;3858892720974;Hrana
GRAH DIM.SV.REBRA GAVRIL.300 g;327798;Gavrilovic;0,3000;kg;3,59;11,97;;;3,59;3858892721018;Hrana
MESNE OKRUGLICE GAVRIL.300 g;327800;Gavrilovic;0,3000;kg;3,59;11,97;;;3,59;3858892721056;Hrana
POSNI GRAH GAVRILOVIÆ 300 g;327801;Gavrilovic;0,3000;kg;2,99;9,97;;;2,99;3858892721070;Hrana
SVINJSKI PAPRIKAŠ GAVRIL.300 g;327803;Gavrilovic;0,3000;kg;3,59;11,97;;;3,59;3858892721032;Hrana
GOVEÐI GULAŠ GAVRILOVIÆ 300 g;327806;Gavrilovic;0,3000;kg;4,49;14,97;;;4,49;3858892720912;Hrana
SP BRISAÈ PROZORA 15612;327813;Splendid;1,0000;kom;7,99;7,99;;;7,99;9100000898001;Proizvodi za kuæanstvo
SP ÈETKA ZA RIBANJE PODA 27658;327814;Splendid;1,0000;kom;3,59;3,59;;;3,59;9100000546803;Proizvodi za kuæanstvo
SP ÈETKA ZA RIBANJE 15619;327816;Splendid;1,0000;kom;2,19;2,19;;;2,19;9100000686615;Proizvodi za kuæanstvo
DODAT.JELIMA S POVRÆEM 1000 g ;327834;;1,0000;kg;4,24;4,24;;;4,24;3859893282003;Hrana
SP BRISAÈ ZA TUŠ KABINU 15629;327855;Splendid;1,0000;kom;2,65;2,65;;;2,65;9100000898018;Proizvodi za kuæanstvo
ODS.MRLJA VANISH PINK LIQU.2 L;327858;Vanish;2,0000;L;14,49;7,25;;;14,49;5997321747828;Sredstva za èišæenje
ODS.MRLJA VANISH PINK LIQU.1 L;327862;Vanish;1,0000;L;7,99;7,99;;;7,99;5999109563200;Sredstva za èišæenje
POWDER VANISH  WHITE 470 g;327869;Vanish;0,4700;kg;7,99;17,00;;;8,39;5997321747781;Sredstva za èišæenje
ENJOY SALATA C.MAS/KUK. 160 g;327897;SPAR enjoy;0,1600;kg;2,49;15,56;;;2,59;3856021213076;Hrana
ENJOY SALATA SIR 130 g;327898;SPAR enjoy;0,1300;kg;2,49;19,15;;;2,49;3856021213038;Hrana
DET.ZA SUÐE LIKVI 450 ml ;327911;Likvi;0,4500;L;1,29;2,87;;;1,03;3850105170101;Sredstva za èišæenje
DET.VIOLETA D.CARE BABY 1 L;327938;Violeta;1,0000;L;4,38;4,38;;;4,38;3870128017351;Sredstva za èišæenje
SPUŽVA ZA SUÐE;327953;;1,0000;kom;1,45;1,45;;;1,45;4008033601313;Proizvodi za kuæanstvo
KEKS NP ZOBENI S ÈOKOL.200 g;327954;Natur pur;0,2000;kg;2,49;12,45;;;2,49;9100000448589;Hrana
ÈOK.MILKA JAGO.CHEESECA.300 g;327974;Milka;0,3000;kg;5,99;19,97;;;6,79;7622210683724;Hrana
ŠAMP.GLISS SUPREME LENG.400 ml;327987;Gliss;0,4000;L;5,59;13,98;;;5,59;9000101201147;Kozmetika
ŠAM.GLISS OIL NUTRITIVE 400 ml;327988;Gliss;0,4000;L;5,59;13,98;;;5,59;9000100549837;Kozmetika
ŠAMP.GLISS ULTIMATE REP.400 ml;327990;Gliss;0,4000;L;5,59;13,98;;;5,59;9000100663410;Kozmetika
ODST.MRLJA VANISH WHITE 500 ml;328015;Vanish;0,5000;L;4,79;9,58;;;4,79;5999109563309;Sredstva za èišæenje
POWDER VANISH  PINK 470 g;328017;Vanish;0,4700;kg;7,99;17,00;;;8,39;5997321747774;Sredstva za èišæenje
VINO ŠTAMPAR SAUVIGNON 0,75 L;328045;;0,7500;l;15,58;20,77;;;15,58;3859892664022;Piæa
VINO ŠTAMPAR PUŠIPEL 0,75 L;328046;;0,7500;l;14,38;19,17;;;14,38;3859892664084;Piæa
TRETMAN ELSEVE DRE.LONG 200 ml;328056;Elseve;0,2000;L;5,99;29,95;;;5,99;3600523756278;Kozmetika
VL.MAR.BECUTAN BIORAZGRAD.48/1;328058;Becutan;48,0000;kom;2,15;0,04;;;2,15;5310001246129;Toaletne potrepštine
KREM.DNEVNA HYALURON SPE.50 ml;328061;LOREAL;0,0500;L;9,89;197,80;;;9,89;3600523775699;Kozmetika
KREM.NOÆNA HYALURON SPEC.50 ml;328063;LOREAL;0,0500;L;9,89;197,80;;;9,89;3600523775644;Kozmetika
REFIL GLADE ELECTRIC 20 ml;328073;Glade;1,0000;kom;5,49;5,49;;;6,69;5000204333169;Sredstva za èišæenje
REFIL GLADE ELECTRIC 20 ml;328074;Glade;1,0000;kom;5,69;5,69;;;6,69;5000204332353;Sredstva za èišæenje
BAZA GLADE BALI 20 ml;328078;Glade;1,0000;kom;6,55;6,55;;;7,69;5000204333947;Sredstva za èišæenje
BAZA GLADE RELAXING ZEN 20 ml;328080;Glade;1,0000;kom;6,55;6,55;;;7,39;5000204333558;Sredstva za èišæenje
ZU.PAS.COLGATE MAX WHITE 75 ml;328084;Colgate;0,0750;L;3,95;52,67;;;3,98;8718951250017;Kozmetika
BOJA LOREAL EXCELLENCE 6,1;328127;LOREAL;1,0000;kom;8,99;8,99;;;8,49;3600523765195;Kozmetika
Krafna marelic.S-Bud.4/1 240 g;328132;S-BUDGET;0,2400;kg;2,29;9,54;;;2,09;3856021215971;Hrana
Krafna marelic.S-Bud.8/1 480 g;328135;S-BUDGET;0,4800;kg;4,09;8,52;;;3,89;3856021215964;Hrana
KAVA BARCAFFE CREMOSO 250 g;328137;Barcaffe;0,2500;kg;6,99;27,96;;;6,49;3838471037662;Piæa
SURIMI OKUS RAKA SMART 250 g;328156;Vici;0,2500;kg;1,69;6,76;;;1,69;4770190385343;Hrana
OSVJ.PROSTORA BIS LEMON 400ml;328161;Bis;0,4000;L;4,19;10,48;;;4,19;3850105166111;Sredstva za èišæenje
ZU.PASTA SIGNAL NATURALS 75 ml;328183;Signal;0,0750;L;1,79;23,87;;;3,59;8710522417379;Kozmetika
ZUB.PASTA SENSODYNE 75 ml;328184;Sensodyne;0,0750;L;5,95;79,33;;;4,39;5054563187239;Kozmetika
Sir Luka Zelene Doline 45%m.m.;328192;;1,0000;kg;10,99;10,99;;;10,99;3831051011496;Hrana
JUICY FRUITS TREŠNJA 0,5 L;328226;Juicy;0,5000;L;1,09;2,18;;;1,09;3858890977004;Piæa
JUICY FRUITS TREŠNJA 1,5 L;328227;Juicy;1,5000;L;1,69;1,13;;;1,62;3858890977035;Piæa
IZO NAP.POWERADE LIMUN 0,5 L;328251;Powerade;0,5000;L;1,55;3,10;;;1,65;54492806;Piæa
IZO NAP.POWERADE MB 0,5 L;328252;Powerade;0,5000;L;1,55;3,10;;;1,65;54492653;Piæa
MLINCI DOMAÆI KLARA 400 g;328281;;0,4000;kg;3,19;7,98;;;2,99;3856016904637;Hrana
SIR MEKI S PLAV.PLJES.SB 200 g;328282;SPAR;0,2000;kg;2,79;13,95;;;3,19;9100000450643;Hrana
KRUŠNE MRVICE XXL KLARA 600 g ;328284;;0,6000;kg;2,49;4,15;;;2,49;3856016904644;Hrana
ŠTAP. ZA UŠI BIOR.TOSAMA 200/1;328285;Tosama;200,0000;kom;1,89;0,01;;;1,89;3838985888996;Toaletne potrepštine
WHISKEY CHIVAS REG. 15YO 0,7 L;328301;Chivas Regal;0,7000;L;58,99;84,27;;;57,02;5000299622292;Piæa
TOAL.PAP.VIOLETA VLAŽNI 2x60/1;328308;Violeta;120,0000;kom;3,79;0,03;;;3,79;3870128018204;Toaletne potrepštine
ODSTR.MRLJA VANISH PINK 500 ml;328315;Vanish;0,5000;L;4,79;9,58;;;4,79;5999109563279;Sredstva za èišæenje
ODSTR.MRLJA VANISH WHITE 1 L;328316;Vanish;1,0000;L;7,99;7,99;;;7,99;5999109563156;Sredstva za èišæenje
ODSTR.MRLJA VANISH WHITE 2 L;328318;Vanish;2,0000;L;14,29;7,15;;;14,29;5999109562555;Sredstva za èišæenje
HRANA ZA MAÈ.MOLLY JUN.4X100 g;328368;Molly;0,4000;kg;1,99;4,98;;;1,99;9100000448282;Proizvodi za kuæanstvo
ÈAJ.PEC.VITAL KOKOS BŠ.175 g;328382;SPAR Vital;0,2000;kg;2,79;13,95;;;2,79;3856021213359;Hrana
ÈAJ.PECIVO VITAL ÈOKO BŠ.200 g;328384;SPAR Vital;0,2000;kg;3,39;16,95;;;2,99;3856021213335;Hrana
ÈOK.DORINA MOUSSE 270 g;328401;Dorina;0,2700;kg;4,99;18,48;;;3,79;3850102517138;Hrana
ZUBNA PASTA SENSODYNE 2x75ml;328568;Sensodyne;0,1500;L;8,99;59,93;;;7,89;5054563234209;Kozmetika
KOLAÈ BOŽIÆNI S MARCIPAN.750 g;328599;;0,7500;kg;4,99;6,65;;;2,99;4101540707124;Hrana
MAÈJA HRANA FRISKIES GOV.85 g;328601;Friskies;0,0850;kg;0,55;6,47;;;0,59;7613036964166;Proizvodi za kuæanstvo
MAÈJA HRANA FRISKIES PIL.85 g;328602;Friskies;0,0850;kg;0,55;6,47;;;0,59;7613036964661;Proizvodi za kuæanstvo
MAÈJA HRANA FRISK.PILET.4X85 g;328604;Friskies;0,3400;kg;2,29;6,74;;;2,29;7613036988124;Proizvodi za kuæanstvo
HRANA ZA MAÈ.FRISK.LOS.4X85 g;328613;Friskies;0,3400;kg;2,29;6,74;;;2,29;7613036987394;Proizvodi za kuæanstvo
HRANA ZA MAÈ.FRISK.GOV.4X85 g;328615;Friskies;0,3400;kg;2,29;6,74;;;2,29;7613036986250;Proizvodi za kuæanstvo
HRANA ZA MAÈKE FRISK.12X85 g;328617;Friskies;1,0200;kg;6,09;5,97;;;6,09;7613036974301;Proizvodi za kuæanstvo
MAÈJA HRANA FRISKIES LOS.85 g;328618;Friskies;0,0850;kg;0,55;6,47;;;0,59;7613036964081;Proizvodi za kuæanstvo
HRANA ZA MAÈ.FRISKIES PIL.85 g;328619;Friskies;0,0850;kg;0,55;6,47;;;0,59;7613036964043;Proizvodi za kuæanstvo
KOKOSOVA VODA SPAR 330 ml;328623;SPAR;0,3300;l;1,59;4,82;;;1,59;8710671154262;Hrana
JEGER 300 g S BUDGET;328626;S-Budget;0,3000;kg;2,39;7,97;;;2,19;3856021207761;Hrana
HREN.BEZ OVITKA 250 g S BUDGET;328627;S-Budget;0,2500;kg;2,39;9,56;;;2,39;3856021207747;Hrana
MORTADELA 150 g SPAR;328628;SPAR Qualitätsmarke;0,1500;kg;1,89;12,60;;;1,79;3856021207808;Hrana
MORTADELA S MASLIN.150 g SPAR;328629;SPAR Qualitätsmarke;0,1500;kg;1,89;12,60;;;1,79;3856021207822;Hrana
SENDVIÈ SALAMA 100 g SPAR;328631;SPAR Qualitätsmarke;0,1000;kg;2,19;21,90;;;2,19;3856021207846;Hrana
ŠUNKA KUHANA 125 g SPAR;328632;SPAR Qualitätsmarke;0,1250;kg;1,99;15,92;;;1,99;3856021207860;Hrana
KAŠICA FRUT.JAB.BAN.JAG.100 g;328636;Fructal;0,1000;kg;1,39;13,90;;;1,39;3838945037105;Hrana
ÈOK.KINDER COUNTRY 47 g;328676;Ferrero;0,0470;kg;1,39;29,57;;;1,39;8000500238912;Hrana
INS.KAVA NES.GOLD DECAF 200 g;328679;Nescafe;0,2000;kg;16,49;82,45;;;14,99;7613033006951;Piæa
INS.KAVA NESC.CAP COLOMB.200 g;328682;Nescafe;0,2000;kg;16,49;82,45;;;14,99;9002100103408;Piæa
VODICA ZA USTA COLGATE 500ml;328689;Colgate;0,5000;L;5,69;11,38;;;5,69;8714789732671;Kozmetika
TJESTENINA MAGGI CURRY 63 g;328692;Maggi;0,0630;kg;2,19;34,76;;;2,19;8445291837621;Hrana
TJESTENINA MAGGI CHILI 63 g;328693;Maggi;0,0630;kg;2,19;34,76;;;2,19;8445291837461;Hrana
TJESTENINA MAGGI PILETINA 63 g;328694;Maggi;0,0630;kg;2,19;34,76;;;2,19;8445291837508;Hrana
TARTAR UMAK SPAR VEGGIE 250 ml;328699;SPAR Veggie;0,2500;L;2,65;10,60;;;2,65;9100000449463;Hrana
ZAÈIN PIMENT MLJEVENI 20 g ;328704;Kotanyi;0,0200;kg;1,39;69,50;;;1,09;9001414601877;Hrana
PIVO PLAVUŠA SVIJETLO 0,5 L;328705;;0,5000;L;2,78;5,56;;;2,78;0745760031009;Piæa
VL.MAR.PAMPERS SENSITIVE 80/1;328714;Pampers;80,0000;kom;2,25;0,03;;;2,25;8001841041421;Toaletne potrepštine
VL.MAR.PAMPERS FRESH 80/1;328716;Pampers;80,0000;kom;2,49;0,03;;;2,25;8001841077598;Toaletne potrepštine
VL.MARAMICE BABY PAMPERS 52/1;328718;Pampers;52,0000;kom;1,75;0,03;;;1,75;8001841041391;Toaletne potrepštine
ULOŠCI CAREFREE FRESH 56/1;328723;Carefree;56,0000;kom;3,45;0,06;;;3,35;3574661554877;Toaletne potrepštine
UMAK VEGGIE GUACAMOLE 150 g;328742;SPAR Veggie;0,1500;kg;2,49;16,60;;;2,49;9100000983561;Hrana
SOL MORSKA SPAR MLINAC 100 g;328797;SPAR;0,1000;kg;1,69;16,90;;;1,69;9100000979410;Hrana
KREMA NIVEA HRANJ.NO.Q10 50 ml;328814;Nivea;0,0500;L;15,99;319,80;;;15,99;9005800319230;Kozmetika
KREMA ZA ISPUCANA STOPAL.75 ml;328843;Olival;0,0750;L;4,59;61,20;;;3,99;3859893186653;Kozmetika
KEKSI KINDER CARDS 131 g;328875;Kinder;0,1310;kg;3,49;26,64;;;2,49;8000500269169;Hrana
KEKSI NUTELLA 304 g;328877;Ferrero;0,3040;kg;4,79;15,76;;;4,39;8000500310427;Hrana
ÈAJ FRANCK LIM.TRA.ÐUMBIR.40 g;328895;Franck;0,0400;kg;2,29;57,25;;;2,29;3850291050027;Piæa
DET.ZA SUÐE LIKVI ORIGI.900 ml;328904;Likvi;0,9000;L;2,49;2,77;;;1,74;3850105170385;Sredstva za èišæenje
DET.ZA SUÐE LIKVI FRESH 900 ml;328907;Likvi;0,9000;L;2,49;2,77;;;1,74;3850105170286;Sredstva za èišæenje
DET.ZA S.LIKVI ORIGINA.450 ml ;328920;Likvi;0,4500;L;1,29;2,87;;;1,19;3850105170231;Sredstva za èišæenje
KARAMELA KIKI JAGODA 100 g;328991;Kiki;0,1000;kg;1,29;12,90;;;1,29;3850102516735;Hrana
KARAMELA KIKI PUNIOZA MIX 90 g;328993;Kiki;0,0900;kg;1,29;14,33;;;1,29;3850102005901;Hrana
KAPSULE BARCAFFE BRAZIL 55 g;328998;Barcaffe;0,0550;kg;;79,82;4,39;5,49;4,69;3838471044462;Piæa
KAPSULE BARCAFFE ESPR. 55 g;329000;Barcaffe;0,0550;kg;;79,82;4,39;5,49;4,69;3838471042888;Piæa
SIR EMENTALER ZDENKA 150 g;329002;;0,1500;kg;2,89;19,27;;;2,79;3858888597795;Hrana
SIR GAUDA DIMLJEN.ZDENKA 150 g;329006;;0,1500;kg;2,79;18,60;;;2,79;3858888597764;Hrana
SIR EDAMAC ZDENKA 150 g ;329010;;0,1500;kg;2,89;19,27;;;2,79;3858888597740;Hrana
SIR TRAPIST ZDENKA REZAN.150 g;329011;;0,1500;kg;2,89;19,27;;;2,79;3858888597801;Hrana
PANETTONE CLASS.CA DOLCE 800 g;329014;Ekskluzivno za SPAR;0,8000;kg;;6,18;4,94;6,59;2,89;8001300804000;Hrana
NAMAZ BONNE MAMAN KESTEN 370 g;329082;Bonne Maman;0,3700;kg;4,99;13,49;;;7,19;3045320089677;Hrana
PUD. DUO VANILIJA CREMOR.190 g;329142;Zott;0,1900;kg;0,89;4,68;;;0,89;4014500518886;Hrana
TP VL.VIOLETA DOUBLE CARE 60/1;329155;Violeta;60,0000;kom;2,05;0,03;;;1,95;3870128021037;Toaletne potrepštine
VL.MAR.VIOLETA SENSITIVE 20/1;329156;Violeta;20,0000;kom;1,55;0,08;;;1,55;3870128019577;Toaletne potrepštine
TP VL.VIOLETA HEMO CARE 60/1;329157;Violeta;60,0000;kom;1,99;0,03;;;1,95;3870128020733;Toaletne potrepštine
CORNFLAKES SPAR FF 300 g;329247;SPAR free from;0,3000;kg;2,19;7,30;;;2,14;9100000832906;Hrana
BOMBONIJERA MOZART 247 g;329251;Victor Schmidt;0,2470;kg;;20,61;5,09;6,79;5,89;9001508890637;Hrana
DET.FROSCH ZA SUÐ.CITRU.750 ml;329253;Frosch;0,7500;L;2,39;3,19;;;2,39;4009175110688;Sredstva za èišæenje
DET.FROSCH ZA SUÐ.ALO.V.750 ml;329254;Frosch;0,7500;L;2,39;3,19;;;2,39;4009175165213;Sredstva za èišæenje
ŠAMP.H&S HIDRATACIJA 400 ml ;329272;Head&Shoulders;0,4000;L;6,19;15,48;;;6,19;8001841406688;Kozmetika
PAŠTETA PILEÆA JETRENA 100 g;329275;Perutnina;0,1000;kg;,79;7,90;;;0,79;3838977018615;Hrana
PARTY MIX NATURA 150 g;329314;Natura;0,0150;kg;3,29;219,33;;;3,29;3859893512032;Hrana
KIWANO VH kom;329329;SPAR Vrtovi Hrvatske;1,0000;kom;2,69;2,69;;;2,69;3856021214080;Hrana
ŠUNKA KOCKICE 2X75 g;329338;Hermann;0,1500;kg;2,59;17,27;;;2,75;4003419003187;Hrana
DIMLJENA HRSKAVICA VP;329352;Pivac;1,0000;kg;4,99;4,99;;;7,29;3858884995878;Hrana
OSV.WC BREF DE LUXE MAG.2x50 g;329362;Bref;0,1000;kg;3,29;32,90;;;4,95;9000101375084;Sredstva za èišæenje
OSV.WC BREF DE LUXE MAG.3x50 g;329363;Bref;0,1500;kg;3,99;26,60;;;5,95;9000101375145;Sredstva za èišæenje
PANDORO CA DOLCE CLASSICO 750g;329380;;0,7500;kg;;6,59;4,94;6,59;2,89;8001300804024;Hrana
PANETTONE CLASSICO DESPAR 800g;329381;DESPAR;0,8000;kg;;6,86;5,49;5,99;3,99;8001300804338;Hrana
PANDORO CLASSICO DESPAR 750 g;329382;DESPAR;0,7500;kg;;7,32;5,49;5,99;3,99;8001300804321;Hrana
PANETTONE PREMIUM INTEGRA.700g;329386;SPAR Premium;0,7000;kg;15,99;22,84;;;7,99;8001300803997;Hrana
ŠTAP.VATIRANI JASMIN NAT.200/1;329406;Jasmin Nature;200,0000;kom;1,59;0,01;;;1,59;3838985888934;Toaletne potrepštine
BRAŠNO INT.PIROVO FARINA 1 kg;329446;Farina;1,0000;kg;2,49;2,49;;;2,05;3858887100972;Hrana
ÈOK.DJED BOŽICHOCO PACK 100 g;329501;Rovelli;0,1000;kg;1,39;13,90;;;1,59;6424337000146;Hrana
MIC.OTOP.EVELINE 3U1 500 ml;329508;Eveline;0,5000;L;4,49;8,98;;;5,69;5901761970128;Kozmetika
RAJÈ.PREM.POMO.MARZANINO 400 g;329516;Premium;0,4000;kg;3,99;9,98;;;3,99;8001300242666;Hrana
KR.EVELINE SKIN CARE EX.50 ml ;329520;Eveline;0,0500;L;3,95;79,00;;;4,69;5901761981636;Kozmetika
KR.EVELINE SKIN CARE EX.50 ml ;329521;Eveline;0,0500;L;3,95;79,00;;;4,69;5901761981650;Kozmetika
ŠTAPIÆI ZA UŠI TOSAMA 300/1;329589;Tosama;300,0000;kom;1,95;0,01;;;1,95;3838985888972;Toaletne potrepštine
PREZ.DUREX FEEL SLIM FIT 10/1;329605;Durex;10,0000;kom;14,79;1,48;;;13,69;5997321772738;Toaletne potrepštine
PREZ.DUREX EXTRA SAFE 24/1;329607;Durex;24,0000;kom;19,49;0,81;;;15,69;5997321776675;Toaletne potrepštine
PITA S VIŠNJAMA S-BUDGET 420 g;329609;S-BUDGET;0,4200;kg;4,99;11,88;;;4,99;3856021214479;Hrana
SRED.AJAX  KUPAONICA 750 ml;329614;Ajax;0,7500;L;2,99;3,99;;;2,65;8718951293052;Sredstva za èišæenje
KREMA BECUTAN UNIVERZAL.75 ml;329618;Becutan;0,0750;L;2,89;38,53;;;2,89;5310001253653;Kozmetika
KREMA BECUTAN UNIVERZAL.35 ml;329619;Becutan;1,0000;kom;1,75;1,75;;;1,75;5310001253639;Kozmetika
KOLJENICA SUHA SVINJSKA VP;329622;Pik;1,0000;kg;7,99;7,99;;;7,99;3850139340099;Hrana
SVINJSKA CRIJEVA 32/34 10M;329667;;1,0000;kom;3,29;3,29;;;3,29;3830056293951;Hrana
SVINJSKA CRIJEVA 34/36 10M;329669;;1,0000;kom;3,19;3,19;;;3,19;3830056296761;Hrana
SVINJSKA CRIJEVA 38/40 10M;329671;;1,0000;kom;3,19;3,19;;;3,19;3830056296457;Hrana
MLIJ.UHT 2,8% Z BREG.ÈEP  1 L;329672;Z Bregov;1,0000;L;0,94;0,94;;;1,02;3850108020908;Hrana
KOLAGE OVITAK FI45 10/1;329676;;1,0000;kom;2,99;2,99;;;2,99;3830061315891;Hrana
KOLAGE OVITAK FI 50 10/1;329684;;1,0000;kom;2,99;2,99;;;2,99;3830061315839;Hrana
KOLAGE OVITAK FI 55 10/1;329688;;1,0000;kom;3,29;3,29;;;3,29;3830061315907;Hrana
GOVEÐE RAVNO CRIJEVO 45/50 9M;329695;;1,0000;kom;12,87;12,87;;;12,87;3830061315662;Hrana
SVINJSKA CRIJEVA 30/32 10M;329710;;1,0000;kom;4,69;4,69;;;4,69;3858881734265;Hrana
SVINJSKA CRIJEVA 32/35 10M;329715;;1,0000;kom;4,39;4,39;;;4,39;3858881734234;Hrana
SVINJSKA CRIJEVA 35/38 10M;329716;;1,0000;kom;3,79;3,79;;;3,79;3858881734258;Hrana
SVINJSKA CRIJEVA 38/42 10M;329718;;1,0000;kom;3,49;3,49;;;3,49;3858881734241;Hrana
PRAL.I LOVE MILKA ALP.ML.110 g;329766;Milka;0,1100;kg;4,79;43,55;;;3,69;7622210598714;Hrana
BOMBONIJERA MERCI MOUSSE 210 g;329782;Merci;0,2100;kg;;25,67;5,39;7,19;7,99;4014400923735;Hrana
ÈOK.BOŽ.FIGURICE SORINI 100 g;329814;Sorini;0,1000;kg;;14,90;1,49;1,99;1,79;8006423229228;Hrana
KEKSI GULLON SHARKIES BG.250 g;329849;Gullon;0,2500;kg;3,39;13,56;;;3,39;8410376044959;Hrana
KREKERI GULLON BG.200 g;329850;Gullon;0,2000;kg;3,69;18,45;;;3,69;8410376045017;Hrana
KEKS GULLON CHOCO BŠ.150 g;329852;Gullon;0,1500;kg;3,39;22,60;;;3,39;8410376052893;Hrana
KEKS GULLON CHOC.SAND.BŠ.250 g;329853;Gullon;0,2500;kg;3,39;13,56;;;3,39;8410376048148;Hrana
KEKS GULLON DIGESTIVE BŠ.245 g;329856;Gullon;0,2450;kg;2,49;10,16;;;2,49;8410376049602;Hrana
KEKS GULLON TWINS BŠ.147 g;329861;Gullon;0,1470;kg;2,49;16,94;;;2,49;8410376051384;Hrana
MASLINE S-BUDGET ZEL.PAP.695 g;329876;S-Budget;0,4000;kg;2,99;7,48;;;3,59;3856021214134;Hrana
TRAJNI KRUH BIO N.PUR 500 g;329953;SPAR Natur*pur;0,5000;kg;1,79;3,58;;;1,76;9100000448831;Hrana
TRAJNI KRUH BIO N.PUR 500 g;329954;SPAR Natur*pur;0,5000;kg;1,79;3,58;;;1,76;9100000448855;Hrana
SIR TRAPIST SPAR REZANI 150 g;329959;SPAR Qualitätsmarke;0,1500;kg;2,29;15,27;;;2,29;3856021213700;Hrana
ÈAJNI KOL.S BUDGET INTEG.1 kg;329969;S-Budget;1,0000;kg;2,59;2,59;;;2,59;8056149082690;Hrana
SLADOLED PLAZMA SENDVIÈ 129 ml;329984;Ledo;0,1290;L;1,99;15,43;;;1,99;3850116033983;Hrana
INS.KAVA JACOBS CR.GOLD 2x200g;329985;Jacobs;0,4000;kg;21,99;54,98;;;17,99;3858889578496;Piæa
KEKS DOMAÆICA EXT.CHOCO 220 g;330001;Kraš;0,2200;kg;3,49;15,86;;;2,49;3850102009640;Hrana
PATE RIO MA.TUNA TRI PAP.100 g;330013;Rio Mare;0,1000;kg;;19,90;1,99;3,59;3,69;8004030538023;Hrana
PATE RIO MARE TUNA RAJÈ.100 g;330014;Rio Mare;0,1000;kg;;19,90;1,99;3,59;3,69;8004030538047;Hrana
BRAŠNO DR.SCHAER MIX C 1 kg;330018;Schar;1,0000;kg;6,29;6,29;;;6,29;8008698004852;Hrana
VREÆ ZA NAMIR. U ROLI 3L 250/1;330048;;250,0000;kom;5,19;0,02;;;5,19;5900536269900;Proizvodi za kuæanstvo
SPUŽVA KUHINJSKA 5+1 FINO ;330049;;6,0000;kom;2,19;0,37;;;2,19;5900536279121;Proizvodi za kuæanstvo
GAZIRAN.PIÆE SKY COLA ZERO 2 L;330050;Sky;2,0000;L;1,79;0,90;;;1,79;3875000181656;Piæa
MEDENJACI MANNER MIX 500 g;330053;Manner;0,5000;kg;3,99;7,98;;;4,99;9000331609706;Hrana
ÈOK.DESPAR PREMIUM 90% 100 g;330055;SPAR PREMIUM;0,1000;kg;3,49;34,90;;;2,49;8001300803850;Hrana
ÈOK.DESPAR PREMIUM 85% 100 g;330056;SPAR PREMIUM;0,1000;kg;3,49;34,90;;;2,49;8001300803836;Hrana
ÈOK.DESPAR PREMIUM 74% 100 g;330057;SPAR PREMIUM;0,1000;kg;3,49;34,90;;;2,49;8001300803843;Hrana
PRALINE BAILEYS 102 g;330067;Baileys;0,1020;kg;3,99;39,12;;;2,99;5099872013206;Hrana
ÈOK.ZAINI 100% KAKAO 75 g;330092;DUPIN;0,0750;kg;4,99;66,53;;;4,19;8004735107739;Hrana
ÈOK.ZAINI 90% KAKAO 75 g;330093;DUPIN;0,0750;kg;4,99;66,53;;;4,19;8004735107715;Hrana
ÈOK.ZAINI 80% KAKAO 75 g;330095;DUPIN;0,0750;kg;4,19;55,87;;;4,19;8004735107692;Hrana
ÈOK.ZAINI 70% KAKAO 75 g;330098;DUPIN;0,0750;kg;4,19;55,87;;;4,19;8004735107678;Hrana
KUPUS KINESKI VH kom;330159;SPAR Vrtovi Hrvatske;1,0000;kom;1,59;1,59;;;1,39;3859894356031;Hrana
LIKER MATISS PINA COLADA 0,7 L;330171;;0,7000;l;12,02;17,17;;;12,02;3838945029582;Piæa
MIJEŠANI KOLAÈI 1000g;330198;;1,0000;kg;14,89;14,89;;;14,69;3858881124097;Hrana
MARAM.LOVELY MENTHOL 4SL.24x10;330215;Lovely;24,0000;kom;3,99;0,17;;;3,99;9100000774770;Toaletne potrepštine
KAVA SPAR PREMIUM UGANDA 250 g;330227;SPAR PREMIUM;0,2500;kg;5,19;20,76;;;3,99;9100100004609;Piæa
FLASTER MEDIHELP DJEÈJI 16/1;330247;MediHelp;16,0000;kom;0,99;0,06;;;1,09;9100000759371;Toaletne potrepštine
ÈOK.MILKA PLIŠANAC 96 g;330250;Milka;0,0960;kg;;83,23;7,99;8,99;12,49;7622210857934;Hrana
FLASTER MEDIHELP 20/1;330252;MediHelp;20,0000;kom;1,45;0,07;;;1,45;9100000759272;Toaletne potrepštine
FLASTER MEDIHELP KLASSIK 30/1;330256;MediHelp;30,0000;kom;0,75;0,03;;;0,75;9100000759234;Toaletne potrepštine
FLAST.MEDIHELP SENS.1mx6cm 1/1;330266;MediHelp;1,0000;kom;0,95;0,95;;;0,95;9100000759197;Toaletne potrepštine
ÈOK.DJED BOŽIÆNJAK MILKA 45 g;330273;Milka;0,0450;kg;1,39;30,89;;;1,99;7622210587237;Hrana
FLAST.MEDIHELP ELAS.1mx6cm 1/1;330274;MediHelp;1,0000;kom;0,95;0,95;;;0,95;9100000759173;Toaletne potrepštine
FLASTER MEDIHELP 5mx2,5cm 1/1;330276;MediHelp;1,0000;kom;1,35;1,35;;;1,35;9100000759210;Toaletne potrepštine
ÈOK.SNJ.KUGLE MILKA OREO 86g;330277;Milka;0,0860;kg;2,49;28,95;;;3,09;7622210586322;Hrana
TUNA SALATA FJK GRAH 160 g;330278;Franz Jozef Kaiser;0,1600;kg;;14,44;2,31;2,89;3,19;8595241526126;Hrana
TUNA SALATA FJK MEXICO 160 g;330279;Franz Jozef Kaiser;0,1600;kg;;14,44;2,31;2,89;3,19;8595241524726;Hrana
TUNA SALATA FJK FUSILLI 160 g;330281;Franz Jozef Kaiser;0,1600;kg;;14,44;2,31;2,89;3,19;8595241524764;Hrana
PIVO HLADNO PIVO 0,5 L;330292;;0,5000;l;2,59;5,18;;;2,65;3859893357053;Piæa
ENER.NAP.MONS.PIPE PUNCH 0,5 L;330312;Monster;0,5000;L;1,95;3,90;;;1,95;5060639123834;Piæa
LIZALICE CANDY CANES 127 g;330339;Evropa;0,1270;kg;1,19;9,37;;;1,19;5310002472350;Hrana
VODKA HEDONA 0,1 L ZVEÈEVO;330348;;0,1000;l;1,62;16,20;;;1,65;3858894171187;Piæa
VOD.ZA US.LISTERI.KIDS 250 ml;330349;Listerine;0,2500;L;4,99;19,96;;;4,79;3574661557458;Kozmetika
RAKIJA TRAVARICA 0,1 L ZVEÈEVO;330351;;0,1000;l;1,72;17,20;;;1,65;3858894170302;Piæa
PIVO OŽUJSKO 4X0,5 L LIM.ZP;330368;Ožujsko;2,0000;L;4,59;2,30;;;4,19;3850131986011;Piæa
LIKER JAGERMEISTE.SCHARF 0,7 L;330374;;0,7000;l;16,52;23,60;;;16,52;4067700019882;Piæa
SNACK OD SVJ.SIRA PROVAN.100g;330379;;0,1000;kg;;29,90;2,99;3,49;3,49;3480341002685;Hrana
FLAST.MEDIHELP KLASSIK 20/1;330433;MediHelp;20,0000;kom;0,85;0,04;;;0,82;9100000759296;Toaletne potrepštine
ÈOK.FIGURA KINDER CAVA 36 g;330443;Ferrero;0,0360;kg;;55,28;1,99;2,89;1,98;8000500293744;Hrana
SIR TOPLJ.PRESID.NATUR 140 g;330470;;0,1400;kg;2,29;16,36;;;1,99;3850355001750;Hrana
LIKER ANTI. PELINKOVAC 0,05 L ;330471;;0,0500;l;1,75;35,00;;;1,75;3850112111289;Piæa
FER.PROIZ.SOJ.MALIN/BRUS.150 g;330472;Alpro;0,1500;kg;1,49;9,93;;;1,49;5411188126430;Hrana
FER.PROIZ.SOJ.BOROVNICA 150 g;330474;Alpro;0,1500;kg;1,49;9,93;;;1,49;5411188126416;Hrana
FER.PROIZ.SOJ.BRESKVA 150 g;330475;Alpro;0,1500;kg;1,49;9,93;;;1,49;5411188126393;Hrana
VINO PP ORAHOV.CAB.SA.0,75 L ;330547;;0,7500;l;6,29;8,39;;;5,52;3858889832291;Piæa
LIKER ROSSI PELINKOVAC 0,5 L;330551;;0,5000;l;;31,98;15,99;19,52;19,52;3859891585557;Piæa
PROSECCO GRANDE VENTO 0,75 L;330566;;0,7500;l;11,09;14,79;;;11,08;5949013501027;Piæa
TONIC WATER FEVER TREE 0,5 L;330589;;0,5000;l;;6,98;3,49;4,09;4,09;5060108450263;Piæa
TONIC FEV.TREE MEDITERAN.0,5 L;330594;;0,5000;l;;6,98;3,49;4,29;4,29;5060108450546;Piæa
VINO KUTJEVO CRNI COUVEE 1 L;330608;;1,0000;l;4,68;4,68;;;4,68;3850156001164;Piæa
VINO TESTAMENT BABIÆ 0,75 L;330615;;0,7500;l;16,78;22,37;;;16,78;3859893402029;Piæa
INS. KAVA NES. CLASSIC 250+25g;330645;Nescafe;0,2500;kg;11,99;47,96;;;11,99;7891000256572;Piæa
KEKS BELVITA ÈOKOLADA 225 g;330674;Elvita;0,2250;kg;1,59;7,07;;;2,09;7622210899316;Hrana
KEKS BELVITA ŽITAR.-MLIJ.225 g;330676;Belvita;0,2250;kg;2,69;11,96;;;2,69;7622210899286;Hrana
KEKS BELVITA MED-LJEŠNJ. 225 g;330677;Belvita;0,2250;kg;2,69;11,96;;;2,69;7622210899255;Hrana
KEKS BELVITA SOFT JAGODA 250 g;330690;Belvita;0,2500;kg;3,29;13,16;;;3,29;7622210592262;Hrana
KEKS BELVITA SOFT ÈOKOL.250 g;330691;Belvita;0,2500;kg;3,29;13,16;;;3,29;7622210591203;Hrana
ISO SPORT LIMUN GREJP 1 L;330739;Vindija;1,0000;L;1,49;1,49;;;1,49;3850108078466;Piæa
ŠAMP.HERBAL THERAPY 500 ml;330758;Herbal Therapy;0,5000;L;6,69;13,38;;;6,69;8595641301972;Kozmetika
ŠAMP.HERBAL TH.KONOPLJA 500 ml;330759;Herbal Therapy;0,5000;L;6,69;13,38;;;6,69;8595641301989;Kozmetika
ÈAJ TEEKANE ÐUMBIR KURK. 35 g;330795;;0,0350;kg;2,59;74,00;;;2,59;5901086058556;Piæa
ÈAJ TEEKANE VOÆ. FRUIT L. 45 g;330796;;0,0450;kg;2,39;53,11;;;2,39;5901086057658;Piæa
KAŠICA HIPPIS BAN.KRU.MA.100 g;330817;Hipp;0,1000;kg;1,35;13,50;;;1,35;9062300133766;Hrana
KAŠICA HIPPIS JA.BA.KEKS 100 g;330818;Hipp;0,1000;kg;1,35;13,50;;;1,35;9062300133728;Hrana
ENJOY SENDVIÈ TRAM.ŠUNKA 160 g;330828;SPAR enjoy;0,1600;kg;2,49;15,56;;;1,99;3856021214615;Hrana
ENJOY SENDV.TRAME.ZIMSKA 140 g;330832;SPAR enjoy;0,1400;kg;2,49;17,79;;;1,99;3856021214653;Hrana
GEL ZA KOSU GOT2B 150 ml;330838;Got2b;0,1500;l;5,99;39,93;;;6,99;9000100366526;Kozmetika
GEL ZA KOSU SYOSS 250 ml;330840;Syoss;0,2500;L;5,49;21,96;;;5,69;9000100654074;Kozmetika
GRANOLA SANTE JAG.I MAL. 300 g;330842;Sante;0,3000;kg;3,99;13,30;;;3,99;5900617037213;Hrana
GRANOLA SANTE FIT KAKAO 300 g;330844;Sante;0,3000;kg;3,99;13,30;;;3,99;5900617037190;Hrana
BOJA PALETTE  DELUXE 240;330845;Palette;1,0000;kom;5,99;5,99;;;5,99;9000101234206;Kozmetika
PRŠUT DRNIŠKI 100 g NAREZAK;330867;DRNIŠKE DELICIJE MARAN;0,1000;kg;5,49;54,90;;;5,49;3857000002810;Hrana
KOBASICA TIROLSKA 350 g;330886;Gavrilovic;0,3500;kg;4,19;11,97;;;4,19;3858892721278;Hrana
ŠUNKA U OVITKU 350 g;330887;Gavrilovic;0,3500;kg;4,49;12,83;;;4,49;3858892721292;Hrana
KOBASICA POSEBNA 350 g;330888;Gavrilovic;0,3500;kg;3,39;9,69;;;3,39;3858892721353;Hrana
ÈAJ 12 BILJAKA AGRISTAR 40 g;330930;;0,0400;kg;2,35;58,75;;;2,35;3858886503729;Piæa
ÈAJ ÐUMBIR I NARAN. AGRIS.40 g;330933;;0,0400;kg;1,99;49,75;;;1,99;3858886504801;Piæa
ÈAJ KURK. I ÐUMB.AGRISTAR 34 g;330936;;0,0340;kg;2,15;63,24;;;2,15;3858886501046;Piæa
MUSLI NATUREL ŠUMS.VOÆE 350 g;330947;Naturel;0,3500;kg;2,49;7,11;;;3,59;3858889364815;Hrana
MUSL.NATUREL BIJELA ÈOK. 350 g;330951;Naturel;0,3500;kg;2,49;7,11;;;3,59;3858889364822;Hrana
DESPAR NEKTAR BRESKVA MANG.1 L;330988;Despar;1,0000;L;1,49;1,49;;;2,02;8001300152002;Piæa
VOÆNI PIRE NP BAN.KRUŠ.4X90 g;330990;Spar Natur pur;0,3600;kg;3,09;8,58;;;3,09;9100000824116;Hrana
VOÆNI PIRE NP JAB.BAN.4X90 g;330992;Spar Natur pur;0,3600;kg;3,09;8,58;;;3,09;9100000824093;Hrana
DIVLJA SVINJA GULAŠ 350 g;330994;;0,3500;kg;5,49;15,69;;;5,49;3830034363546;Hrana
REPA DOMAÆA KISELA VH 740 g;331005;SPAR Vrtovi Hrvatske;0,6000;kg;3,29;5,48;;;3,49;3856021212383;Hrana
GAZ.PIÆE PEPSI MAX LIMET.0,5 L;331008;Pepsi;0,5000;L;1,05;2,10;;;1,05;3830065021095;Piæa
GAZ.PIÆE PEPSI LIMETA 0,33 L;331014;Pepsi;0,3300;L;,99;3,00;;;0,99;3830065021071;Piæa
SPAR ENJOY BIO COLA 0,33 L ;331027;SPAR enjoy;0,3300;L;2,29;6,94;;;2,22;9100000825465;Piæa
ZAMJEN.MLIJEKO BEBIMIL1 300 g;331034;Bebimil;0,3000;kg;6,49;21,63;;;6,49;9007253105064;Hrana
ZAM.MLIJEKO BEBIMIL1 600 g;331039;Bebimil;0,6000;kg;11,15;18,58;;;11,15;9007253105071;Hrana
SIR S CHILLIJEM GLIGORA 125 g;331060;Sirana Gligora;0,1250;kg;4,39;35,12;;;4,39;3858891770222;Hrana
TORTA KAKAO DESPAR 350 g;331079;DESPAR;0,3500;kg;2,99;8,54;;;2,78;8001300502203;Hrana
FER.SOJIN PROIZVO.JAGODA 150 g;331082;Alpro;0,1500;kg;1,49;9,93;;;1,49;5411188128700;Hrana
SIR SPORT TRAPIST ZDENKA 400 g;331101;Zdenka;0,4000;kg;5,79;14,48;;;5,79;3858888597955;Hrana
MLINCI IZ CENTRA SVIJETA 400 g;331103;;0,4000;kg;3,49;8,73;;;3,32;3857500076205;Hrana
SIR BILOGSKI TRAPIST ZDE.400 g;331105;Zdenka;0,4000;kg;6,29;15,73;;;6,29;3858888597962;Hrana
MASLAC FRANCIA 250 g;331111;;0,2500;kg;3,99;15,96;;;3,99;8010184000033;Hrana
SIR AROM.MIX PAŠKA SIRA.100 g;331112;;0,1000;kg;3,29;32,90;;;2,99;3859892884710;Hrana
SIR CLASS.MIX PAŠKA SIRA.100 g;331114;;0,1000;kg;3,69;36,90;;;3,29;3859892884697;Hrana
SIR TRAD.MIX PAŠKA SIRA.100 g;331116;;0,1000;kg;4,69;46,90;;;4,29;3859892884673;Hrana
ULJE MASL.EX..DJ.TORÈOL 0,75 L;331119;;0,7500;L;18,99;25,32;;;18,99;3859892001346;Hrana
BOMBONI.CELEBRATIONS BOX 196 g;331183;Mars;0,1960;kg;;20,36;3,99;4,79;3,31;5000159500845;Hrana
BOM.HARIBO KISELI POMMES 100 g;331277;Haribo;0,1000;kg;1,59;15,90;;;1,59;9002975331555;Hrana
BOM.GUM.HARIBO STARMIX 200 g;331278;Haribo;0,2000;kg;2,45;12,25;;;2,49;9002975722025;Hrana
VOÆ.PLOÈ. N.A! JAB.-MALI.35 g;331281;Nature Addicts;0,0350;kg;1,69;48,29;;;1,69;3609200003070;Hrana
VOÆ.PLOÈ. N.A! JAB.-JAGO.35 g;331282;Nature Addicts;0,0350;kg;1,69;48,29;;;1,69;3609200003087;Hrana
VOÆ.PL.. N.A! JAB.-CR.RIB.35 g;331283;Nature Addicts;0,0350;kg;1,69;48,29;;;1,69;3609200006972;Hrana
KEKSI MISURA KAKAO RIŽA 120 g;331322;Misura;0,1200;kg;1,49;12,42;;;1,49;8002590045654;Hrana
KEKSI MISURA ŽITAR.BŠ.120 g;331324;Misura;0,1200;kg;1,49;12,42;;;1,49;8002590045630;Hrana
KEKSI MISURA PRIVOL.MED 400 g;331326;Misura;0,4000;kg;3,59;8,98;;;3,59;8002590043483;Hrana
KEKSI MISURA KOM.ÈOK.290 g;331329;Misura;0,2900;kg;3,59;12,38;;;3,59;8002590043391;Hrana
KEKSI MISURA DOL.JOG.BŠ.400 g;331333;Misura;0,4000;kg;3,89;9,73;;;3,84;8002590043544;Hrana
KEKSI MISURA DOL.ŽIT.BŠ.300 g;331335;Misura;0,3000;kg;3,59;11,97;;;3,59;8002590043353;Hrana
UMAK KIKKOMAN SOJA 500 ml;331346;Kikkoman;0,5000;L;5,99;11,98;;;6,79;8715035110502;Hrana
RIŽA SCOTTI INTEGRALNA 1 kg;331353;Scotti;1,0000;kg;6,49;6,49;;;6,63;8001860190513;Hrana
LIMUNOV SOK POLENGHI 200 ml;331385;;0,2000;l;1,39;6,95;;;1,42;8031301885692;Hrana
ŠKROB GUSSNEL DOLCELA 300 g;331414;Dolcela;0,3000;kg;1,71;5,70;;;2,29;3850104282591;Hrana
TARTAR THOMY VREÆICA 220 g;331424;Thomy;0,2200;kg;3,19;14,50;;;3,19;8445291136359;Hrana
NAPITAK ALPRO ZOB BŠ.1 L;331425;Alpro;1,0000;L;3,99;3,99;;;3,99;5411188124689;Piæa
NAPITAK ALPRO KOKOS BŠ.1 L ;331428;Alpro;1,0000;L;3,79;3,79;;;2,39;5411188128311;Piæa
ÈAJ PODRAVKA DINARSKI 30 g;331520;Podravka;0,0300;kg;2,09;69,67;;;2,19;3856020233983;Piæa
ÈAJ PODRAVKA VELEBITSKI 30 g;331521;Podravka;0,0300;kg;2,09;69,67;;;2,19;3856020233952;Piæa
KOLAÈ SPAR MAKOVNJAÈA 500 g;331527;SPAR marka kvalitete;0,5000;kg;2,49;4,98;;;2,39;9100000838083;Hrana
KOLAÈ SPAR ORAHNJAÈA 500 g;331529;SPAR marka kvalitete;0,5000;kg;2,49;4,98;;;2,39;9100000838106;Hrana
KULEN DOBRO NAREZAK 100 g;331536;Dobro;0,1000;kg;2,99;29,90;;;2,89;3850133809462;Hrana
Kobasica za kuhanje ;331577;Andro;1,0000;kg;7,19;7,19;;;10,22;3858892820377;Hrana
PILING NAJFINIJI RUŽMAR.300 ml;331595;NAJFINIJI;0,3000;KG;7,19;23,97;;;7,19;3859893394287;Kozmetika
HIDROLAT NAJFINIJI LAVA.100 ml;331600;NAJFINIJI;0,1000;L;6,79;67,90;;;6,79;3859893394249;Kozmetika
DEO KR.NAJFINIJI METVICA 50 ml;331607;NAJFINIJI;0,0500;L;6,29;125,80;;;6,29;3859893394003;Kozmetika
DEO KR.NAJFINIJI LAVANDA 50 ml;331612;NAJFINIJI;0,0500;L;6,29;125,80;;;6,29;3859893394201;Kozmetika
PJENUŠAC JOSIPOVIÆ JAZZ 0,75 L;331620;;0,7500;L;21,09;28,12;;;21,09;3857500027320;Piæa
KESTEN PIRE 100% SANA 250 g;331666;;0,2500;kg;4,29;17,16;;;3,99;3858892321119;Hrana
KOZ.ŠTAPIÆ JASMIN NATURE 100/1;331695;Jasmin Nature;100,0000;kom;1,35;0,01;;;1,35;3838985889061;Toaletne potrepštine
GIN BLEU D ARGENT 0,7 L;331714;;0,7000;L;9,62;13,74;;;9,29;3263280110280;Piæa
GIN ROSE D ARGENT 0,7 L;331715;;0,7000;L;9,62;13,74;;;9,29;3263280117289;Piæa
INST.JUHA INDOMIE PILET. 5x70g;331730;Indomie;0,3500;kg;2,09;5,97;;;2,65;0089686170115;Hrana
ÈAJ NATURAVI. NAR.CIM.KUR.50 g;331828;Naturavita;0,0500;kg;2,19;43,80;;;2,19;3858884091600;Piæa
ÈAJ NATURAVI. ÐUMB. LIMUN 50 g;331829;Naturavita;0,0500;kg;2,19;43,80;;;2,19;3858884091617;Piæa
ŠAMPON MANE´N TAIL 355 ml;331838;Mane´n Tail;0,3550;L;7,69;21,66;;;7,69;0071409543214;Kozmetika
MLIJEKO ZAM.BEBIMIL 2 600 g;331843;Bebimil;0,6000;kg;11,25;18,75;;;11,25;9007253104906;Hrana
CHAMPAGNE PRINCE LAURE. 0,75 L;331846;;0,7500;L;28,19;37,59;;;28,19;3263287511004;Piæa
GEL OLD SPICE WHITEWAT.2x400ml;331857;Old Spice;0,8000;L;4,99;6,24;;;5,19;8700216980319;Kozmetika
TINKTURA DARVI.DETOX 50 ml;331861;Darvitalis;0,0500;L;14,29;285,80;;;14,29;3858890830248;Hrana
TINKTURA DARV.KOPRIVA 50 ml;331862;Darvitalis;0,0500;L;13,99;279,80;;;13,99;3858890831306;Hrana
TINKTURA DAR.SIKAVICA 50 ml;331863;Darvitalis;0,0500;L;13,99;279,80;;;13,99;3858890833348;Hrana
TINKTURA DAR.VRBOVICA 50 ml;331865;Darvitalis;0,0500;L;14,99;299,80;;;14,29;3858890832440;Hrana
TINKTURA DAR.VALERIJANA 50 ml;331866;Darvitalis;0,0500;L;13,99;279,80;;;13,99;3858890833263;Hrana
TINKTURA DARVITALIS GLOG 50 ml;331867;Darvitalis;0,0500;L;13,99;279,80;;;13,99;3858890833300;Hrana
PROPOLIS SPREJ DARVITAL.20 ml;331870;Darvitalis;0,0200;L;5,29;264,50;;;5,29;3858890831665;Hrana
PROPOLIS KAPI DARVITALIS 20 ml;331871;Darvitalis;0,0200;L;5,29;264,50;;;5,19;3858890831634;Hrana
DEO OLD SPICE WHITEWATER2x50ml;331872;Old Spice;0,1000;L;5,99;59,90;;;5,99;8006530049023;Kozmetika
DEO STICK OLD SPICE CAP.2x50ml;331873;Old Spice;0,1000;L;5,99;59,90;;;5,99;8700216961998;Kozmetika
POSL.ZA PSE VITA.NOS.PUR.90 g;331874;Vitakraft;0,0900;kg;2,79;31,00;;;2,79;4008239369192;Proizvodi za kuæanstvo
ŠAMPON VITAK. LAVANDA 250 ml;331875;Vitakraft;0,2500;l;2,89;11,56;;;2,69;8007229000455;Proizvodi za kuæanstvo
ŠAMPINJONI VH 500 g;331893;SPAR Vrtovi Hrvatske;0,5000;kg;1,89;3,78;;;1,85;3856021213984;Hrana
PUDING ÈOKO.PROT.Z BREG.180 g;331902;Z Bregov;0,1800;kg;;5,50;0,99;1,29;1,29;3850108040913;Hrana
PUDING VAN.PROTEIN Z BRE.180 g;331904;Z Bregov;0,1800;kg;;5,50;0,99;1,29;1,29;3850108040906;Hrana
VINO RUBIS CHOCOLATE 0,5 L;331908;;0,5000;L;18,61;37,22;;;18,61;5037612801010;Piæa
BEYOND BURGER VEGE 226 g;331918;;0,2260;kg;5,49;24,29;;;4,49;1230000068116;Hrana
PERECI SLANI SPAR 250 g;331923;SPAR marka kvalitete;0,2500;kg;2,59;10,36;;;2,59;3856021213779;Hrana
JABUKA CRVENA VH 2 kg;331985;Vlastite potrebe;2,0000;kg;1,68;0,84;;;2,19;3856021219788;Hrana
JABUKA ZELENA VH 2 kg;331986;Vlastite potrebe;2,0000;kg;2,19;1,10;;;2,19;3856021219740;Hrana
MAR.S BUDGET ZA SKUPLJ.B.36/1;331993;S-Budget;36,0000;kom;2,49;0,07;;;2,49;8056149081228;Proizvodi za kuæanstvo
BRAŠN.INT.PIROVO PODRAVKA 1 kg;332000;Podravka;1,0000;kg;2,49;2,49;;;2,49;3838700295269;Hrana
BRAŠNO HELJDINO PODRAVKA 1 kg;332001;Podravka;1,0000;kg;3,99;3,99;;;3,99;3838700295276;Hrana
TAB.MULTIVITA MG DIR.20/1 30 g;332006;Multivita;0,0300;kg;4,29;143,00;;;3,79;3858881248502;Hrana
EL.KOMPLE.AIRWICK LINEN 19 ml ;332011;Airwick;1,0000;kom;7,49;7,49;;;7,49;5999109542403;Sredstva za èišæenje
TAB.FINISH ALL IN1 MAX 80/1;332016;Finish;80,0000;kom;15,99;0,20;;;14,99;5997321733562;Sredstva za èišæenje
VINO ROSO PLAVAC BARR.S.0,75 L;332111;;0,7500;l;8,19;10,92;;;7,99;3859888568129;Piæa
VINO POŠIP ROYAL ROSO  0,75 L;332116;;0,7500;l;12,89;17,19;;;12,89;3859888568860;Piæa
VINO RUKATAC ROSO 0,75 L;332117;;0,7500;l;5,09;6,79;;;5,09;3859888568136;Piæa
VINO ROSE ROSO 0,75 L;332118;;0,7500;l;5,59;7,45;;;5,59;3859888568839;Piæa
VINA KOPER MALVAZIJA  0,75 L;332125;;0,7500;l;9,49;12,65;;;9,49;3830000700122;Piæa
VINO TOMAZ ROSE FLAMINO 0,75 L;332127;;0,7500;l;15,49;20,65;;;15,49;3857500055040;Piæa
VINO TOMAZ MALVAZIJA SS.0,75 L;332130;;0,7500;l;25,69;34,25;;;25,69;3857500055026;Piæa
VINA KOPER REFOŠK-REX  0,75 L;332148;;0,7500;l;9,99;13,32;;;9,99;3830000703048;Piæa
SV.BLAG.PEÈENJE KARE BK;332449;;1,0000;kg;5,99;5,99;;;7,69;3850139633375;Hrana
ÈETK.CURAPROX  CS 1560/3 3/1;332734;Curaprox;1,0000;kom;;6,79;6,79;13,59;12,95;7612412001563;Kozmetika
ÈETK.CURAPROX  CS 5460 3/1;332746;Curaprox;1,0000;kom;13,59;13,59;;;12,95;7612412540604;Kozmetika
ÈETK.CURAPROX  1560 SOFT;332747;Curaprox;1,0000;kom;5,79;5,79;;;5,25;7612412156003;Kozmetika
ÈETK.CURAPROX  CS5460 ULTRASOF;332749;Curaprox;1,0000;kom;5,79;5,79;;;5,25;7612412423143;Kozmetika
ÈETK.CURAPROX  CPS 07 INTERDE.;332752;Curaprox;7,0000;kom;;0,57;3,99;8,49;8,29;7612412427721;Kozmetika
ÈETK.CURAPROX  CPS 06 INTERDE.;332753;Curaprox;7,0000;kom;8,49;1,21;;;8,29;7612412427653;Kozmetika
PAŠTETA PODR.PILEÆA JETR.95 g;332799;Podravka;0,0950;kg;1,29;13,58;;;1,29;3856020224592;Hrana
PAŠTETA PODR.PILEÆA AJVAR 95 g;332805;Podravka;0,0950;kg;1,29;13,58;;;1,29;3856020224653;Hrana
PAŠTETA PODR.PILE.VRHNJE 95 g;332813;Podravka;0,0950;kg;1,19;12,53;;;1,19;3856020224622;Hrana
ŠTAP.ZA UŠI JEAN CAROL 200/1;332835;Jean Carol;200,0000;kom;1,69;0,01;;;1,69;4000576027933;Toaletne potrepštine
ÈAJ AGRISTAR MENTA 80 g;332880;Agristar;0,0800;kg;3,09;38,63;;;3,09;3858886501312;Piæa
ÈAJ AGRISTA.MATIÈNJ. LIST 70 g;332883;Agristar;0,0700;kg;2,89;41,29;;;2,89;3858886501329;Piæa
MARAM.LOVELY BALSAM 4SL.24x10;332897;Lovely;24,0000;kom;3,99;0,17;;;3,99;9100000752877;Toaletne potrepštine
KREMA ZA DEPILAC.ÈUPKO 125 ml;332909;Èupko;0,1250;L;2,79;22,32;;;2,95;3859888495302;Kozmetika
ZAM.MLIJEKO BEBIM.3 AKT.500 g;333024;Bebimil;0,5000;kg;8,49;16,98;;;8,95;9007253104920;Hrana
VINO PINK MOSCATO IURIS 0,75 L;333044;Iuris;0,7500;l;8,28;11,04;;;8,28;3859891102440;Piæa
MLIJ UHT 1,5% BEZ L MEGG.0,5 L;333054;Meggle;0,5000;L;0,89;1,78;;;0,89;3870085010525;Hrana
KUKURUZ KOKIÈAR 500g;333057;;0,5000;kg;1,10;2,20;;;1,10;3858889330650;Hrana
KUKURUZ KOKIÈAR NATURA 400 g;333058;Natura;0,4000;kg;1,21;3,03;;;1,21;3859892798482;Hrana
LAN SJEME NATUR PUR MLJE.300 g;333061;Spar Natur pur;0,3000;kg;1,39;4,63;;;1,39;9100000830858;Hrana
KUKURUZ KOK.EUROCOMPANY 200 g;333062;EUROCOMPANY;0,2000;kg;0,69;3,45;;;0,60;3872084000705;Hrana
GRAH ŠARENI NATURA 500 g;333063;;0,5000;kg;2,19;4,38;;;2,29;3859893124501;Hrana
KUKURUZ KOKIÈAR NATURA 200 g;333066;Natura;0,2000;kg;0,66;3,30;;;0,66;3859893124754;Hrana
SLANUTAK RFS;333067;;1,0000;kg;2,89;2,89;;;2,89;3858889330933;Hrana
GRAH PINTO NATURA 500 g;333070;;0,5000;kg;1,49;2,98;;;1,96;3859893124938;Hrana
LEÆA ZELENA NATURA 500 g;333071;;0,5000;kg;2,19;4,38;;;1,99;3859891427307;Hrana
GRAH 5 VRSTA MJEŠAV.SPAR 500 g;333072;SPAR;0,5000;kg;1,99;3,98;;;1,99;3856021206467;Hrana
KUKURUZ KOKIÈAR NATURA 1000 g;333075;;1,0000;kg;2,45;2,45;;;2,45;3859890587422;Hrana
LEÆA CRVENA NATURA 500 g;333076;;0,5000;kg;2,19;4,38;;;1,89;3859890587019;Hrana
PROSO NATUR PUR 1 kg;333077;SPAR Natur*pur;1,0000;kg;3,19;3,19;;;3,05;9100000776958;Hrana
GRAH BIJELI VEDRINI 1000g;333082;;1,0000;kg;2,65;2,65;;;2,65;3858889331435;Hrana
LAN SJEME NATUR PUR 300 g;333084;Natur pur;0,3000;kg;1,29;4,30;;;1,29;9100000830834;Hrana
LAN SJEMENKE NATURA 150 g;333085;;0,1500;kg;,92;6,13;;;0,92;3859891427673;Hrana
GRAH BIJELI RFZ;333086;;1,0000;kg;2,79;2,79;;;2,79;3859890587514;Hrana
SEZAM SJEMENKE NATURA 150 g;333087;;0,1500;kg;1,39;9,27;;;1,39;3859891427680;Hrana
CHIA SJEMENKE SPAR VITAL 250 g;333089;SPAR Vital;0,2500;kg;2,45;9,80;;;2,45;9100000701172;Hrana
GRAH BIJELI NATURA 500 g ;333092;;0,5000;kg;2,19;4,38;;;2,29;3859893124518;Hrana
LAN 200g;333094;;0,2000;kg;1,19;5,95;;;1,19;3859890630999;Hrana
Suncokret 200g;333096;;0,2000;kg;0,99;4,95;;;0,99;3859890630937;Hrana
GRAŠAK SUŠENI VEDRINI 500g;333097;;0,5000;kg;0,98;1,96;;;0,98;3859890630739;Hrana
PRŠUT S BUDGET NAREZANI 100 g;333099;S-Budget;0,1000;kg;2,59;25,90;;;2,59;3856021225062;Hrana
SEZAM 200g;333100;;0,2000;kg;0,98;4,90;;;0,98;3859890630920;Hrana
LEÆA CRVENA SPAR 500 g;333101;SPAR;0,5000;kg;1,99;3,98;;;1,99;3856021206405;Hrana
SLANUTAK NATURA 500g;333102;;0,5000;kg;2,19;4,38;;;1,94;3859890587026;Hrana
LEÆA ZELENA SPAR 500 g;333103;SPAR;0,5000;kg;1,99;3,98;;;1,99;3856021206429;Hrana
SLANUTAK SPAR 500 g ;333105;SPAR;0,5000;kg;1,99;3,98;;;1,99;3856021206443;Hrana
MAHUNARKE MJEŠAVINA SPAR 500 g;333106;SPAR;0,5000;kg;1,99;3,98;;;1,99;3856021206481;Hrana
GRAŠAK SUŠENI RFZ;333112;;1,0000;kg;1,69;1,69;;;1,69;3858889331596;Hrana
Kukuruz kokièar RFS;333113;;1,0000;kg;1,49;1,49;;;1,49;8586015871085;Hrana
LEÆA ZELENA RFS;333114;;1,0000;kg;3,49;3,49;;;3,49;3859891427611;Hrana
LEÆA CRVENA RFZ;333115;;1,0000;kg;2,79;2,79;;;2,79;3859891427604;Hrana
TOAST DESPAR INTEGRALNI 330 g;333117;DESPAR;0,3300;kg;1,09;3,30;;;1,09;8001300503101;Hrana
DEO SPRAY FA FRESH&DRY 150 ml;333165;Fa;0,1500;L;3,29;21,93;;;3,20;9000101251166;Kozmetika
GEL ZA TU.FA PINK JASMI.400 ml;333173;Fa;0,4000;L;2,59;6,48;;;4,19;9000100935531;Kozmetika
BOJA SYOSS 4-15 PRAŠNJAVI KROM;333175;Syoss;1,0000;kom;6,19;6,19;;;5,59;9000101266481;Kozmetika
BOJA SYOSS OLEO INTENSE 4-86;333176;Syoss;1,0000;kom;6,49;6,49;;;6,49;9000100927055;Kozmetika
RIŽIN SNACK N.P. PUNOZRN.100 g;333225;Spar Natur pur;0,1000;kg;1,19;11,90;;;1,19;9100000772264;Hrana
RIŽIN SNACK N.P.TAM.ÈOK.100 g;333227;Spar Natur pur;0,1000;kg;1,99;19,90;;;1,49;9100000772189;Hrana
SNACK NAT.PUR EKSP.RIŽA 100 g;333229;Spar Natur pur;0,1000;kg;1,99;19,90;;;1,49;9100000772165;Hrana
VL.TP LOVELY CASHMERE 60/1 ;333231;Lovely;60,0000;kom;1,29;0,02;;;1,29;9100000948454;Toaletne potrepštine
KRUH RIŽIN FREE FROM 250 g;333234;SPAR free from;0,2500;kg;2,29;9,16;;;2,29;9100000449098;Hrana
GRAH S-BUDGET BIJELI 800 g;333236;S-Budget;0,5300;kg;1,59;3,00;;;1,59;9100000718088;Hrana
JAVOROV SIRUP NP.BLAGI 250 ml;333237;Spar Natur pur;0,2500;L;6,99;27,96;;;6,99;9100000997445;Hrana
SJEM.SUNCOKR.SPAR VITAL 400 g;333246;SPAR Vital;0,4000;kg;1,59;3,98;;;1,59;9100000446172;Hrana
INDIJSKI ORAŠÈIÆI SPAR 300 g;333247;SPAR;0,3000;kg;4,99;16,63;;;4,79;9100000690063;Hrana
VINO PLAVAC BA.PALIHNIÆ 0,75 L;333311;;0,7500;l;7,09;9,45;;;7,09;3859892911324;Piæa
VINO PLAVAC PALIHNIÆ 1 L;333312;;1,0000;l;4,39;4,39;;;4,39;3859892911089;Piæa
VINO POSTUP PALIHNIÆ 0,75 L;333313;;0,7500;l;12,99;17,32;;;12,99;3859892911096;Piæa
VINO DINGAÈ PALIHNIÆ  0,75 L;333314;;0,7500;l;15,49;20,65;;;15,49;3859892911126;Piæa
VINO RUKATAC PALIHNIÆ 3 L;333315;;3,0000;L;9,99;3,33;;;9,99;3859892911249;Piæa
VINO PLAVAC MALI PALIHNIÆ 3 L;333317;;3,0000;l;9,19;3,06;;;9,19;3859892911218;Piæa
GEL TUŠ.S BUDGET SPORT 1 L;333318;S-Budget;1,0000;L;1,59;1,59;;;1,69;9100000015743;Kozmetika
VINO POŠIP AK.S.MATUŠKO 0,75 L;333319;;0,7500;l;19,59;26,12;;;15,29;3859889396653;Piæa
GIN DUBROVNIK REPUBLIC 0,5 L;333383;;0,5000;l;50,32;100,64;;;50,32;0783591081800;Piæa
PIZZA SELJAÈKA SPAR 315 g;333417;SPAR marka kvalitete;0,3150;kg;2,79;8,86;;;2,69;9100000783833;Hrana
PIZZA MOZZARELLA SPAR 330 g;333418;SPAR marka kvalitete;0,3300;kg;2,79;8,45;;;2,69;9100000733906;Hrana
LASAGNE BOLOGNESE SPAR 400 g;333422;SPAR marka kvalitete;0,4000;kg;3,49;8,73;;;3,39;9100000774190;Hrana
ROLL ON GARNIER MINERAL 50 ml;333461;Garnier;0,0500;L;4,79;95,80;;;4,59;3600542310338;Kozmetika
DEO S.MEN EXPERT INVINC.150 ml;333472;LOREAL;0,1500;L;5,19;34,60;;;4,79;3600523908639;Kozmetika
ROLL-ON MEN EXPER.SPORT 50 ml ;333473;LOREAL;0,0500;L;5,19;103,80;;;4,79;3600523908677;Kozmetika
PAP.RUÈ.ZEWA FLEXISHEETS 2/1;333571;Zewa;2,0000;kom;2,55;1,28;;;2,55;7322541192864;Proizvodi za kuæanstvo
PAP.RUÈ.ZEWA JUMBO WHITE 1/1;333597;Zewa;1,0000;kom;3,85;3,85;;;3,85;7322541191706;Proizvodi za kuæanstvo
SOMERSBY LUBENICA 0,5 L LIM.;333648;Somersby;0,5000;L;1,78;3,56;;;1,78;3858887583393;Piæa
KRANJSKA KOB.S BUDGET 320 g;333656;S-Budget;0,3200;kg;2,78;8,69;;;2,78;3856021214837;Hrana
KAKAO PRAH NATUR PUR 125 g;333665;Natur pur;0,1250;kg;3,49;27,92;;;3,49;9100000835402;Hrana
TJ.N.PUR FARFALLE MINI 500 g;333666;Natur pur;0,5000;kg;1,72;3,44;;;1,72;9100000444635;Hrana
TJ.N.PUR PENNE MINI 500 g;333667;Spar Natur pur;0,5000;kg;1,72;3,44;;;1,72;9100000444659;Hrana
PIVO NEPOSLUŠNA 0,5 L;333674;;0,5000;L;3,18;6,36;;;3,18;0745760031016;Piæa
TRUFFLE DELAVIUDA KAKAO 100 g;333681;DELAVIUDA;0,1000;kg;2,09;20,90;;;2,12;8410223605913;Hrana
PANCETA KOCKICE VP CCA 300 g;333708;Dimmes;1,0000;kg;10,19;10,19;;;10,19;3859892362102;Hrana
KAPSULE MULT.OMEGA 3 30/1 ;333730;Multivita;30,0000;kom;5,59;0,19;;;4,49;3858881248601;Hrana
PIVO GRIF PALE ALE 0,5 L;333737;;0,5000;L;2,42;4,84;;;2,42;3859893353147;Piæa
ÈOK.DORINA KOKOS 98 g;333765;Dorina;0,0980;kg;1,49;15,20;;;1,99;3850102516889;Hrana
DEO SPRAY FA DIVINE MOM.150 ml;333791;Fa;0,1500;L;3,29;21,93;;;3,20;9000101053111;Kozmetika
BOJA SYOSS OLEO 4-23 VIN.CRV.;333825;Syoss;1,0000;kom;6,49;6,49;;;6,49;9000100840835;Kozmetika
FLIPS MARBO MAX K.VRHNJE 25 g;333828;Marbo;0,0250;kg;0,75;30,00;;;0,79;8606014407464;Hrana
FLIPS MARBO MAX SLAT.CHIL.25 g;333829;Marbo;0,0250;kg;0,75;30,00;;;0,79;8606014407440;Hrana
JOGURT PROBIOTIK FORTIA 1 kg;333841;Z Bregov;1,0000;kg;2,69;2,69;;;2,49;3850108032642;Hrana
JOG.FORTIA JAGRO/CR.RIBIZ.1 kg;333842;Z Bregov;1,0000;kg;2,69;2,69;;;2,69;3850108032178;Hrana
JOGURT FORTIA NATUR 330 g;333861;Z Bregov;0,3300;kg;1,39;4,21;;;1,39;3850108032697;Hrana
JOGURT FORTIA VIŠNJA  330 g;333862;Z Bregov;0,3300;kg;1,49;4,52;;;1,49;3850108032666;Hrana
JOG.JAG/GRO/C.RIB.FORTIA 330 g;333876;Z Bregov;0,3300;kg;1,49;4,52;;;1,49;3850108032680;Hrana
JOGURT FORTIA BOROVBAZGA 330 g;333878;Z Bregov;0,3300;kg;1,49;4,52;;;1,49;3850108032673;Hrana
PIVSKI PERECI 8x94 g;334062;;0,7500;kg;3,79;5,05;;;3,79;9009267052006;Hrana
FILET.INÆ.MASL.ULJU PELA.180 g;334066;;0,0950;kg;9,29;97,79;;;9,99;3859893545238;Hrana
TORTELL.RICOTTA I ŠPINAT 250 g;334087;Aurelia;0,2500;kg;2,79;11,16;;;2,79;3859892780692;Hrana
RAVIOLI KOZJI SIR AURELI.250 g;334094;Aurelia;0,2500;kg;2,89;11,56;;;2,89;3859893533143;Hrana
SIR GORSKI CHILI PAP.CA.340 g ;334147;;0,3400;kg;6,49;19,09;;;6,49;3857500021281;Hrana
SIR CHEDDAR KERRYGOL.RED 200 g;334182;Kerrygold;0,2000;kg;3,99;19,95;;;3,99;5000165026766;Hrana
BOJA GARNIER COLO.SENSA.S1;334201;Garnier;1,0000;kom;5,29;5,29;;;4,99;3600542259095;Kozmetika
CROISS.7 DAY´S SUPER MAX 110 g;334213;7 Day's;0,1100;kg;1,29;11,73;;;1,19;7622201388362;Hrana
CROISS.7 DAY´S SUPER MAX 110 g;334215;7 Day's;0,1100;kg;1,29;11,73;;;1,19;7622201390624;Hrana
KAVA MLJEVENA ANAMARIA 600 g;334276;Anamarija;0,6000;kg;10,99;18,32;;;10,99;3858881775060;Piæa
SIR PANIR.EMME.SRCA SPAR 250 g;334278;SPAR;0,2500;kg;3,49;13,96;;;3,49;9100000836522;Hrana
SIRUP NATUR PUR AGAVA 1 kg;334304;Spar Natur pur;1,0000;kg;9,99;9,99;;;9,99;9100000720142;Hrana
POSL.ZA PSE SCOT.MINI BUR.75 g;334305;Scotty;0,0750;kg;1,89;25,20;;;1,89;9100000833224;Proizvodi za kuæanstvo
BALZAM L´ANGELICA KOKOS 4,8 g;334325;L´Angelica;1,0000;kom;1,99;1,99;;;1,99;8017331072004;Kozmetika
BALZAM L´ANGELICA PAMUK 4,8 g;334326;L´Angelica;1,0000;kom;1,99;1,99;;;1,99;8017331071793;Kozmetika
TLAÈENICA PREMIUM 300 g;334339;Silma;0,3000;kg;2,39;7,97;;;2,49;3859892782344;Hrana
KAVA STARBUCKS PIKE PLACE 53 g;334341;Starbucks;0,0530;kg;6,19;116,79;;;5,89;7630477891677;Piæa
VINO ZLATAN BABIÆ EKO  0,75 L;334377;;0,7500;l;9,05;12,07;;;9,05;3859888437579;Piæa
TORTA CHEESECAKE LATICA 650 g;334379;Latica;0,6500;kg;;8,45;5,49;6,63;6,63;3850261359747;Hrana
PAPRIKE PEPPAD.JAL.LJUTE 400 g;334390;Peppadew;0,2000;kg;3,59;17,95;;;3,59;6007788005085;Hrana
OSVJ.WC BREF MINT 3X50 g;334408;Bref;0,1500;kg;3,99;26,60;;;5,95;9000101360578;Sredstva za èišæenje
PEZ USKRS.FIGURICE 17 g;334416;Pez;0,0170;kg;2,49;146,47;;;2,49;9044400826762;Hrana
DET.FROSCH ZA SUÐE LIMU.750 ml;334420;Frosch;0,7500;L;2,39;3,19;;;2,39;4001499964534;Sredstva za èišæenje
DET.FROSCH ZA SUÐ.LIMET.500 ml;334433;Frosch;0,5000;L;1,65;3,30;;;1,65;4009175176172;Sredstva za èišæenje
DET.FROSCH ZA SUÐE LIMU.500 ml;334438;Frosch;0,5000;L;1,59;3,18;;;1,65;4009175951946;Sredstva za èišæenje
ÈOK.KIND.SUPRISE MAXI LEI 150g;334443;Ferrero;0,1500;kg;10,39;69,27;;;8,99;8000500260043;Hrana
ÈOK.ZEC KINDER 45 g;334445;Ferrero;0,0450;kg;1,39;30,89;;;0,49;4008400521527;Hrana
ÈOK.FIGURA KINDER 110 g;334446;Ferrero;0,1100;kg;;27,18;2,99;3,19;3,99;4008400511825;Hrana
ÈOK.KINDER LOVE 37 g;334450;Ferrero;0,0370;kg;1,39;37,57;;;0,49;8000500293539;Hrana
POSL.ZA PSE PEDIG.SCHMACK.86 g;334451;Pedigree;0,0860;kg;2,19;25,47;;;2,19;5010394004435;Proizvodi za kuæanstvo
ÈOK.KINDER BUENO 4-PACK 172 g;334459;Ferrero;0,1720;kg;4,69;27,27;;;4,29;5020411113828;Hrana
ŠAMPON J´S BABY GOLD 750 ml;334501;Johnson's;0,7500;L;10,49;13,99;;;7,25;3574669907781;Kozmetika
KAVA BARCAFFE PERFET. IR.140 g;334528;Barcaffe;0,1400;kg;;25,64;3,59;4,49;3,98;3838471038102;Piæa
DEO SPR.AXE WILD BERGA.150 ml;334559;Axe;0,1500;L;4,89;32,60;;;4,55;8720181028809;Kozmetika
DEO SPRAY AXE LEATHER 150 ml;334565;Axe;0,1500;L;4,89;32,60;;;4,55;8710447285428;Kozmetika
DŽEM DIDA BOŽA MARELICA 690 g;334611;Dida Boza;0,6900;kg;;5,78;3,99;6,29;5,69;3859893011832;Hrana
BRIJAÈ BEAUTY KISS 5 OŠTRICA;334627;Beauty Kiss;1,0000;kom;6,63;6,63;;;6,63;9100000965079;Kozmetika
PATRONE BEAUTY KISS 4/1;334628;Beauty Kiss;4,0000;kom;5,33;1,33;;;5,33;9100000965055;Kozmetika
WOK MIX STRIBOR 350 g;334661;;0,3500;kg;1,99;5,69;;;2,39;3858893250470;Hrana
BABY MJEŠAVINA 100 g;334666;;0,1000;kg;1,39;13,90;;;1,56;3858893250258;Hrana
BUTTERNUT TIKVA 350 g;334668;;0,3500;kg;2,29;6,54;;;2,29;3858893250777;Hrana
POSL.ZA PSE PEDIGR.RODEO 123 g;334676;Pedigree;0,1230;kg;1,79;14,55;;;1,79;5998749141007;Proizvodi za kuæanstvo
GAZ.PIÆE COC.BEZ ŠEÆ.0,33 L LI;334691;Cockta;0,3300;L;1,09;3,30;;;1,02;3838471039956;Piæa
NATUR PUR JUNEÆA LEÐA BK;334698;SPAR Natur*pur;1,0000;KG;41,99;41,99;;;38,99;9100200545583;Hrana
HRANA ZA MAÈKE SHEBA PILE.85 g;334701;Sheba;0,0850;kg;1,09;12,82;;;1,09;4770608247409;Proizvodi za kuæanstvo
HRANA ZA MAÈKE SHEBA 4X85 g;334703;Sheba;0,3400;kg;3,29;9,68;;;3,29;4770608257132;Proizvodi za kuæanstvo
HRANA ZA MAÈ.SHEBA PER.4X85 g;334706;Sheba;0,3400;kg;3,29;9,68;;;3,29;4770608247683;Proizvodi za kuæanstvo
KAP. DG FLAT WHITE 187,2 g;334718;Nescafe;0,1872;kg;5,49;29,33;;;6,49;7613036595735;Piæa
FOLIJA ALUMINIJSKA 24 m;334720;;1,0000;kom;5,99;5,99;;;5,99;3859893097706;Proizvodi za kuæanstvo
FOLIJA PRIJANJAJUÆA 30m;334724;;1,0000;kom;2,99;2,99;;;2,99;3859893097003;Proizvodi za kuæanstvo
PAPIR ZA PEÈENJE 8m;334728;;1,0000;kom;3,49;3,49;;;3,49;3859893097454;Proizvodi za kuæanstvo
HRANA ZA PSE CESAR GO.JE.150 g;334745;Cesar;0,1500;kg;1,79;11,93;;;1,79;4008429158797;Proizvodi za kuæanstvo
CAPPUCC.S BUDGET ÈOKOL. 200 g;334764;S-Budget;0,2000;kg;2,29;11,45;;;1,99;3856021214257;Piæa
CAPPUCC.S BUDGET CLASIC 200 g;334767;S-Budget;0,2000;kg;2,29;11,45;;;1,99;3856021214219;Piæa
CAPPUCC.S BUDGET VAN. 200 g;334769;S-Budget;0,2000;kg;2,29;11,45;;;1,99;3856021214233;Piæa
USK.ZEC SMARTIES 85 g;334838;Smarties;0,0850;kg;2,75;32,35;;;0,99;41007563;Hrana
GAZ.PIÆE SCHW.PINK GREJP 0,5 L;334841;Coca-Cola;0,5000;L;1,35;2,70;;;1,35;5449000089496;Piæa
GAZ.PIÆE SCH.PINK GREJP 1 L;334842;Coca-Cola;1,0000;L;1,79;1,79;;;1,79;5449000245236;Piæa
GAZ.PIÆ.SCHW.TONIK 1 L BEZ ŠE.;334843;Schweppes;1,0000;L;1,79;1,79;;;1,79;5449000064219;Piæa
GEL DESPAR SVE U 1 650 ml;334865;Despar;0,6500;L;4,48;6,89;;;4,48;8001300899754;Sredstva za èišæenje
DESERT MLIJ.MONTE WHITE 150 g;334877;Zott;0,1500;kg;1,19;7,93;;;1,19;4014500515571;Hrana
SLADOLED KONTIKI LEDO 4x70 ml;334965;Ledo;0,2800;L;4,49;16,04;;;3,99;3850116066394;Hrana
MAJ./KETCHUP ZVIJEZDA 165 g;334967;Zvijezda;0,1650;kg;2,49;15,09;;;2,39;3856015321275;Hrana
MLIJ.ÈOK.LAG.JUTRO DUKAT 0,5 L;334972;Dukat;0,5000;L;1,69;3,38;;;1,75;3850354015093;Hrana
ÈIPS DESPAR SLANI 180 g;334975;Despar;0,1800;kg;1,29;7,17;;;1,29;8001300761587;Hrana
ÈIPS DESPAR PAPRIKA 150 g;334976;Despar;0,1500;kg;1,34;8,93;;;1,32;8001300501459;Hrana
ÈIPS DESPAR RAJÈICA 150 g;334978;Despar;0,1500;kg;1,32;8,80;;;1,32;8001300501442;Hrana
ÈIPS DESPAR LIMETA I PAP.150 g;334979;Despar;0,1500;kg;1,34;8,93;;;1,32;8001300501435;Hrana
ÈIPS DESP.SLANI REBRASTI 180 g;334985;Despar;0,1800;kg;1,39;7,72;;;1,39;8001300761433;Hrana
ÈIPS MEKI CLASSIC DESPAR 160 g;334986;Despar;0,1600;kg;1,52;9,50;;;1,52;8001300501701;Hrana
ÈOK.MILKA SWING KEKS 100 g;335020;Milka;0,1000;kg;;14,90;1,49;2,49;2,49;7622201125721;Hrana
NAPOL.MANNER ÈOKOLADA 200 g;335027;Manner;0,2000;kg;2,49;12,45;;;2,29;9000331627212;Hrana
NAPOL.MANNER ORIGINAL 200 g;335028;Manner;0,2000;kg;2,49;12,45;;;2,29;9000331627229;Hrana
ŠAMPON FRUCTIS ALOE 400 ml;335034;Garnier;0,4000;L;4,49;11,23;;;4,39;3600542134781;Kozmetika
KREMA CHEESECAKE Z BREG.500 g;335041;;0,5000;kg;3,89;7,78;;;3,99;3850108058864;Hrana
DEO S.GARNIER MAGNESIUM 150 ml;335046;Garnier;0,1500;L;4,79;31,93;;;4,59;3600542310437;Kozmetika
DEO ROLL ON GARN.MAGNES.50 ml;335048;Garnier;0,0500;L;4,79;95,80;;;4,59;3600542309967;Kozmetika
MAJONEZA S-BUDGET 80% 275 ml;335049;S-BUDGET;0,2750;L;2,39;8,69;;;2,39;9100000051710;Hrana
DEO ROLL ON GA.MAGNESIUM 50 ml;335055;Garnier;0,0500;L;4,79;95,80;;;4,59;3600542310055;Kozmetika
SIR GOUDA NAREZ.S-BUDGET 400 g;335059;S-BUDGET;0,4000;kg;4,15;10,38;;;4,49;9100000072173;Hrana
SIR FETA BIO NATUR PUR 150 g;335060;SPAR Natur*pur;0,1500;kg;2,79;18,60;;;2,79;9100000039268;Hrana
SLAD.SNICKERS ŠTAPIÆ 73,5 g;335191;Snickers;0,0740;kg;1,99;26,89;;;2,39;5000159515481;Hrana
SLADOLED OREO TUB 480 ml;335221;Oreo;0,4800;L;5,49;11,44;;;5,49;4007993031260;Hrana
DET.NILA MY HAPPY COLORS 2,7 L;335223;Nila;2,7000;L;6,99;2,59;;;4,59;3850105169662;Sredstva za èišæenje
DET.NILA SENSUAL BLACK 2,7 L;335225;Nila;2,7000;L;6,99;2,59;;;4,59;3850105169631;Sredstva za èišæenje
SLADOLED HD VANILIJA 460 ml;335226;Häagen Dazs;0,4600;L;;10,85;4,99;6,99;6,99;3415581101836;Hrana
DET.NILA MY CUTE BABY 2,7 L;335227;Nila;2,7000;L;6,99;2,59;;;4,59;3850105169600;Sredstva za èišæenje
KAVA FRANCK JUBILARNA 500 g;335236;Franck;0,5000;kg;7,69;15,38;;;10,29;3858881088177;Piæa
DEO STI.OLD SPICE WHITEW.70 ml;335252;Old Spice;0,0700;L;3,49;49,86;;;3,85;5000174917710;Kozmetika
GIN GREAT HOUSE 1 L;335253;;1,0000;l;10,02;10,02;;;10,02;3858892460092;Piæa
DEO S.OLD SPICE DEEP SEA 50 ml;335259;Old Spice;0,5000;L;3,49;6,98;;;3,85;8001841283906;Kozmetika
VINO ŠKRLET LAGENA 0,75 L;335280;;0,7500;l;9,09;12,12;;;8,18;3859893652011;Piæa
VINO CABARNET SAU.LAG. 0,75 L;335281;;0,7500;l;8,18;10,91;;;8,18;3859893652028;Piæa
TONIC FENTIMANS ROSE LE.0,75 L;335283;;0,7500;l;6,52;8,69;;;5,99;5029396738767;Piæa
VINO GRAŠEVINA KV.KREŠ.0,75 L;335289;;0,7500;l;6,02;8,03;;;6,02;3859892575014;Piæa
VINO CAB.SAUVIGKREŠIÆ 0,75 L;335306;;0,7500;l;6,99;9,32;;;6,02;3859892575342;Piæa
VINO TRAMIN.KV.KREŠIÆ 0,75 L;335323;;0,7500;l;6,99;9,32;;;6,02;3859892575076;Piæa
PIVO KARLOVAÈKO 2 L PET;335335;Karlovacko;2,0000;L;3,85;1,93;;;3,42;3850103902162;Piæa
VINO GRIFFIN SAUV.BLANC 0,75 L;335337;;0,7500;l;17,32;23,09;;;17,32;3859536305403;Piæa
VINO GRIFFIN SING.VINE.0,75 L ;335338;;0,7500;l;15,62;20,83;;;15,62;3859536305434;Piæa
PJENUŠ.GRIFFIN DARK SI.0,75 L ;335339;;0,7500;l;;34,65;25,99;30,79;30,82;3859536305472;Piæa
PJENUŠ. GRIFFIN ROSE VR.0,75 L;335340;;0,7500;l;;31,72;23,79;27,99;28,02;3859536305465;Piæa
PJENUŠ. GRIFFIN BRUT VR.0,75 L;335341;;0,7500;l;;26,25;19,69;23,19;23,22;3859536305427;Piæa
JUŠNE KOCKICE PIR NA.PUR 200 g;335347;Natur pur;0,2000;kg;2,38;11,90;;;2,38;9100000834207;Hrana
FLIPS POM BAR ORIGINAL 50 g;335348;Pom Bär;0,0500;kg;1,19;23,80;;;1,19;3856021302718;Hrana
FLIPS POM BAR KETCHUP 50 g;335349;Pom Bär;0,0500;kg;1,19;23,80;;;1,19;3856021302756;Hrana
FLIPS POM BAR PAPRIKA 50 g;335350;Pom Bär;0,0500;kg;1,19;23,80;;;1,19;3856021302732;Hrana
SOL KUHINJSKA TUZLA SIT.250 g;335378;Tuzlanska Sol;0,2500;kg;1,99;7,96;;;1,99;3870009000427;Hrana
LIKER VIŠNJEVAC ÐANIÆ  0,5 L;335382;;0,5000;l;15,38;30,76;;;15,38;3859891109371;Piæa
RAKIJA ŠLJIVOVICA ÐANIÆ 0,5 L;335383;;0,5000;l;15,38;30,76;;;15,38;3859891109142;Piæa
LIKER BOROVNICA ÐANIÆ 0,5 L;335384;;0,5000;l;15,38;30,76;;;15,38;3859891109999;Piæa
VINO MOUTON CADET SAUVI.0,75 L;335396;Mouton Cadet;0,7500;l;14,52;19,36;;;14,52;3262152001756;Piæa
PJEN.COLETTI BLANC NAT. 0,75 L;335438;;0,7500;l;16,88;22,51;;;16,88;3859889817615;Piæa
GAZ.PIÆE COCA COLA 12X150 ml;335439;Coca-Cola;1,8000;L;6,79;3,77;;;6,79;5449000034229;Piæa
GAZ.PIÆE COCA C.ZERO 12X150 ml;335440;Coca-Cola;1,8000;L;6,79;3,77;;;6,79;5449000138156;Piæa
DEO SP.OLD DEEP SEA MIN.150 ml;335441;Old Spice;0,1500;L;3,49;23,27;;;3,85;8001841282473;Kozmetika
VINO PINOT SIVI KOLARIÆ 0,75 L;335444;;0,7500;l;13,52;18,03;;;13,52;3859889817240;Piæa
VL.TP LOVELY BADEM 60/1 ;335456;Lovely;60,0000;kom;1,29;0,02;;;1,29;9100000007359;Toaletne potrepštine
GINGER BEER THOMAS HENR.0,75 L;335484;;0,7500;l;;5,32;3,99;5,02;5,02;4251760802540;Piæa
TONIC WATE.THOMAS HENRY 0,75 L;335485;;0,7500;l;;5,32;3,99;5,02;5,02;4251760802526;Piæa
GEL OLD SPICE DEEP SEA 400 ml;335486;Old Spice;0,4000;L;2,99;7,48;;;3,85;8001841326153;Kozmetika
RAKIJA WILLIAM RONER 0,7 L;335487;;0,7000;l;27,49;39,27;;;29,99;8002345007203;Piæa
PJE.BOTTEGA MILLESIMATO 0,75 L;335493;;0,7500;l;8,69;11,59;;;8,99;8005829231507;Piæa
GIN GREENALL´S BL. BERRY 0,7 L;335500;;0,7000;l;17,88;25,54;;;17,88;5010296007114;Piæa
VINO CONTENDA MERLOT 0,75 L;335502;;0,7500;l;4,02;5,36;;;4,02;8410702016025;Piæa
VINO CONTEN. CHARDONNAY 0,75 L;335503;;0,7500;l;4,02;5,36;;;4,02;8410702033435;Piæa
VINO CONTENDA SHIRAZ 0,75 L;335504;;0,7500;l;4,02;5,36;;;4,02;8410702033459;Piæa
VINO CONTENDA CAB.SAUV.0,75 L;335505;;0,7500;l;4,02;5,36;;;4,02;8410702033442;Piæa
VODA JANA 6X1.5L;335506;Jana;7,5000;L;4,83;0,64;;;4,83;3858890874082;Piæa
ŠAM.FR.HAIR FOOD BANANA 350 ml;335509;Garnier;0,3500;L;5,39;15,40;;;5,19;3600542290012;Kozmetika
ŠAM.FRU.HAIR FOOD PAPAY.350 ml;335510;Garnier;0,3500;L;5,39;15,40;;;5,19;3600542289979;Kozmetika
REG.FRU.HAIR FOOD BANA.350 ml;335513;Garnier;0,3500;L;5,39;15,40;;;5,19;3600542290272;Kozmetika
REG.FRU.HAIR FOOD PAPAY.350 ml;335558;Garnier;0,3500;L;5,39;15,40;;;5,19;3600542290289;Kozmetika
PANCETA DIMLJENA 200 g;335589;Pisinium;0,2000;kg;5,99;29,95;;;5,29;3858884935935;Hrana
MEÐIMURS. GIBANICA PREMI.530 g;335598;SPAR Premium;0,5300;kg;5,79;10,92;;;5,79;3856021214752;Hrana
NAP.CEDEVITA FRESH LIM.340 ml;335617;Cedevita;0,3400;L;1,19;3,50;;;1,12;3850322013380;Piæa
NAP.CEDEVITA FR.BAZ/LIM.340 ml;335618;Cedevita;0,3400;L;1,19;3,50;;;1,12;3850322013427;Piæa
NAP.CEDEVITA FRESH LIME.340 ml;335619;Cedevita;0,3400;L;1,19;3,50;;;1,12;3850322013403;Piæa
NAP.CED.FRESH NARANÈA 340 ml;335621;Cedevita;0,3400;L;1,19;3,50;;;1,12;3850322013366;Piæa
TURŠIJA VH 740 g;335624;SPAR Vrtovi Hrvatske;0,4000;kg;3,59;8,98;;;3,59;3856021215377;Hrana
KARAMELA WERTHERS SOFT 75 g;335632;Werthers Original;0,0750;kg;1,25;16,67;;;1,25;4014400923506;Hrana
BOM.NIMM2 RED FRUITS SOFT.90 g;335633;Nimm 2;0,0900;kg;1,25;13,89;;;1,25;4014400923599;Hrana
BOM.NIMM2 SOFT FIZZY 90 g;335634;Nimm 2;0,0900;kg;1,25;13,89;;;1,25;4014400919325;Hrana
ÈOK.KNOPPERS NUTBAR 40 g;335635;Knoppers;0,0400;kg;0,69;17,25;;;0,79;40144450;Hrana
ÈOK.KNOPPERS NUTBAR 120 g;335636;Knoppers;0,1200;kg;1,89;15,75;;;1,99;4014400929058;Hrana
BOM.SKITTLES WILD BERRY 95 g;335647;Skittles;0,0950;kg;1,59;16,74;;;1,59;4009900510837;Hrana
BOM.SKITTLES CRAZY SOUR 95 g;335648;Skittles;0,0950;kg;1,59;16,74;;;1,59;4009900510851;Hrana
BOM.SKITTLES FRUITS 95 g;335649;Skittles;0,0950;kg;1,59;16,74;;;1,59;4009900510813;Hrana
NAP.PROTEIN.ÈOKOL.Z BREG.0,5 L;335651;Z Bregov;0,5000;L;2,49;4,98;;;2,49;3850108023664;Hrana
NAP.PROTEIN.KEKS Z BREG.0,5 L;335652;Z Bregov;0,5000;L;2,49;4,98;;;2,49;3850108023671;Hrana
NAP.PROT.ÈOK/KIK.Z BREG.0,5 L;335653;Z Bregov;0,5000;L;2,49;4,98;;;2,49;3850108023688;Hrana
KAJZERICA S-BUDGET 6/1 420 g;335663;S-BUDGET;0,4200;kg;1,25;2,98;;;1,25;9100000834627;Hrana
ÈOK.TOBLERONE NUT&FRUIT 100 g;335671;Toblerone;0,1000;kg;;22,90;2,29;2,99;2,99;7622201137175;Hrana
ŽVAKE JUICY FRU.COLA TAPE 56 g;335700;Wrigley;0,0560;kg;2,29;40,89;;;2,29;4009900535410;Hrana
KRE.ELEPHANT SENF&MED&LUK 70 g;335716;Elephant;0,0700;kg;0,89;12,71;;;1,39;5949040202058;Hrana
KREK.ELEP.RAJÈ.&ZAÈ.BILJE 70 g;335717;Elephant;0,0700;kg;0,89;12,71;;;1,39;5949040203000;Hrana
PUD. DUO ÈOKOLAD.CREMORE 190 g;335741;Zott;0,1900;kg;0,89;4,68;;;0,89;4014500518145;Hrana
KOBASICA VELEBITSKA 350 g;335762;Gavrilovic;0,3500;kg;3,75;10,71;;;3,75;3858892721339;Hrana
ŠUNKA ZA PIZZU 350 g;335763;Gavrilovic;0,3500;kg;3,29;9,40;;;3,29;3858892721315;Hrana
PECIVO S-BUDG.VIŠEZRNATO 360 g;335787;S-BUDGET;0,3600;kg;1,29;3,58;;;1,30;9100000038230;Hrana
PANCETA ISTARSKA 200 g;335793;Pisinium;0,2000;kg;5,99;29,95;;;5,29;3858884937298;Hrana
KRUH TRAJNI PROTEINSKI 250 g;335808;SPAR Natur*pur;0,2500;kg;1,89;7,56;;;1,85;9100000834221;Hrana
PROIZ.ZA ŠLAG MIX HOPLA 250 g;335810;;0,2500;kg;2,49;9,96;;;2,49;8000005026069;Hrana
TEK.SAPUN AFRODITA LEMON G.1 L;335834;Afrodita;1,0000;kom;5,99;5,99;;;5,99;3831070652847;Kozmetika
VINO ROSE ÐAKOVO 0,75 L;335841;;0,7500;l;6,69;8,92;;;6,69;3859888932760;Piæa
UM.PAD THAI BLUE DRAGON 120 g;335859;Blue Dragon;0,1200;kg;2,19;18,25;;;2,19;5010338101176;Hrana
UMAK PATAK´S TANDORI 450 g;335862;Blue Dragon;0,4500;kg;5,79;12,87;;;5,79;5011308303460;Hrana
CROIS.7 DAY´S KAKAO/VANIL.240g;335864;7 Day's;0,2400;kg;3,99;16,63;;;3,99;7622202049309;Hrana
SLAD.MANGO INDY&PIPPA 115 g;335868;Indy & Pippa;0,1150;kg;2,65;23,04;;;2,65;3831110701450;Hrana
SLA.MANGO INDY&PIPPA 350 g;335870;Indy & Pippa;0,3500;kg;6,63;18,94;;;6,63;3831110701467;Hrana
BRAŠNO INT.ZOBENO FARINA 800 g;335903;Farina;0,8000;kg;2,19;2,74;;;1,99;3858887101047;Hrana
DET.PUR CARE ALOVE VERA  1,2 L;335921;Pur;1,2000;L;2,99;2,49;;;4,79;9000101386080;Sredstva za èišæenje
DET.PUR S.o CHEF LEMON 1,2 L;335925;Pur;1,2000;L;2,99;2,49;;;4,79;9000101386295;Sredstva za èišæenje
DET.PUR CHEF LEMON 750 ml;335927;Pur;0,7500;L;1,89;2,52;;;1,89;9000101386356;Sredstva za èišæenje
DET.PUR CARE HANDS/NAIL.750 ml;335930;Pur;0,7500;L;1,89;2,52;;;1,89;9000101386837;Sredstva za èišæenje
SIRUP MAUTNER BAZGA 0,7 L;335942;Mautner Markhof;0,7000;L;4,62;6,60;;;4,62;9011900195605;Piæa
SIRUP MAUTNER MALINA LIM.0,7 L;335944;Mautner Markhof;0,7000;L;4,62;6,60;;;4,62;9011900180076;Piæa
SIRUP MAUTNER CR.RIBIZL 0,7 L;335948;Mautner Markhof;0,7000;L;4,62;6,60;;;4,62;9011900196763;Piæa
DE.ROLL ON MELEM DR.ULJA 50 ml;335950;Melem;0,0500;L;3,29;65,80;;;3,59;3856007907524;Kozmetika
DEO SPRAY MELEM DR.ULJA 150 ml;335954;Melem;0,1500;L;3,29;21,93;;;3,99;3856007907609;Kozmetika
DEO SPRAY MELEM RUŽA 150 ml;335955;Melem;0,1500;L;3,29;21,93;;;3,99;3856007907616;Kozmetika
SR.CALGON PROTIV KAMENCA 700 g;335957;Calgon;0,7000;kg;8,99;12,84;;;8,99;5999109510594;Sredstva za èišæenje
DEO STICK MELEM DRA.ULJA 50 ml;335958;Melem;0,0500;kom;5,09;101,80;;;5,89;3856007907562;Kozmetika
MARME.SUHO ULJE AFRODITA 150ml;335976;Afrodita;0,1500;L;14,99;99,93;;;14,99;3831070652618;Kozmetika
KRANJSKA KOB.S BUDGET 650 g;336010;S-Budget;0,6500;kg;5,29;8,14;;;4,15;3856021216282;Hrana
KUP.FELCE A.KOKOS I BAM.650 ml;336024;Felce Azzurra;0,6500;L;3,99;6,14;;;4,19;8001280068096;Kozmetika
ÈOKOLADA RIKI RIŽA ORIGIN.75 g;336029;Kandit;0,0750;kg;1,29;17,20;;;1,59;3856024800679;Hrana
TJESTENINA MAGGI GLJIVE 59,2 g;336031;Maggi;0,0592;kg;0,79;13,34;;;0,79;5201219488862;Hrana
TJESTEN.MAGGI GOVEDINA 59,2 g;336037;Maggi;0,0592;kg;0,79;13,34;;;0,79;5201219488794;Hrana
TJESTEN.MAGGI PILETINA 59,2 g;336040;Maggi;0,0592;kg;0,79;13,34;;;0,79;5201219488800;Hrana
UNIVE.DEZINFICI. LABPRO 650 ml;336057;LABPRO;0,6500;L;4,19;6,45;;;4,19;3850111755132;Sredstva za èišæenje
KOKOSOVO MLIJEKO B.D. 400 ml;336093;Blue Dragon;0,4000;l;3,49;8,73;;;3,49;5010338014339;Hrana
VODA PRIR.MIN.CETINA 0,75 L SÈ;336112;Cetina;0,7500;L;,78;1,04;;;0,75;3859890129790;Piæa
PIVO OŽUJSKO 6x0,5 L;336114;Ožujsko;3,0000;L;7,99;2,66;;;7,67;3850131005682;Piæa
SUN KISS LIP BALM LSF 30 4,8g;336135;Sun Kiss;1,0000;kom;0,95;0,95;;;1,59;9100000985640;Kozmetika
LOS.NIVEA SUN BRONZE 200ml;336147;Nivea;0,2000;L;9,99;49,95;;;11,99;9005800326788;Kozmetika
PATRONE GILLETTE FUSION 12/1;336172;Gillette;12,0000;kom;48,99;4,08;;;48,99;8006540986141;Kozmetika
KEKS OREO ORIGINAL 264 g;336173;Oreo;0,2640;kg;2,69;10,19;;;2,19;7622201401771;Hrana
SLA.ŠTAPIÆ CLASSIC SB 6x110 ml;336175;S-Budget;0,6600;L;4,99;7,56;;;4,99;9100000038803;Hrana
SLAD.ŠTAPIÆ BADEM SB 6x120 ml;336176;S-Budget;0,7200;L;4,99;6,93;;;4,99;9100000038810;Hrana
PATRONE MACH3 12/1;336177;Gillette;12,0000;kom;29,99;2,50;;;29,99;8006530028875;Kozmetika
VINO MERLOT LAGUNA 3 L;336218;Agrolaguna;3,0000;l;14,79;4,93;;;13,49;3858881191877;Piæa
JAJA SVJ.VRTOVI HR RAZ.VEL10/1;336225;SPAR Vrtovi Hrvatske;10,0000;kom;3,19;0,32;;;3,19;3856021215841;Hrana
GIN TONIC BEEFEATER 0,25 L;336226;Beefeater;0,2500;l;2,59;10,36;;;2,52;5000299618431;Piæa
GIN TONIC BEEFEAT.PINK 0,25 L;336228;Beefeater;0,2500;l;2,59;10,36;;;2,52;5000299618448;Piæa
GIN BEEFEATER BL. ORANGE 0,7 L;336231;Beefeater;0,7000;l;19,99;28,56;;;22,02;5000299618240;Piæa
JAJA BIO NATUR PUR  6/1;336235;Natur pur;6,0000;kom;2,19;0,37;;;2,65;3856021215827;Hrana
MARAMICE SANYTOL 36/1;336274;Sanytol;36,0000;kom;3,59;0,10;;;3,39;8411660000224;Sredstva za èišæenje
KAŠICA HIPP MRK.KRU.GOV.250 g;336296;Hipp;0,2500;kg;2,22;8,88;;;2,22;4062300261303;Hrana
PRELJEV SL.GREH KARAMEL 230 g;336299;Sladki Greh;0,2300;kg;4,99;21,70;;;3,79;3838900034330;Hrana
PRELJEV SL.GREH JAGODA 240 g;336300;Sladki Greh;0,2400;kg;4,99;20,79;;;3,79;3830039153463;Hrana
VODA SARA MINER.NEG.1,5 L;336316;Sara;1,5000;L;,82;0,55;;;0,82;3875000181779;Piæa
MAJONEZA OD SVJ.JAJA 255 g;336317;Zvijezda;0,2550;kg;3,49;13,69;;;3,19;3856015321244;Hrana
MLIJEKO SUN KISS LF30 200 ml;336321;Sun Kiss;0,2000;L;5,99;29,95;;;6,10;9100000053189;Kozmetika
SP.DJ.SUN KISS LF50+ 150 ml;336322;Sun Kiss;0,1500;L;7,99;53,27;;;7,99;9100000053301;Kozmetika
SP.DJ.SUN KISS LF30 150 ml;336323;Sun Kiss;0,1500;L;4,99;33,27;;;5,31;9100000982113;Kozmetika
SPR.SUN KISS LF30  150 ml;336324;Sun Kiss;0,1500;L;5,49;36,60;;;5,49;9100000053264;Kozmetika
LOSION PO.SUNÈ.SUN KISS 200 ml;336328;Sun Kiss;0,2000;L;2,29;11,45;;;2,29;9100000053165;Kozmetika
MLIJE.SUN KISS LF50 200 ml;336329;Sun Kiss;0,2000;L;6,59;32,95;;;6,63;9100000053202;Kozmetika
PUREÆI FILE 750 g;336334;;0,7500;kg;11,49;15,32;;;11,49;3850339402597;Hrana
SIR MOZZAR.BOCCO.GALBANI 200 g;336359;Galbani;0,2000;kg;3,49;17,45;;;3,19;8595021607786;Hrana
Donut Enjoy bijela èokola.56 g;336366;SPAR enjoy;0,0560;kg;0,79;14,11;;;0,79;8590325509507;Hrana
VINO MALVAZ.DEKLIÆ 0,75 L;336367;;0,7500;l;15,89;21,19;;;15,89;3857500030214;Piæa
Donut Enjoy kakao 56 g;336368;SPAR enjoy;0,0560;kg;0,69;12,32;;;0,69;8590325509514;Hrana
ULJE MASL.EX.DJ.ZLATNO 0,75 L;336369;Orgula;0,7500;L;;13,32;9,99;14,99;14,99;3859890446545;Hrana
LUK LJUTIKA VH 500 g;336371;SPAR Vrtovi Hrvatske;0,5000;kg;2,49;4,98;;;2,49;3856021216657;Hrana
VINO MUŠKAT ŽUTI DEKLIÆ 0,50 L;336374;;0,5000;l;16,99;33,98;;;16,99;3857500030238;Piæa
VINO ROSE DEKLIÆ 0,75 L;336375;;0,7500;l;16,09;21,45;;;16,09;3857500030283;Piæa
VINO TERAN DEKLIÆ 0,75 L;336376;;0,7500;l;20,49;27,32;;;20,49;3857500030290;Piæa
NAMAZ NUTELLA LJEŠNJAK 600 g;336387;Nutella;0,6000;kg;6,79;11,32;;;6,49;8000500179864;Hrana
BOJA PALETTE  DELUXE U71;336441;Palette;1,0000;kom;5,99;5,99;;;5,99;9000101267303;Kozmetika
BOJA PALETTE  DELUXE 900;336444;Palette;1,0000;kom;5,99;5,99;;;5,99;9000100966665;Kozmetika
KREMŠNITA S-BUDGET 2/1 300 g;336450;S-BUDGET;0,3000;kg;2,69;8,97;;;2,59;3856021216558;Hrana
ZAGRE.KREMŠNITA S-BUD.300 g;336452;S-BUDGET;0,3000;kg;2,69;8,97;;;2,59;3856021216534;Hrana
BOJA SYOSS OLEO 10-50 PEP.PL.;336463;Syoss;1,0000;kom;6,49;6,49;;;6,49;9000100999120;Kozmetika
BOJA SYOSS OLEO 3-10 TAMNOSM.;336464;Syoss;1,0000;kom;6,49;6,49;;;6,49;9000100840743;Kozmetika
BOJA LIVE COLOR XXL UB 92;336473;LIVE;1,0000;kom;8,39;8,39;;;8,39;9000101069099;Kozmetika
LOS.NEUTROGENA SUHA/OSJ.400 ml;336502;Neutrogena;0,4000;L;8,99;22,48;;;8,99;3574660527452;Kozmetika
MLIJ.UHT 2,8% Z BREGOV 6x1 L;336506;Z Bregov;6,0000;L;5,99;1,00;;;5,34;3850108020922;Hrana
SIR TOPLJENI CLASSIC 3X140 g;336536;Zdenka;0,4200;kg;4,49;10,69;;;4,49;3858888598006;Hrana
KAPS.DG LATTE MACCHIATO183,2 g;336591;Nescafe;0,1832;kg;5,49;29,97;;;6,49;7613037491159;Piæa
ÈOK.MERCI NARANÈA BADEM 100 g;336606;Merci;0,1000;kg;;19,90;1,99;2,79;2,79;4014400925265;Hrana
SLAD.VANILIJA BURBON LEDO 2 L;336612;Ledo;2,0000;L;5,99;3,00;;;5,99;3850116035543;Hrana
LABPRO SAPUN S DEZINFIC.500 ml;336627;LABPRO;0,5000;L;2,45;4,90;;;2,45;3850111755156;Kozmetika
PECIVO HAMBI S-BUDGET  340 g;336638;S-BUDGET;0,3400;kg;2,09;6,15;;;2,09;3856021215698;Hrana
BOMB.BEBETO DUGA KISELI 80 g;336662;Bebeto;0,0800;kg;0,99;12,38;;;0,99;8690146122814;Hrana
POSL.ZA MAÈKE VITAK.LOS.60 g;336687;Vitakraft;0,0600;kom;1,59;26,50;;;1,59;4008239288158;Proizvodi za kuæanstvo
ŠPAGA ZA PSE FLEXI FUN S;336692;Vitakraft;1,0000;kom;15,99;15,99;;;15,52;4000498027691;Proizvodi za kuæanstvo
ŠPAGA ZA PSE FLEXI FUN M;336695;Vitakraft;1,0000;kom;16,19;16,19;;;16,19;4000498027790;Proizvodi za kuæanstvo
OVRATNIK ZA PSE BIOCIDNI 35 cm;336696;;1,0000;kom;3,89;3,89;;;3,82;3838964197705;Proizvodi za kuæanstvo
POSL.ZA PSE VITAK.BON.80 g;336698;Vitakraft;0,0800;kg;3,49;43,63;;;3,49;4008239585745;Proizvodi za kuæanstvo
VINO MUŠKAT ŽUTI TOMŠ.0,75 L;336700;;0,7500;l;9,32;12,43;;;9,32;3859892532307;Piæa
VINO CHARDONNAY KUNÈIÆ 0,75 L;336703;;0,7500;l;12,69;16,92;;;12,69;3857500065735;Piæa
VINO MUŠKAT ŽUTI  KUNÈIÆ 0,75L;336704;;0,7500;l;13,99;18,65;;;13,99;3857500065711;Piæa
ŽITNA KAŠICA ÈOKOLINO BG.200 g;336722;Èokolino;0,2000;kg;2,99;14,95;;;2,99;3856020240998;Hrana
KAŠICA FRUTEK PIŠK.JAB.100 g;336724;Fructal;0,1000;kg;1,39;13,90;;;1,39;3838945038003;Hrana
GEL ZA TUŠ.LACTOVIT ORIG.600ml;336766;Lactovit;0,6000;L;3,99;6,65;;;3,98;8411135350342;Kozmetika
GEL ZA TUŠ.LACTOVIT LAC.600ml;336770;Lactovit;0,6000;L;3,99;6,65;;;3,98;8411135351721;Kozmetika
GEL ZA TUŠ.LACTOVIT OIL 600 ml;336775;Lactovit;0,6000;L;3,99;6,65;;;3,98;8411135351820;Kozmetika
KRPA SPUŽVASTA 3+1 GRATIS;336843;;4,0000;kom;2,99;0,75;;;2,99;3872292006599;Proizvodi za kuæanstvo
SPUŽVA ABRAZIVNA 3+1 GRATIS;336844;;4,0000;kom;1,99;0,50;;;1,99;3872292003444;Proizvodi za kuæanstvo
NAPITAK NATUR PUR BADEM 1 L;336857;Spar Natur pur;1,0000;l;3,09;3,09;;;3,09;9100000836959;Piæa
NAPITAK NATUR PUR RIŽA KOK.1 L;336860;Spar Natur pur;1,0000;l;2,29;2,29;;;2,29;9100000836973;Piæa
COCKTAIL TAIGA FIRE 0,275L;336881;Weingut Schloss Fels;0,2750;l;1,72;6,25;;;1,72;9100000710426;Piæa
SUHA ŠUNKA VITAL 100 g;336940;SPAR Vital;0,1000;kg;2,49;24,90;;;2,52;3856021214530;Hrana
UL.CAREFREE COTTON ALOE 76/1;336956;Carefree;76,0000;kom;3,49;0,05;;;3,79;3574660464368;Toaletne potrepštine
UL.CAREFREE COTTON FRESH 76/1;336959;Carefree;76,0000;kom;3,49;0,05;;;3,79;3574660464429;Toaletne potrepštine
OS.PIÆE CAPPY LIIMUN 0,4 L;336988;Cappy;0,4000;L;1,19;2,98;;;1,19;5449000275639;Piæa
FLIPS LINO MRKVA 35 g;337004;Lino;0,0350;kg;1,89;54,00;;;1,90;3856020241025;Hrana
NEK.S-BUDGET JAB. ŠUM.VOÆE 2 L;337043;S-Budget;2,0000;L;1,85;0,93;;;1,85;3856021214363;Piæa
KAVA JUL.MEIN.ESPRE.CREMA 56 g;337078;JULIUS MEINL;0,0560;kg;;70,71;3,96;5,29;5,39;9000403940294;Piæa
KAVA JUL.MEINL BEZ KOFE. 56 g;337083;JULIUS MEINL;0,0560;kg;;70,71;3,96;5,29;5,39;9000403940331;Piæa
KAVA J.MEINL.LUNGO ARAB. 56 g;337087;JULIUS MEINL;0,0560;kg;;70,71;3,96;5,29;5,39;9000403933647;Piæa
IZBJELJIVAÈ S BUDGET 2 L;337089;S-Budget;2,0000;L;0,99;0,50;;;1,15;8056149087077;Sredstva za èišæenje
KAVA JUL.MEINL LUNGO CLAS.56 g;337092;JULIUS MEINL;0,0560;kg;;70,71;3,96;5,29;5,39;9000403940317;Piæa
KAVA JUL.MEIN.MULT.CREMA 168 g;337095;JULIUS MEINL;0,1680;kg;;67,80;11,39;15,19;14,49;9000403979508;Piæa
KAVA JUL.MEI.MULTI.LUNGO 168 g;337096;JULIUS MEINL;0,1680;kg;;67,80;11,39;15,19;14,49;9000403972530;Piæa
ZAÈIN MJ.VEGETA PODRAVKA 400 g;337097;Vegeta;0,4000;kg;3,39;8,48;;;3,39;3850104260872;Hrana
KAVA JUL.MEINL RISTRETTO 56 g;337098;JULIUS MEINL;0,0560;kg;;70,71;3,96;5,29;5,39;9000403940300;Piæa
PRŠUT PREMIUM NAREZAK 100 g;337233;SPAR PREMIUM;0,1000;kg;2,99;29,90;;;2,99;3856021215193;Hrana
JOG.PROT.SKYR.B.VAN.ZBRE.200 g;337243;Z Bregov;0,2000;kg;1,29;6,45;;;1,29;3850108032635;Hrana
JOG. PROT.SKYR JAGODA 200 g;337244;Z Bregov;0,2000;kg;1,29;6,45;;;1,29;3850108032406;Hrana
LED.KAVA FRANCK CAPPU.230 ml;337245;Franck;0,2300;L;1,75;7,61;;;1,85;3850291050386;Piæa
LED.KAVA FRANCK MACCH.230 ml;337246;Franck;0,2300;L;1,75;7,61;;;1,85;3850291050393;Piæa
SALATA OD LIGNJE TRENTON 180 g;337253;;0,1800;kg;3,99;22,17;;;3,79;3859888906150;Hrana
FILETI MARI.INÆU.TRENTON 110 g;337258;Trenton;0,0600;kg;3,69;61,50;;;3,49;3859893081705;Hrana
DES.MONTE SNACK WHITE ZOT.29 g;337296;Zott;0,0290;kg;0,55;18,97;;;0,55;4014500518275;Hrana
KAVA HELL ENERG.CAPPUCC.250 ml;337322;;0,2500;L;1,69;6,76;;;1,46;5999860497097;Piæa
KAVA HELL ENERGY LATTE 250 ml;337327;;0,2500;L;1,69;6,76;;;1,46;5999860497073;Piæa
NJOKI NICHI 500 g;337384;;0,5000;kg;2,69;5,38;;;2,79;3859890997016;Hrana
Šunka u ovitku Jeli;337391;Jeli;1,0000;kg;8,79;8,79;;;8,69;3858892721858;Hrana
VAFEL SPAR HRSKAVI 250 g;337393;SPAR;0,2500;kg;2,39;9,56;;;2,29;9100000829968;Hrana
KEKS SPAR VITAL DIGESTIV.380 g;337400;SPAR Vital;0,3800;kg;1,98;5,21;;;1,98;8001300802709;Hrana
JOG.VOÆ.JOGOB.MUSLI ZOTT 200 g;337404;Zott;0,2000;kg;0,95;4,75;;;0,93;5906040063553;Hrana
PAŠTETA GAVRILOVIÆ ÈAJ.5X50 g;337409;Gavrilovic;0,2500;kg;4,49;17,96;;;4,49;3858892726150;Hrana
PAŠTETA GAVRILOVIÆ JETR.5X50 g;337412;Gavrilovic;0,2500;kg;4,49;17,96;;;4,49;3858881226647;Hrana
RIŽA NA MLIJEKU BELRISO 200 g;337420;Zott;0,2000;kg;0,89;4,45;;;0,89;4014500516950;Hrana
RIŽA NA MLIJEKU BELRISO 200 g;337421;Zott;0,2000;kg;0,89;4,45;;;0,89;4014500512266;Hrana
DET.TEKUÆI WOOLITE DARK 2,7 L;337424;Woolite;2,7000;L;8,99;3,33;;;8,99;5900627090482;Sredstva za èišæenje
DET.TEK.WOOLITE PROCARE 2,7 L ;337426;Woolite;2,7000;L;8,99;3,33;;;8,99;5900627090505;Sredstva za èišæenje
Sipa ;337511;;1,0000;kg;10,99;10,99;;;12,99;;Hrana
Rep grdobine;337517;;1,0000;kg;35,99;35,99;;;24,99;;Hrana
ULJE MAS.EX.DJ.S BUDGET 0,75 L;337553;S-Budget;0,7500;L;6,99;9,32;;;9,99;9100000026770;Hrana
MAJONEZA BIO NATUR PUR 235 g;337606;Natur pur;0,2350;kg;3,29;14,00;;;3,29;9100000835624;Hrana
VINO BOŠKINAC REFUL 0,75 L;337625;;0,7500;l;16,48;21,97;;;16,48;3859893375248;Piæa
VINO BOŠKINAC CALMA 0,75 L;337626;;0,7500;l;16,48;21,97;;;16,48;3859893375231;Piæa
PIVO INDIA GARDEN PALE 0,33 L;337686;;0,3300;L;;4,88;1,61;2,02;2,02;3859893653155;Piæa
VODA STUDENAC 6x1,5 L;337755;;6,0000;L;3,49;0,58;;;3,56;3856022301826;Piæa
VODA STUDENA IZVORSKA 6x1,5 L;337757;;6,0000;L;3,49;0,58;;;3,56;3856022301802;Piæa
GAZ.PIÆE PEPSI BEZ ŠEÆ.0,5 L;337759;Pepsi;0,5000;L;1,05;2,10;;;1,05;3830065020326;Piæa
GAZ. PIÆE TON.WATER INKA 0,5 L;337760;Inka;0,5000;L;1,05;2,10;;;1,05;3830000629874;Piæa
GAZ.PIÆE PEP.BEZ ŠEÆERA 0,33 L;337772;Pepsi;0,3300;L;,99;3,00;;;0,99;3830065020388;Piæa
GAZ.PIÆE PEPSI 1,5 L;337795;Pepsi;1,5000;L;1,79;1,19;;;1,79;3830065022603;Piæa
VODA RADENSKA NEG. NAT.1,5 L;337796;Radenska;1,5000;L;,99;0,66;;;0,99;3830000624565;Piæa
GAZ.VODA RAD.LIM.TRAVA 1,5 L;337818;Radenska;1,5000;L;1,49;0,99;;;1,35;3830065021033;Piæa
VODA STUDENA LIMUN 1,5 L;337827;;1,5000;L;1,29;0,86;;;1,29;3856022300003;Piæa
VODA STUDENA 0,25 L;337830;;0,2500;L;,62;2,48;;;0,62;3856022300331;Piæa
ŠLJIVA S BUDGET BK 500 g;337837;S-Budget;0,5000;kg;4,99;9,98;;;4,99;9100000707105;Hrana
ULJE ZA KOSU DIFEEL KOK.75 ml;337853;Difeel;0,0750;L;2,98;39,73;;;2,98;0711716145083;Kozmetika
ULJE ZA KOSU DIFEEL ARG.75 ml;337856;Difeel;0,0750;L;3,98;53,07;;;3,98;0711716145014;Kozmetika
KREMA EVELINE ZA RUKE 100 ml;337858;Eveline;0,1000;L;1,69;16,90;;;1,69;5907609333957;Kozmetika
DEO SPRAY JEAN MARC B.150 ml;337859;JEAN MARC;0,1500;L;1,69;11,27;;;1,69;5901815016383;Kozmetika
DEO SPRAY JEAN MARC C.150 ml;337860;JEAN MARC;0,1500;L;1,69;11,27;;;1,69;5901815007374;Kozmetika
SLAD.KIKIRIKI SPAR PREM.500 ml;337925;SPAR PREMIUM;0,5000;L;5,99;11,98;;;4,99;9100000068909;Hrana
ÈAJ NATURAVITA UVIN H 60 g;337945;Naturavita;0,0600;kg;2,19;36,50;;;1,99;3858884092034;Piæa
ZAÈ.GRILL MAGIC DUST KOTA.80 g;337980;Kotanyi;0,0800;kg;2,99;37,38;;;1,34;9001414206850;Hrana
ZAÈ.PAPAR  ZELENI KOTANYI 29 g;337981;Kotanyi;0,0290;kg;4,49;154,83;;;3,99;9001414441664;Hrana
GAZ.PIÆE SPEZI 0,5 L;337994;;0,5000;L;1,39;2,78;;;0,96;3877000209477;Piæa
PIVO STARI LISAC 0,5 L LIMENKA;338020;;0,5000;L;1,65;3,30;;;1,62;3850103902117;Piæa
MLIJ.DESERT NES.GR.VAN.4X100 g;338026;Nestle;0,4000;kg;3,19;7,98;;;3,19;7613034515667;Hrana
NAPITAK ALPRO BARIS.BADEM 1 L;338042;Alpro;1,0000;l;3,89;3,89;;;3,99;5411188129899;Piæa
NAPITAK ALPRO BARISTA ZOB 1 L;338043;Alpro;1,0000;l;3,89;3,89;;;3,89;5411188130550;Piæa
HIDROLAT NAJFINIJI RUŽA 100 ml;338091;NAJFINIJI;0,1000;L;9,59;95,90;;;9,59;3859893394607;Kozmetika
ULOŠ.ALWAYS PLAT.EX.NIGHT 10/1;338146;Always;10,0000;kom;2,50;0,25;;;2,50;8001841449906;Toaletne potrepštine
DET.NILA SENSUAL BLACK 900 ml;338147;Nila;0,9000;L;3,99;4,43;;;2,65;3850105169488;Sredstva za èišæenje
DET.NILA HAPPY COLOR 900 ml;338148;Nila;0,9000;L;3,99;4,43;;;2,65;3850105169518;Sredstva za èišæenje
MOZZARELLA GALBANI 2X100 g;338208;Galbani;0,2000;kg;3,49;17,45;;;2,99;8595021607632;Hrana
POSLAS.ZA MAÈ.MOL.PIL.SIR 70 g;338301;Molly;0,0700;kg;0,99;14,14;;;0,99;9100000154435;Proizvodi za kuæanstvo
POSLAS.ZA MAÈKE MOLLY LOS.70 g;338303;Molly;0,0700;kg;0,99;14,14;;;0,99;9100000154411;Proizvodi za kuæanstvo
POS.ZA PSE SCOT.MES.KOBAS.70 g;338312;Scotty;0,0700;kg;1,99;28,43;;;1,99;9100000153872;Proizvodi za kuæanstvo
PUCK.PRAH PUC PUC BANANA 5 g;338313;Cedevita;0,0050;kg;0,49;98,00;;;0,39;3850322013694;Hrana
SOFT CAKE S-BUDGET NAR.300 g;338315;S-Budget;0,3000;kg;1,99;6,63;;;1,99;9100000744919;Hrana
PUDING T. CHIC DUPLA ÈOK.200 g;338327;Vindija;0,2000;kg;1,25;6,25;;;1,25;3850108023916;Hrana
KIKIRIKI PELLITO PRŽENI 150 g;338328;DUPIN;0,1500;kg;1,45;9,67;;;1,49;5201044008983;Hrana
KIKIRIKI PELLITO SUHOPR.150 g;338329;DUPIN;0,1500;kg;1,69;11,27;;;1,79;5201044008341;Hrana
PUD. T.CHIC PRAL&TAM.ÈOK.200 g;338330;Vindija;0,2000;kg;1,25;6,25;;;1,24;3850108023923;Hrana
KIKIRIKI PELLITO BALZAM.150 g;338331;DUPIN;0,1500;kg;1,69;11,27;;;1,69;5201044008945;Hrana
KIKIRIKI PELLITO BBQ 150 g;338332;DUPIN;0,1500;kg;1,69;11,27;;;1,69;5201044009591;Hrana
KIKIRI.PELLITO MED&SENF 150 g;338333;DUPIN;0,1500;kg;1,69;11,27;;;1,69;5201044009447;Hrana
KIKIRI.PELLITO ORIGANO 150 g;338334;DUPIN;0,1500;kg;1,69;11,27;;;1,69;5201044009454;Hrana
CABANOSSI S BUDGET 300 g;338350;S-Budget;0,3000;kg;3,99;13,30;;;4,09;9100200097976;Hrana
DET.ZA SUÐE SPLENDID JABUK.1 L;338365;Splendid;1,0000;L;1,49;1,49;;;1,49;3856021213588;Sredstva za èišæenje
BIO KRUŠNE MRVICE SPAR NP 350g;338394;SPAR Natur*pur;0,3500;kg;2,59;7,40;;;2,65;9100000834184;Hrana
VAFL SCHAR ÈOKOLADNI 105 g;338398;Schar;0,1050;kg;3,59;34,19;;;3,59;8008698005286;Hrana
PIVO BRUNEHAUT TRIPL.BG.0,33 L;338404;;0,3300;l;2,89;8,76;;;2,89;5411065201304;Hrana
KRUH GUTTIAU PREMIUM 200 g;338409;SPAR Premium;0,2000;kg;2,99;14,95;;;3,39;9100000780696;Hrana
VINO MATOŠEV.GRIMALD.CR.0,75 L;338445;;0,7500;l;35,59;47,45;;;35,59;3859892196080;Piæa
TOPLJENI SIR KIRI 100 g;338446;;0,1000;kg;1,69;16,90;;;1,99;3073780839631;Hrana
JAJA AGRO-KLAS.RAZ.M 10/1;338455;;10,0000;kom;3,19;0,32;;;3,19;3857500091703;Hrana
VINO MATOŠEV.GRIMAL.BJ.0,75 L;338458;;0,7500;l;30,69;40,92;;;30,69;3859892196073;Piæa
SIR CAMEMBE.S BUDGET 250 g;338462;S-BUDGET;0,2500;kg;2,99;11,96;;;3,29;9100000842400;Hrana
WHIS.JW GREEN LAB. 15Y0,7 L KU;338463;Johnnie Walker;0,7000;l;67,99;97,13;;;72,49;5000267199443;Piæa
GIN TANQUERAY SEVILLA 0,7 L;338464;;0,7000;l;21,99;31,41;;;28,09;5000291023462;Piæa
VINO ORAH.SILVA.JEZE.KB 0,75 L;338471;;0,7500;l;;14,65;10,99;15,29;13,28;3858889830570;Piæa
TRAKE DESPAR ZA DEPILACIJ.16/1;338488;Despar;16,0000;kom;1,59;0,10;;;1,59;8001300935599;Kozmetika
HREN.HOT DOG S BUDGET 1000 g;338534;S-Budget;1,0000;kg;2,69;2,69;;;2,69;3856021216077;Hrana
PILE GRILL S BUDGET;338600;S-BUDGET;1,0000;kg;3,09;3,09;;;2,98;3856021216916;Hrana
PILEÆA PRSA BEZ KOŽE S BUDGET;338603;S-BUDGET;1,0000;kg;4,79;4,79;;;5,55;3856021216930;Hrana
PILEÆI FILE S BUDGET;338604;S-BUDGET;1,0000;kg;7,39;7,39;;;6,99;3856021216923;Hrana
PILEÆI BATAK SA ZABATKOM;338605;S-BUDGET;1,0000;kg;;3,69;3,69;3,98;3,98;3856021216947;Hrana
ZAÈ.TEKUÆI VEGETA NAT. 170 ml;338627;Vegeta;0,1700;L;2,19;12,88;;;2,19;3856020235109;Hrana
GIN SILENT POOL 0,7 L;338644;;0,7000;l;39,99;57,13;;;50,46;5060411480001;Piæa
SRE.DESPAR ODMAŠÈ.750 ml;338680;Despar;0,7500;L;1,59;2,12;;;1,59;8001300899433;Sredstva za èišæenje
VODA GAZ.S PELLEGR.1 L;338716;San Pellegrino;1,0000;L;1,69;1,69;;;2,09;8002270000218;Piæa
VODA MIN.ACQUA PANNA 1 L;338718;;1,0000;L;1,85;1,85;;;2,09;8000815245278;Piæa
GAZ.PIÆE SP NARANÈA 0,33 L;338721;San Pellegrino;0,3300;L;1,79;5,42;;;1,99;8002270226885;Piæa
GAZ.PIÆE SP CR. NARANÈA 0,33 L;338723;San Pellegrino;0,3300;L;1,79;5,42;;;1,99;8002270276880;Piæa
GAZ.PIÆE SP LIMUN 0,33 L;338724;San Pellegrino;0,3300;L;1,79;5,42;;;1,99;8002270256851;Piæa
PIVO BENEDIKTINER HELL 0,5L;338725;Benediktiner;0,5000;L;1,79;3,58;;;2,02;4052197002455;Piæa
 PIVO PAULANER RAD.LIMUN 0,5 L;338728;Paulaner;0,5000;L;;2,78;1,39;1,55;1,58;4066600219514;Piæa
PIVO PAUL.WE.BEZAL.0,5 L;338733;Paulaner;0,5000;L;;2,58;1,29;1,48;1,48;4066600192510;Piæa
ŽITAR.NATUR PUR ZOBENE 375 g;338743;Natur pur;0,3750;kg;3,69;9,84;;;3,71;9100000727325;Hrana
PODL.ZA PSE SCOT. 60X90 cm10/1;338765;Scotty;1,0000;kom;4,99;4,99;;;4,99;8001300481614;Proizvodi za kuæanstvo
VINO SAN PATR.PRIMITIVO 0,75 L;338789;;0,7500;l;6,92;9,23;;;6,92;8032793357667;Piæa
VINO CUVEE BENKOVAC BIB 3 L  ;338790;;3,0000;l;14,99;5,00;;;14,99;3850112171382;Piæa
PROSECCO CIVA MILLESIM.0,75 L;338791;;0,7500;l;10,02;13,36;;;10,02;8058333063720;Piæa
PROSECCO LA DOLCE ITAL.0,75 L;338792;;0,7500;l;;9,32;6,99;9,09;9,02;8000428030704;Piæa
VINO MEDEA CUVEE 1 L;338824;;1,0000;L;6,42;6,42;;;6,42;3859892001896;Piæa
VINO MEDEA TERAN 0,75 L;338825;;0,7500;L;8,42;11,23;;;8,42;3859892001599;Piæa
VINO MEDEA ROSE 0,75 L;338827;;0,7500;L;8,19;10,92;;;8,42;3859892001636;Piæa
VINO MEDEA MALVAZIJA 0,75 L;338828;;0,7500;L;8,42;11,23;;;8,42;3859892001018;Piæa
VINO MEDEA CHARDONNAY 0,75 L;338829;;0,7500;L;8,42;11,23;;;8,42;3859892001575;Piæa
KAVA STARBUCKS COLOMBIA 57 g;338833;Starbucks;0,0570;kg;6,19;108,60;;;5,89;7630477891691;Piæa
SRE.TETA VIOLETA FLOWER 1 L ;338834;Violeta;1,0000;L;2,25;2,25;;;2,25;3870128017238;Sredstva za èišæenje
ŠUNKA U OVITKU NAREZAK 100 g;338836;Podravka;0,1000;kg;1,99;19,90;;;2,19;3856020241452;Hrana
PLOÈICA KAKAO NARANÈA 55 g;338842;SUPERHERAW;0,0550;kg;2,39;43,45;;;2,09;3857500049650;Hrana
PLOÈICA LJEŠNJAK KAKAO 45 g;338843;SUPERHERAW;0,0450;kg;2,39;53,11;;;2,09;3857500049643;Hrana
PLOÈICA BOROV.IND.ORAŠ.45 g;338845;SUPERHERAW;0,0450;kg;2,39;53,11;;;2,09;3857500049698;Hrana
ŠAMPON KRUTI ZA PSE I MAÈ.30 g;338851;SHAPELLO;0,0300;kg;1,29;43,00;;;1,29;3859893263439;Proizvodi za kuæanstvo
KRPA MULTIQUATTRO 4/1 VILEDA;338856;;4,0000;kom;4,64;1,16;;;4,64;4023103222557;Proizvodi za kuæanstvo
SOK JABUKA/BOBI.VOÆE SPAR 1 L ;338863;SPAR;1,0000;L;3,19;3,19;;;3,19;9100000034799;Piæa
SIR I VRHNJE PRESIDENT 450 g ;338872;President;0,4500;kg;3,19;7,09;;;3,19;3850355006656;Hrana
NAP.PLAZMA KOCKA ÈOKOLAD.135 g;338877;Plazma;0,1350;kg;2,79;20,67;;;2,79;8600043028263;Hrana
KEKS PLAZMA STIKSI ÈOK.125 g;338878;Plazma;0,1250;kg;2,59;20,72;;;2,59;8600043029512;Hrana
KEKS PLAZ.STIKS.LJEŠNJAK 125 g;338879;Plazma;0,1250;kg;2,59;20,72;;;2,59;8600043029536;Hrana
KEKS BANINI TART NOUGAT 210 g;338894;Banini;0,2100;kg;1,49;7,10;;;1,49;8600462040792;Hrana
KEKS BANINI TART MARELI.210 g;338895;Banini;0,2100;kg;1,49;7,10;;;1,49;8600462040938;Hrana
ZUB.PAS.SENSODYNE ANTI C.75 ml;338913;Sensodyne;0,0750;L;5,95;79,33;;;4,39;5054563096029;Kozmetika
PILEÆA KRILA S BUDGET;338918;S-BUDGET;1,0000;kg;4,19;4,19;;;3,89;3856021216954;Hrana
PILEÆA LEÐA S BUDGET;338919;S-BUDGET;1,0000;kg;1,69;1,69;;;1,72;3856021216961;Hrana
PIVO PAUL.WEIS.SV.LIM 5 L BAÈ;338922;Paulaner;5,0000;L;;2,90;14,49;17,22;17,22;4066600601951;Piæa
PIVO PAUL.ORIG.SV.5 L BAÈVICA;338923;Paulaner;5,0000;L;;2,90;14,49;17,22;17,22;4066600101635;Piæa
ŽITNA KAŠICA ÈOKOLINO 1,4 kg;338924;Èokolino;1,4000;kg;10,99;7,85;;;7,49;3856020242176;Hrana
PIVO SAN SERVOLO GOLD 0,75 L;338944;;0,7500;L;7,62;10,16;;;7,62;3859893049118;Piæa
MASLAC ZA TIJELO NASHE SH.70 g;338951;NASHE;0,0700;kg;8,99;128,43;;;8,62;3859893659478;Kozmetika
MASLAC ZA TIJ.NASHE MAGNO.70 g;338955;NASHE;0,0700;kg;8,99;128,43;;;8,62;3859893659454;Kozmetika
SRED.FROSCH ZA ÈIŠ.NARA.500 ml;338999;Frosch;0,5000;L;3,05;6,10;;;3,19;4009175953681;Sredstva za èišæenje
PILING NASHE MAGNOLIA 100 ml;339018;NASHE;0,1000;KG;7,59;75,90;;;7,16;3859893659560;Kozmetika
GEL SANYTOL ZA RUKE 75 ml;339022;Sanytol;0,0750;L;2,25;30,00;;;2,25;3045206502009;Kozmetika
BOMB.GUM.TROLLI DINO REX 200 g;339037;Trolli;0,2000;kg;1,29;6,45;;;1,32;4000512364764;Hrana
DET.PUR ALOE VERA 750 ml;339074;Pur;0,7500;l;1,89;2,52;;;1,89;9000101386745;Sredstva za èišæenje
DET.PUR APPLE 750ml;339078;Pur;0,7500;l;1,99;2,65;;;1,32;9000101386141;Sredstva za èišæenje
ÈAJ CVIJET BAZGE DARV.EKO 40 g;339085;Darvitalis;0,0400;kg;3,99;99,75;;;3,99;3858890833782;Piæa
INST.KAVA NESC.GOLD E.ST.100 g;339099;Nescafe;0,1000;kg;9,99;99,90;;;8,99;7613036600996;Piæa
TAMNO PECIVO SA SJEMEN.120 g;339115;;0,1000;kg;2,09;20,90;;;2,09;3859893454646;Hrana
SET ZA PR.PODA CLEAN;339162;;1,0000;kom;;14,99;14,99;26,99;26,99;8010402406173;Proizvodi za kuæanstvo
PIVO TOVAR PILS 0,5 L STAKLO;339163;;0,5000;L;1,79;3,58;;;1,89;3859893325076;Piæa
VLAŽNE MARAMICE VESH TO GO 5/1;339182;Vesh;5,0000;kom;1,19;0,24;;;1,19;3870128023772;Sredstva za èišæenje
ŽITAR.NATUREL DUO BALLS 300 g;339236;Naturel;0,3000;kg;2,09;6,97;;;2,09;3858889364990;Hrana
ŽITARNATUREL CHOCO BALLS 300 g;339237;Naturel;0,3000;kg;2,09;6,97;;;2,09;3858889364976;Hrana
ÈOK.RITTER SPORT LJEŠNJ.100 g;339300;Ritter Sport;0,1000;kg;;19,90;1,99;2,39;1,79;4000417222008;Hrana
GIN TONIC J.FREITAG LIM. 0,5 L;339301;;0,5000;L;;2,90;1,45;1,99;1,79;4750142005758;Piæa
GIN TONIC J.FRE.ROSE LIM 0,5 L;339302;;0,5000;L;;2,90;1,45;1,99;1,79;4750142005741;Piæa
WHISKEY KENTUCKY JACK 0,7 L;339304;Ekskluzivno za SPAR;0,7000;L;8,99;12,84;;;7,99;5414145035042;Piæa
PECIVO HAMB.FREE FROM 125 g;339307;SPAR free from;0,1250;kg;2,49;19,92;;;2,29;9100000836508;Hrana
Sir Kolan dimljeni;339311;Sirana Gligora;1,0000;kg;26,99;26,99;;;23,99;3858891773377;Hrana
VINO POŠIP MILIÈIÆ VRH. 0,75 L;339315;;0,7500;L;10,28;13,71;;;10,28;3859888400054;Piæa
BOJA COLOR NATURALS ZA KO.5.1;339338;Garnier;1,0000;kom;4,99;4,99;;;4,99;3600542335577;Kozmetika
BOJA COLOR NATURALS ZA KO.4.12;339339;Garnier;1,0000;kom;4,99;4,99;;;4,99;3600542335171;Kozmetika
GEL ZA LICE GARNIER  ALO.50 ml;339342;Garnier;0,0500;l;7,99;159,80;;;7,99;3600542328647;Kozmetika
GIN OLD PILOTS 0,7 L;339343;;0,7000;L;;57,13;39,99;49,99;44,99;3857000002575;Piæa
GIN THE ARTISAN 0,5 L;339344;;0,5000;L;44,99;89,98;;;47,81;0745760434602;Piæa
SERUM ZA LICE HOLYPLANT 15 ml;339365;Holyplant;0,0150;L;11,99;799,33;;;12,99;3858891010069;Kozmetika
Peèenica dimljena Andro;339403;Andro;1,0000;kg;10,49;10,49;;;10,49;3858892820742;Hrana
Dimljena vratina Andro;339406;Andro;1,0000;kg;10,49;10,49;;;11,99;3858892820759;Hrana
BROKULA SPAR NP BIO 300 g;339430;Natur pur;0,3000;kg;1,99;6,63;;;1,99;9100000889689;Hrana
ULJE MASLINOVO S BUDGET 1 L;339438;S-Budget;1,0000;L;6,99;6,99;;;9,99;8033954551207;Hrana
BIO PUDING GRIZ NAT.PUR 3x40 g;339481;Natur pur;0,1200;kg;1,59;13,25;;;1,59;9100000726694;Hrana
TJE.NATUR PUR REZAN.USKI 400 g;339509;Natur pur;0,4000;kg;2,49;6,23;;;2,49;9100000860114;Hrana
TJEST.NATUR PUR ROGIÆI 400 g;339512;Natur pur;0,4000;kg;2,49;6,23;;;2,49;9100000860091;Hrana
OKRUGLICE SA ŠLJIVAMA SB 1 kg;339514;S-BUDGET;1,0000;kg;2,65;2,65;;;2,65;3856021216442;Hrana
TJESTENINA MAGGI POVRÆE 59,2g;339575;Maggi;0,0592;kg;0,79;13,34;;;0,59;5201219488787;Hrana
NJOKI FREE FROM 500 g;339623;SPAR free from;0,5000;kg;2,29;4,58;;;2,29;9100000938325;Hrana
TABL.MULTIVITA IMM.C+D+ZN 15/1;339639;Multivita;0,0096;kg;4,69;488,54;;;3,79;3858881248748;Hrana
TORTINA MIX MAX KAKAO 350 g;339642;;0,3500;kg;3,09;8,83;;;3,09;8001585001040;Hrana
TORTINA MIX MILK MLIJEÈNA 350g;339643;;0,3500;kg;3,09;8,83;;;3,09;8001585001071;Hrana
ÈOK.DORINA NAPOLITANKE 100 g;339664;Dorina;0,1000;kg;1,49;14,90;;;1,99;3850102519521;Hrana
ÈOK.DORINA DOMAÆICA 105 g;339674;Dorina;0,1050;kg;1,49;14,19;;;1,99;3850102519323;Hrana
GRANULE NATUREL EN.DIREKT 30 g;339680;Naturel;0,0300;kg;3,59;119,67;;;3,59;3858889365041;Hrana
PATKA MLADA VRTOVI HRVATSKE;339686;SPAR Vrtovi Hrvatske;1,0000;kg;7,69;7,69;;;7,69;3856021217548;Hrana
BOMBONI TIC TAC FRUI. MIX 18 g;339695;Tic Tac;0,0180;kg;0,79;43,89;;;0,85;80816652;Hrana
ZORINA MAST 50 ml;339723;ZORINA MAST;0,0500;L;7,99;159,80;;;7,99;3857500100313;Kozmetika
QUINOA MJEŠAVINA  LEDO 400 g;339744;Ledo;0,4000;kg;2,99;7,48;;;2,99;3850116034041;Hrana
BULGUR MJEŠAVINA LEDO 400 g;339745;Ledo;0,4000;kg;2,99;7,48;;;2,99;3850116036052;Hrana
CAPPUCINO NES.MANJE ŠEÆE.125 g;339755;;0,1250;kg;2,99;23,92;;;4,19;7613037084696;Piæa
MUSLI SPAR PROT.ŠUM.VOÆE 500 g;339767;SPAR;0,5000;kg;4,99;9,98;;;4,99;9100000893358;Hrana
MUSLI SPAR PROT.KIKIRIKI 500 g;339768;SPAR;0,5000;kg;3,99;7,98;;;3,99;9100000893310;Hrana
MUSLI SPAR PROT.ÈOK.SJEM.500 g;339770;SPAR;0,5000;kg;4,49;8,98;;;4,49;9100000893334;Hrana
Kobasica domaæa Ravliæ rfz;339790;Ravliæ;1,0000;kg;;16,99;16,99;19,99;19,99;3858891911465;Hrana
VL.MARAMICE ZA PSE SCOTTY 15/1;339809;Scotty;1,0000;kom;,99;0,99;;;0,99;8001300920021;Proizvodi za kuæanstvo
VL.MARAMICE ZA PSE SCOTTY 40/1;339815;Scotty;1,0000;kom;2,19;2,19;;;2,19;8001300920038;Proizvodi za kuæanstvo
FLIPS BOBI RINGS VRH.-LUK 70 g;339821;Bobi;0,0700;kg;1,19;17,00;;;0,95;3858891590721;Hrana
ŽVAKE CHUPA CHUPS JEZIK 27,6 g;339822;Chupa Chups;0,0276;kg;0,69;25,00;;;0,69;80838920;Hrana
OSVJ.WC SPLENDID LAVANDE 2/1;339828;Splendid;2,0000;kom;1,99;1,00;;;1,99;9100000986173;Sredstva za èišæenje
OSVJ.WC SPLENDID LEMON 2/1;339829;Splendid;2,0000;kom;1,99;1,00;;;1,99;9100000986197;Sredstva za èišæenje
KOLAÈ OBLATNE ÈOK.-KARAM.270 g;339841;;0,2700;kg;3,79;14,04;;;3,79;3859889660204;Hrana
KR.EVELINE ZA ISPUC.STOP.75 ml;339843;Eveline;0,7500;kom;2,69;3,59;;;2,99;5901761967944;Kozmetika
PELINKOVAC S BUDGET 1 L 31%;339845;S-BUDGET;1,0000;L;7,89;7,89;;;7,89;3856021215254;Piæa
VODKA S BUDGET 1 L 37,5%;339846;S-BUDGET;1,0000;L;7,79;7,79;;;7,92;3856021215339;Piæa
S BUDGET ZA PEÈENJE I KOL. 1 L;339848;S-BUDGET;1,0000;L;9,29;9,29;;;9,29;3856021215278;Piæa
KRUŠKOVAC S BUDGET 1 L 25%;339849;S-BUDGET;1,0000;L;7,89;7,89;;;7,89;3856021215315;Piæa
VINO CHARDO.KG ZELINA 2 L PET;339854;;2,0000;L;4,29;2,15;;;4,29;3858891540382;Piæa
VINO GRAŠEVINA KG ZELINA 1 L;339856;;1,0000;L;3,49;3,49;;;3,49;3859891270132;Piæa
VINO GALIÆ SAUVIGNON 0,75 L;339877;;0,7500;L;16,99;22,65;;;17,29;3859891991037;Piæa
VINO GALIÆ ROSE 0,75 L;339878;;0,7500;L;14,69;19,59;;;14,69;3859891991051;Piæa
PISTACIJA PRŽENA SPAR 300 g;339920;SPAR;0,3000;kg;5,59;18,63;;;5,59;9100000690087;Hrana
PUD.ÈOK.PROTEIN Z BREG.2X180 g;339923;Z Bregov;0,3600;kg;2,49;6,92;;;2,49;3850108040944;Hrana
PUD.VAN.PROTEIN Z BREG.2x180g;339924;Z Bregov;0,3600;kg;2,49;6,92;;;2,49;3850108040937;Hrana
PUDING KOKOS PROT.Z BREG.180 g;339931;Z Bregov;0,1800;kg;;5,50;0,99;1,29;1,35;3850108040920;Hrana
JOG.NATUR 3,6%M.M FF 250 g;339972;SPAR free from;0,2500;kg;0,75;3,00;;;0,75;9100000896670;Hrana
WEL.SHOT 1-PURE IRON 100 ml;340001;;0,1000;L;3,09;30,90;;;2,89;3859894312075;Hrana
WEL.SHOT 1-DIGESTIVE 100 ml;340003;;0,1000;L;3,09;30,90;;;2,89;3859894312051;Hrana
WEL.SHOT 1-IMMUNITY 100 ml;340004;;0,1000;L;3,09;30,90;;;2,89;3859894312068;Hrana
SLADILO SL.LIST STEVIJA 150/1;340018;;150,0000;kom;3,09;0,02;;;3,05;3859892472474;Hrana
ÈOK.KANDI KUP.BEZ DOD.ŠEÆ.80 g;340023;Kandit;0,0800;kg;3,49;43,63;;;3,49;3856024801348;Hrana
Dimljeni but bez kože Andro;340030;Andro;1,0000;kg;10,29;10,29;;;11,99;3858892820858;Hrana
OKRUGLICE OD KRUHA FROZY 400 g;340054;Frozy;0,4000;kg;2,39;5,98;;;2,39;3858891044071;Hrana
KNEDLE SA ŠLJIVAMA FROZY 400 g;340059;Frozy;0,4000;kg;1,89;4,73;;;1,99;3858891044057;Hrana
SOK SPAR 100% NARAN.1 L FAIRT.;340070;SPAR;1,0000;L;;2,79;2,79;3,49;3,49;9100000891750;Piæa
BOJA GARNIER COLO.SENSA.S11;340071;Garnier;1,0000;kom;5,29;5,29;;;4,99;3600542259101;Kozmetika
MAS.ZA K.ELSEVE FULL R. 300 ml;340075;Elseve;0,3000;L;6,95;23,17;;;6,95;3600523883486;Kozmetika
NAPOL.KRAŠ KAKAO-MLIJEKO 420 g;340134;Kraš;0,4200;kg;2,39;5,69;;;3,19;3850102519125;Hrana
NAPOL.KRAŠ KAKAO-ÈOKO.420 g;340136;Kraš;0,4200;kg;2,39;5,69;;;3,19;3850102519118;Hrana
ÈVARCI ENJOY NA SL.NAÈIN 100 g;340164;SPAR enjoy;0,1000;kg;2,69;26,90;;;2,79;3856021214455;Hrana
ODSTRANJ.ZA NOKTE ULJNI 125 ml;340184;Afrodita;0,1250;L;3,99;31,92;;;3,99;3831070655169;Kozmetika
ULOŠ.HIG.VIOLETA AIR FIT 20/1;340199;Violeta;20,0000;kom;2,25;0,11;;;1,99;3870128040984;Toaletne potrepštine
ULOŠ.HIG.VIOLETA AIR FIT 20/1;340200;Violeta;20,0000;kom;2,39;0,12;;;2,12;3870128041042;Toaletne potrepštine
KAP.DG STARBUCK.CAR.MA.127,8 g;340208;Starbucks;0,1278;kg;5,99;46,87;;;6,49;7613287002488;Piæa
KAPSU.STARBUCKS DG CAPP.120 g;340221;Starbucks;0,1200;kg;5,99;49,92;;;6,49;7613287002471;Piæa
KAP.STARBUCKS DG LAT.MAC.129 g;340226;Starbucks;0,1290;kg;5,99;46,43;;;6,49;7613287002457;Piæa
ÈOK.DORINA NAPOLITANKE 290 g;340264;Dorina;0,2900;kg;4,99;17,21;;;3,79;3850102519552;Hrana
ÈOK.DORINA DOMAÆICA 300 g;340265;Dorina;0,3000;kg;4,99;16,63;;;3,79;3850102519484;Hrana
KEKS BAIOCCHI MULINO BIA.168 g;340276;Mulino Bianco;0,1680;kg;1,53;9,11;;;2,19;8076809574969;Hrana
PREPEÈENAC CROSTINO CLASS.250g;340280;DESPAR;0,2500;kg;1,19;4,76;;;1,19;8001300805991;Hrana
BOMB.SQUEEZIE VENTILATOR 5 g;340282;Ajax;0,0050;kg;2,59;518,00;;;2,59;4262393721993;Hrana
PREPEÈEN. CROSTINO INTEG.250 g;340283;DESPAR;0,2500;kg;1,29;5,16;;;1,29;8001300805984;Hrana
ÈOK.MILKA ALMOND TRUFFLE 300 g;340289;Milka;0,3000;kg;6,79;22,63;;;6,79;7622201125813;Hrana
VINO STINA OPOL ROSE 0,75 L;340291;;0,7500;L;;18,65;13,99;16,99;18,42;3859892605032;Piæa
GIN GREATE HAUSE DALM.V. 0,1 L;340292;;0,1000;L;1,55;15,50;;;1,55;3858892460252;Piæa
KEKS MILKA SENSATI.OREO 156 g;340303;Milka;0,1560;kg;3,39;21,73;;;3,39;7622202265884;Hrana
LIK.BADEL PELINKOV.ORAN.0,7 L ;340330;;0,7000;L;12,52;17,89;;;12,52;3850112111517;Piæa
POMMES FRITES S-BUDGET 1 kg;340391;S-Budget;1,0000;kg;2,25;2,25;;;2,25;9100000908410;Hrana
PECIVO HAMBI BEZ GLUTE. 2x60 g;340400;;0,1200;kg;2,99;24,92;;;2,89;3859893064227;Hrana
UMAK PODRAVKA NAPOLETANA 410 g;340424;Podravka;0,4100;kg;3,19;7,78;;;3,19;3856020242206;Hrana
UMAK PODRAVKA BOSILJAK 410 g;340430;Podravka;0,4100;kg;3,19;7,78;;;3,19;3856020242237;Hrana
SPAGHETTI BARIL.CR.LEÆA 250 g;340433;Barilla;0,2500;kg;5,49;21,96;;;5,49;8076809577014;Hrana
ŠAM.BIOBAZA HAIR REPAIR 250 ml;340508;Biobaza;0,2500;L;6,99;27,96;;;5,59;3856020904326;Kozmetika
VRHNJE KIS.S BUDG.20%MM 180 g;340539;S-BUDGET;0,1800;kg;0,69;3,83;;;0,75;3856021216732;Hrana
LOSION BIOBAZA PURPLE 250 ml;340544;Biobaza;0,2500;L;4,49;17,96;;;3,49;3856020905699;Kozmetika
GEL TUŠ.BIOBAZA ENERGY 400 ml;340546;Biobaza;0,4000;L;5,39;13,48;;;4,89;3856020905125;Kozmetika
EN.NAP.SB BOROV.BEZ ŠEÆ.0,25 L;340554;S-Budget;0,2500;l;,69;2,76;;;0,63;9100000044842;Piæa
Donut s punj.okusa vanili.71 g;340563;SPAR enjoy;0,0710;kg;0,69;9,72;;;0,69;8590325509828;Hrana
INST.KAVA NES.BLAC.ROAST 200 g;340566;Nescafe;0,2000;kg;12,59;62,95;;;11,39;7613038902364;Piæa
KAPSULE S-BUDGET LUNGO 156 g;340576;S-Budget;0,1560;kg;8,49;54,42;;;8,49;9100000891316;Piæa
KAPSULE S-BUDGET ESPRESSO156 g;340583;S-Budget;0,1560;kg;8,79;56,35;;;8,49;9100000891330;Piæa
PIVO CARLSBERG LIM.0,5 L;340585;Carlsberg;0,5000;L;1,58;3,16;;;1,58;8606103965318;Piæa
KRUŠNE MRVICE SPAR 500 g;340632;SPAR marka kvalitete;0,5000;kg;1,49;2,98;;;1,52;9100000134000;Hrana
ÈAJ S-BUDGET ZELENI ÈAJ 30 g;340659;Agristar;0,0300;kg;0,65;21,67;;;0,65;3856021217104;Piæa
ÈAJ S-BUDGET MENTA ÈAJ 20 g;340667;Agristar;0,0200;kg;0,59;29,50;;;0,59;3856021217227;Piæa
TJES.KLARA MARIÆ MAFALDE 400 g;340683;Klara M;0,4000;kg;3,49;8,73;;;3,49;3859893308192;Hrana
TJ.KLARA MARIÆ FIDELINI 400 g;340685;Klara M;0,4000;kg;3,49;8,73;;;3,49;3859893308154;Hrana
TJ.KLARA MARIÆ REZANCI 400 g;340686;Klara M;0,4000;kg;3,49;8,73;;;3,49;3859893308161;Hrana
NAMAZ RIO MARE PATE TUNA 115 g;340711;Rio Mare;0,1150;kg;4,99;43,39;;;4,99;8004030546004;Hrana
NAMAZ RIO MARE PATE TUNA 115 g;340712;Rio Mare;0,1150;kg;4,99;43,39;;;4,99;8004030546028;Hrana
NAMAZ RIO MARE PATE TUNA 115 g;340713;Rio Mare;0,1150;kg;4,99;43,39;;;4,99;8004030547001;Hrana
POK.PAK.NEUTROGENA PLAVI;340717;Neutrogena;1,0000;KOM;11,99;11,99;;;11,99;3858890476163;Kozmetika
BOMBONI PEZ BOŽ.FIGURICE 17 g;340724;Pez;0,0170;kg;2,49;146,47;;;2,49;9044400843530;Hrana
VREÆICA PEZ BOŽIÆNA 85g;340726;Pez;0,0850;kg;3,99;46,94;;;3,79;9044400843318;Hrana
NAM.ST.DALFOUR BOROVNICA 284 g;340757;St Dalfour;0,2840;kg;4,99;17,57;;;4,99;3492390020961;Hrana
NAMAZ ST.DALFOUR MALINA 284 g;340758;St Dalfour;0,2840;kg;4,99;17,57;;;4,99;3492390020954;Hrana
SAP.DIVLJI CVIT ANTIBAKT.100 g;340766;DIVLJI CVIT;0,1000;kg;2,30;23,00;;;2,30;3859893393631;Kozmetika
SAPUN DIVLJI CVIT SMILJE 100 g;340769;DIVLJI CVIT;0,1000;kg;;11,90;1,19;2,30;2,30;3859893393037;Kozmetika
SAP.DIVLJI CVIT LAVANDA 100 g;340772;DIVLJI CVIT;0,1000;kg;2,30;23,00;;;2,30;3859893393013;Kozmetika
SAP.DIVLJI CVIT NEVEN  100 g;340773;DIVLJI CVIT;0,1000;kg;2,30;23,00;;;2,30;3859893393044;Kozmetika
SERUM DIVLJI C.SMILJE 30 ml;340775;DIVLJI CVIT;0,0300;L;10,69;356,33;;;10,69;3859893393563;Kozmetika
KREMA DIVLJI CVIT BADEM 30 ml;340776;DIVLJI CVIT;0,0300;L;5,99;199,67;;;5,99;3859893393280;Kozmetika
KREMA DIVLJI CVIT NOÆNA 30 ml;340778;DIVLJI CVIT;0,0300;L;4,50;150,00;;;4,50;3859893393341;Kozmetika
KREMA DIVLJI CVIT DNEVNA 30 ml;340779;DIVLJI CVIT;0,0300;L;4,50;150,00;;;4,50;3859893393334;Kozmetika
ŠUM.TABLE.VITAL VIT.C+ZN 80 g;340785;SPAR Vital;0,0800;kg;1,79;22,38;;;1,79;8001300440321;Hrana
ŠUM.TABL.VITAL MG+VIT.B 80 g;340786;SPAR Vital;0,0800;kg;1,79;22,38;;;1,79;8001300440314;Hrana
ŠUM.TABL.VITAL MUL.+MIN.80 g;340787;SPAR Vital;0,0800;kg;1,79;22,38;;;1,79;8001300440307;Hrana
ŠUM.TABL.VITAL CA+VIT.D 80 g;340789;SPAR Vital;0,0800;kg;1,79;22,38;;;1,79;8001300440345;Hrana
LIKER PELIN.NAR.0,7 L VAP+ÈAŠA;340868;;0,7000;L;13,99;19,99;;;13,02;3850112111616;Piæa
LIKER PELIN.0,7 L VAP + ÈAŠA;340870;;0,7000;L;;18,56;12,99;13,99;13,42;3850112111593;Piæa
RAJÈICA PREMIUM FILETI 400 g;340880;Premium;0,4000;kg;1,69;4,23;;;1,69;8001300241874;Hrana
MJEŠAVINA ZA KRUH FRE.FR.500 g;340916;SPAR free from;0,5000;kg;2,99;5,98;;;2,99;9100000838175;Hrana
ZUB.PASTA PLIDENTA SUPER.75 ml;340942;Plidenta;0,0750;L;2,39;31,87;;;2,19;3856007908071;Kozmetika
ZUB.PAS.PLIDEN.PROTE.PRO.75 ml;340943;Plidenta;0,0750;L;2,39;31,87;;;2,19;3856007908064;Kozmetika
ZU.PASTA PLIDENTA HERBAL 75 ml;340945;Plidenta;0,0750;L;2,39;31,87;;;2,19;3856007908057;Kozmetika
ZUB.PAS.PLIDENTA E.WHITE 75 ml;340949;Plidenta;0,0750;L;2,29;30,53;;;2,29;3856007908026;Kozmetika
ZU.PA.PLIDENTA PARODONT 75 ml;340957;Plidenta;0,0750;L;2,59;34,53;;;2,49;3856007908040;Kozmetika
ZUB.PA.PLIDENTA TOTAL WH.75 ml;340959;Plidenta;0,0750;L;2,69;35,87;;;2,79;3856007908088;Kozmetika
MARAMICE ARF DEZICLEAN 40/1 ;341016;Arf;40,0000;kom;1,69;0,04;;;1,69;3850105174741;Sredstva za èišæenje
BOM.S-BUD.EUKA MENTOL 200 g;341136;S-Budget;0,2000;kg;1,49;7,45;;;1,99;9100000985954;Hrana
DŽEM BONNE MAMAN JAGODA 370 g;341341;Bonne Maman;0,3700;kg;4,99;13,49;;;7,49;3045320082074;Hrana
ZAM.MLIJEKO NAN COMFOR.1 800 g;341344;Nan;0,8000;kg;18,99;23,74;;;18,99;7613034965790;Hrana
ZAM.MLIJEKO NAN COMFOR.2 800 g;341345;Nan;0,8000;kg;18,99;23,74;;;18,39;7613034965769;Hrana
ZAM.MLIJEKO NAN COMFOR.3 800 g;341347;Nan;0,8000;kg;18,99;23,74;;;19,39;7613034965530;Hrana
MIC.VODA SIMPLE KTS 400 ml;341386;SIMPLE;0,4000;L;;8,73;3,49;6,99;6,99;8710908371509;Kozmetika
MIC.VODA SIMPLE WB 400 ml;341390;SIMPLE;0,4000;L;;8,73;3,49;6,99;6,99;8710908711619;Kozmetika
GEL ZA LICE SIMPLE KTS 150 ml;341393;SIMPLE;0,1500;L;;23,27;3,49;6,99;6,99;5011451103870;Kozmetika
BAL.USNE VASELINE ORIGINA.20 g;341408;Vaseline;1,0000;kom;3,49;3,49;;;2,99;5099802150117;Kozmetika
MICELARNA PJENA AFRODIT.150 ml;341436;Afrodita;0,1500;L;8,49;56,60;;;8,49;3831070654957;Kozmetika
Sir Ovidur tvrdi 1/4 kriška;341438;Vindija;1,0000;kg;;28,99;28,99;33,99;29,99;3850108052862;Hrana
Sir Bovidur Tvrdi 1/4 kriška;341440;Vindija;1,0000;kg;;16,99;16,99;19,99;18,99;3850108052879;Hrana
Sir Caprodur tvrdi 1/4  kriška;341442;Vindija;1,0000;kg;;28,99;28,99;33,99;29,99;3850108052886;Hrana
PIVO CRAFTERS PALE ALE 0,5 L ;341446;;0,5000;L;2,52;5,04;;;2,52;3859893368608;Piæa
BISKVIT DESPAR KAKAO 280 g;341493;DESPAR;0,2800;kg;1,79;6,39;;;1,79;8001300804147;Hrana
BISKVIT DESPAR MILK 280 g;341495;DESPAR;0,2800;kg;1,79;6,39;;;1,79;8001300804154;Hrana
MARAMICE VLAŽNE INTIM.XME 20/1;341514;Despar;20,0000;KOM;0,95;0,05;;;0,95;8001300820628;Toaletne potrepštine
DOD.JELIMA FANT TORTILJE 40 g;341529;Podravka;0,0400;kg;1,39;34,75;;;1,39;3856020236472;Hrana
DO.JE.FANT CHIL.CON CARNE 55 g;341530;Podravka;0,0550;kg;1,39;25,27;;;1,39;3856020236441;Hrana
DO.JE.FANT PILET.S 4 SIRA 40 g;341531;Podravka;0,0400;kg;1,39;34,75;;;1,39;3856020236502;Hrana
PAPRIKA 3 BOJE S BUDGET;341551;S-BUDGET;0,5000;kg;1,99;3,98;;;2,69;8436014821133;Hrana
HRANA ZA PSE SCOTTY PER.1240 g;341552;Scotty;1,2400;kg;1,99;1,60;;;1,99;5999033896153;Proizvodi za kuæanstvo
HRANA ZA PSE SCOTTY GOV.1240 g;341558;Scotty;1,2400;kg;1,99;1,60;;;1,99;5999033896177;Proizvodi za kuæanstvo
HRANA ZA PSE SCOTTY 1240 g;341559;Scotty;0,1240;kg;1,99;16,05;;;1,99;5999033896160;Proizvodi za kuæanstvo
GUM.BOMB.CHUPA C.TREŠNJA 10 g;341562;;0,0100;kg;0,39;39,00;;;0,39;84198402;Hrana
FLIPS BOBI TOBY KETCHUP 40 g;341566;;0,0400;kg;0,69;17,25;;;0,65;3858891591049;Hrana
ÈAJ DESPAR EARL GREY 42,5 g ;341576;Despar;0,0425;kg;1,59;37,41;;;1,45;8001300500780;Piæa
ÈOK.SMARTIES PINGVIN 85 g ;341595;Smarties;0,0850;kg;;31,65;2,69;2,99;3,59;42370291;Hrana
ÈOK.KIT KAT MINI SANTA 66 g;341596;Kitekat;0,0660;kg;;40,76;2,69;2,99;3,69;8000300401479;Hrana
VANILIN ŠEÆE.DR.OETK.8 g (8+2);341622;Dr. Oetker;0,0800;kg;;16,50;1,32;1,76;1,76;5997381375573;Hrana
KVASAC INSTA.DR.OETK.7 g (4+1);341624;Dr. Oetker;0,0280;kg;2,36;84,29;;;2,36;4000521024444;Hrana
VINO NR MALVASIA NERA 0,75 L;341650;;0,7500;L;8,79;11,72;;;7,59;8023354100112;Piæa
VINO MONT.CRIANZA RIOJA 0,75 L;341651;;0,7500;L;9,29;12,39;;;7,79;8410337323031;Piæa
VINO NOTTE ROSSA P.DI M 0,75 L;341657;;0,7500;L;13,03;17,37;;;13,03;8023354091311;Piæa
PJENUŠAC TOMAZ ROSE 0,75 L;341678;;0,7500;L;18,99;25,32;;;18,99;3857500055033;Piæa
SPAR ISO NAPITAK EXOTIC 0,75 L;341681;SPAR;0,7500;l;1,39;1,85;;;1,48;9100000045443;Piæa
SPAR ISO NAPITAK BERRY 0,75 L;341683;SPAR;0,7500;l;1,39;1,85;;;1,48;9100000045269;Piæa
VINO TOMAZ DOLCE ANIMA 0,5 L;341685;;0,5000;L;15,19;30,38;;;15,19;3857500055071;Piæa
KEKS PRINCEZA ORIGINAL 230 g;341709;Koestlin;0,2300;kg;2,39;10,39;;;2,99;3856014101649;Hrana
MASLINE ZVIJEZDA ZEL.BK.700 g;341710;Zvijezda;0,3400;kg;4,69;13,79;;;4,69;3856015322067;Hrana
KEKS PRINCEZA ÈOKO KOKOS 230 g;341711;Koestlin;0,2300;kg;2,39;10,39;;;2,99;3856014101618;Hrana
SOK ARONIJA VITAL BIO 750 ml;341726;SPAR Vital;0,7500;l;9,99;13,32;;;10,99;3856021216893;Piæa
LIZALICA PAS PRIVJESAK 10,5 g;341731;DUPIN;0,0105;kg;2,75;261,90;;;2,75;8435124855052;Hrana
VAFEL FL.ROL KAKAO 150 g;341733;DUPIN;0,1500;kg;;9,27;1,39;1,69;1,69;5908234805635;Hrana
LIKER MOZART GOLD 0,5L+ÈAŠA;341735;;0,5000;L;19,99;39,98;;;18,99;9005701015415;Piæa
ÈOK.MILKA ÈARAPA 196,5 g;341753;Milka;0,1960;kg;;40,77;7,99;8,39;11,49;7622210713384;Hrana
PP ŠLJIV.BADEL+2ÈAŠE 0,7L;341768;;0,7000;L;13,99;19,99;;;13,52;3850112121462;Piæa
VODA JANA VITAMIN ANTIOX 1,5 L;341776;Jamnica;1,5000;l;1,79;1,19;;;1,79;3858890875607;Piæa
VODA JANA VITAMIN ANTIOX 0,5 L;341778;Jamnica;0,5000;l;1,19;2,38;;;1,19;3858890875638;Piæa
FER.PROIZVOD BIO ZOB NP 400 g;341882;Natur pur;0,4000;kg;1,79;4,48;;;1,79;9100000891125;Hrana
FERIM.PROIZ.BIO KOKOS NP 400 g;341889;Natur pur;0,4000;kg;2,19;5,48;;;2,19;9100000157269;Hrana
ÈAJ PODRAVKA SAN 40 g;341948;Podravka;0,0400;kg;2,99;74,75;;;2,99;3850104301278;Piæa
HOT CHOC INSTANT ANAMAR. 25 g;341959;Anamarija;0,0250;kg;0,49;19,60;;;0,49;3858881775428;Piæa
ISO SPORT LIMUN GREJP 0,5 L;341979;Vindija;0,5000;l;;2,26;1,13;1,42;1,42;3850108071665;Piæa
PAŠTETA GAVR.PILEÆA CLAS.150 g;341988;Gavrilovic;0,1500;kg;2,39;15,93;;;2,39;3858890207729;Hrana
TUNA PAŠTETA GAVRILOVIÆ 150 g;341989;Gavrilovic;0,1500;kg;3,39;22,60;;;3,39;3858890207606;Hrana
PAŠTETA GAVR.KOKOŠ.JETR.100 g;341990;Gavrilovic;0,1000;kg;,89;8,90;;;0,89;3858890207644;Hrana
PAŠTETA GAVRIL.PILE.CLAS.100 g;341991;Gavrilovic;0,1000;kg;;10,90;1,09;1,35;1,35;3858890207743;Hrana
PAŠTETA GAVR.KOKOŠ.CLAS.100 g;341992;Gavrilovic;0,1000;kg;;10,90;1,09;1,35;1,35;3858890207682;Hrana
PAŠTETA GAVRIL.KOKOŠ.ÈAJ.100 g;341994;Gavrilovic;0,1000;kg;;10,90;1,09;1,35;0,89;3858890207705;Hrana
PAŠTETA GAVR.PILE.ROASTY 100 g;341996;Gavrilovic;0,1000;kg;;10,90;1,09;1,35;1,35;3858890207767;Hrana
TUNA PAŠTETA GAVRILOVIÆ 100 g;341997;Gavrilovic;0,1000;kg;1,99;19,90;;;1,99;3858890207620;Hrana
SPAR BIO VREÆE ZA SMEÆ 30L 8/1;342018;SPAR marka kvalitete;8,0000;kom;2,09;0,26;;;2,09;9100000545769;Proizvodi za kuæanstvo
SPAR BIO VREÆ ZA SMEÆ 10L 10/1;342019;SPAR marka kvalitete;10,0000;kom;1,49;0,15;;;1,49;9100000893006;Proizvodi za kuæanstvo
BU VREÆE ZA SMEÆE 30L 35/1 ;342036;S-BUDGET;35,0000;kom;0,99;0,03;;;1,99;9100000545479;Proizvodi za kuæanstvo
BU VREÆE ZA SMEÆE 60L 20/1 ;342046;S-BUDGET;20,0000;kom;1,19;0,06;;;1,99;9100000545486;Proizvodi za kuæanstvo
SPAR VREÆA ZA SMEÆE 25L 40/1;342047;SPAR marka kvalitete;40,0000;kom;1,79;0,04;;;1,79;9100000545493;Proizvodi za kuæanstvo
SPAR VR. ZA SMEÆ EXT 110L 10/1;342050;SPAR marka kvalitete;10,0000;kom;3,59;0,36;;;3,59;9100000545509;Proizvodi za kuæanstvo
SPAR VREÆE ZA SME TR. 10L 80/1;342051;SPAR marka kvalitete;80,0000;kom;3,29;0,04;;;3,29;9100000545516;Proizvodi za kuæanstvo
SPAR VREÆA ZA SMEÆE 35L 30/1 ;342053;SPAR marka kvalitete;30,0000;kom;3,69;0,12;;;3,69;9100000545523;Proizvodi za kuæanstvo
KRUŠNE MRVICE S BUDGET 250 g;342070;S-BUDGET;0,2500;kg;0,69;2,76;;;0,69;3856021210723;Hrana
KRUŠNE MRVICE S BUDGET 500 g;342071;S-BUDGET;0,5000;kg;0,95;1,90;;;0,95;3856021210747;Hrana
SPAR VREÆA ZA SMEÆE 45L 20/1 ;342072;SPAR marka kvalitete;20,0000;kom;2,59;0,13;;;2,59;9100000545530;Proizvodi za kuæanstvo
SPAR VREÆA ZA SMEÆE 70L 20/1 ;342073;SPAR marka kvalitete;20,0000;kom;3,79;0,19;;;3,79;9100000545547;Proizvodi za kuæanstvo
SPAR VR. ZA SME MIRIS.30L 20/1;342074;SPAR marka kvalitete;20,0000;kom;2,19;0,11;;;2,19;9100000545592;Proizvodi za kuæanstvo
SPAR VR. ZA SME MIRIS.60L 25/1;342075;SPAR marka kvalitete;25,0000;kom;2,29;0,09;;;2,29;9100000545608;Proizvodi za kuæanstvo
SPAR BIO KOMPO. VREÆA 10L 10/1;342076;SPAR marka kvalitete;10,0000;kom;2,29;0,23;;;2,29;9100000545615;Proizvodi za kuæanstvo
SPAR VREÆA ZA SM. REC.35L 20/1;342077;SPAR marka kvalitete;20,0000;kom;3,99;0,20;;;3,99;9100000545639;Proizvodi za kuæanstvo
SPAR VREÆA ZA SM. REC.60L 15/1;342078;SPAR marka kvalitete;15,0000;kom;4,59;0,31;;;4,59;9100000545646;Proizvodi za kuæanstvo
SPAR VREÆA ZA SM.REC.120L 10/1;342079;SPAR marka kvalitete;10,0000;kom;3,99;0,40;;;3,99;9100000545653;Proizvodi za kuæanstvo
OMEK.VIOLETA 2,7L CORAL SEA;342105;Violeta;2,7000;kom;4,99;1,85;;;4,99;3870128023932;Sredstva za èišæenje
OMEK.VIOLETA 2,7L ROSE GOLD;342107;Violeta;2,7000;kom;4,99;1,85;;;4,99;3870128023963;Sredstva za èišæenje
LOPTA VITAKR.ZA MAÈ.PRIR.GUMA;342194;Vitakraft;1,0000;kom;3,19;3,19;;;3,19;4008239398888;Proizvodi za kuæanstvo
KEKS DIGEST.McVITIE´S 2x400 g;342199;Mc Vitie's;0,8000;kg;4,37;5,46;;;4,37;5000396032758;Hrana
ÈOK.LINDT DARK 78%100 g;342213;Lindt;0,1000;kg;;34,90;3,49;3,98;2,98;3046920010047;Hrana
ZOBENA KAŠA FREE FROM 375 g;342241;SPAR free from;0,3750;kg;4,29;11,44;;;4,29;9100000994338;Hrana
KAJZERICE FREE FROM 250 g;342242;SPAR free from;0,2500;kg;3,49;13,96;;;3,34;9100000948812;Hrana
HRANA ZA MAÈ.MOL.PR.GO.4X100 g;342247;Molly;0,4000;kg;1,99;4,98;;;1,99;9100000892634;Proizvodi za kuæanstvo
HRANA ZA MAÈKE MOL.PIL.4X100 g;342248;Molly;0,4000;kg;1,99;4,98;;;1,99;9100000892658;Proizvodi za kuæanstvo
HRANA ZA PSE SCO.NAT.PIL.300 g;342250;Scotty;0,3000;kg;1,29;4,30;;;1,29;9100000891514;Proizvodi za kuæanstvo
KAPARI S-BUDGET 150 g;342252;S-Budget;0,0950;kg;1,40;14,74;;;1,45;9100000976549;Hrana
SMOOTHIE+VODA P.DRAGON 330 ml;342257;SPAR enjoy;0,3300;L;1,39;4,21;;;1,39;9100000898094;Piæa
AJVAR SPAR BLAGI 550 g;342266;SPAR;0,5500;kg;;9,07;4,99;6,39;6,39;3856021217180;Hrana
AJVAR SPAR LJUTI 550 g;342267;SPAR;0,5500;kg;;9,07;4,99;6,39;6,39;3856021217203;Hrana
MANGO SUŠENI SEEBERGER 100 g;342273;Seeberger;0,1000;kg;;34,90;3,49;3,73;4,19;4008258276006;Hrana
Sir gouda Nizozemska ;342294;;1,0000;kg;;9,99;9,99;11,99;11,99;93830019420403;Hrana
JOG.NATUR SPAR HIGH PROT.500 g;342308;SPAR;0,5000;kg;1,59;3,18;;;1,59;9100000899602;Hrana
SIR KOZJI POLUT.CAPR.CCA 200 g;342327;;1,0000;kg;31,99;31,99;;;31,99;3859893605215;Hrana
JOGU.VOÆ.FORTIA ŽITARICE 330 g;342340;Z Bregov;0,3300;kg;1,49;4,52;;;1,49;3850108035964;Hrana
JOG.VOÆ.FORTIA ŽITARICE 1 kg;342341;Z Bregov;1,0000;kg;2,69;2,69;;;2,69;3850108035940;Hrana
FUŽI SVJEŽI AURELIA 250 g;342368;Aurelia;0,2500;kg;2,29;9,16;;;2,29;3859893533365;Hrana
MAJONEZA ZVIJEZDA 270 g;342387;Zvijezda;0,2700;kg;3,29;12,19;;;3,19;3856015322098;Hrana
MAJONEZA PRŽENI LUK ZVIJE.85 g;342388;Zvijezda;0,0850;kg;1,25;14,71;;;1,19;3856015322180;Hrana
JOG.ACTIMEL JAGODA.4X100 g;342391;Danone;0,4000;kg;2,69;6,73;;;2,49;5997536303789;Hrana
Z.P. COLGATE ADVANCED WH.75 ml;342473;Colgate;0,0750;L;2,99;39,87;;;2,79;8718951253827;Kozmetika
VAFEL ÈOK.ROL.LJEŠ.S BUD.200 g;342601;S-Budget;0,2000;kg;2,99;14,95;;;2,99;9100000892566;Hrana
VAFEL ROLICE LJEŠ.S BUD.400 g;342603;S-Budget;0,4000;kg;3,29;8,23;;;3,05;9100000892580;Hrana
GEL TUŠ.PALMOL.MEN 3IN1 500 ml;342604;Palmolive;0,5000;L;4,49;8,98;;;4,49;8718951036239;Kozmetika
KEKS S BUD.ÈOK.PRELJEV 300 g;342611;S-Budget;0,3000;kg;1,99;6,63;;;2,05;3856021217531;Hrana
VODA JANA PET 4X1,5 L;342614;Jana;6,0000;l;3,29;0,55;;;2,89;3858890876062;Piæa
HRANA ZA MAÈ.MOL.NAT.GOV.100 g;342629;Molly;0,1000;kg;0,59;5,90;;;0,59;9100000891439;Proizvodi za kuæanstvo
HRANA ZA PSE SCO.NAT.GOV.150 g;342630;Scotty;0,1500;kg;0,99;6,60;;;0,99;9100000891453;Proizvodi za kuæanstvo
MED VRTOVI HRV.CVJETNI 450 g;342633;SPAR Vrtovi Hrvatske;0,4500;kg;;6,20;2,79;3,99;3,99;3856021211102;Hrana
MED VRTOVI HRVATSKE LIPA 450 g;342635;SPAR Vrtovi Hrvatske;0,4500;kg;;7,44;3,35;4,79;4,76;3856021211164;Hrana
MED VRTOVI HRV. BAGREM 450 g;342636;SPAR Vrtovi Hrvatske;0,4500;kg;;10,87;4,89;6,99;6,99;3856021211140;Hrana
MED VRTOVI HRV. KESTEN 450 g;342637;SPAR Vrtovi Hrvatske;0,4500;kg;;10,56;4,75;6,79;6,79;3856021211126;Hrana
KOB.KRAWUZZI KLASIK 80 g;342642;Krainer;0,0800;kg;;18,63;1,49;2,19;2,19;9004286431733;Hrana
SIRUP FRUCTAL NAR RIBIZ 1 L;342649;Fructal;1,0000;l;2,99;2,99;;;2,99;3838945038911;Piæa
SIRUP FRUCTAL DVOJNI C 1 L;342652;Fructal;1,0000;l;2,99;2,99;;;2,99;3838945038904;Piæa
SIRUP FRUCTAL JAB.LIM.TRAV.1 L;342653;Fructal;1,0000;l;2,99;2,99;;;2,99;3838945038928;Piæa
PEC.S-BUDGET HOT DOG 4/1 250 g;342665;S-BUDGET;0,2500;kg;0,99;3,96;;;1,20;9100000833644;Hrana
PEC.S-BUDGET MEGABURGER 300 g;342666;S-BUDGET;0,3000;kg;1,19;3,97;;;1,20;9100000833668;Hrana
ŠAM.SYOSS ANTI-DANDRUFF 440 ml;342689;Syoss;0,4400;L;4,99;11,34;;;4,49;9000101277173;Kozmetika
SVINJSKA CRIJEVA 38/42 10M;342690;;1,0000;kom;2,99;2,99;;;2,99;3858881737150;Hrana
ŠAMP.SYOSS COL.GUARD 440 ml;342691;Syoss;0,4400;L;4,99;11,34;;;4,49;9000101276916;Kozmetika
ŠAMP.SYOSS FULL HAIR 5D 440 ml;342693;Syoss;0,4400;L;;5,66;2,49;4,49;4,49;9000101276992;Kozmetika
ŠAMP.SYOSS REPAIR THER.440 ml;342694;Syoss;0,4400;L;4,99;11,34;;;4,49;9000101276879;Kozmetika
ŠAMP.SYOSS CURLS&WAVES 440 ml;342695;Syoss;0,4400;L;4,99;11,34;;;4,49;9000101277517;Kozmetika
ŠAMPON SYOSS KERATIN 440 ml;342702;Syoss;0,4400;L;4,99;11,34;;;4,49;9000101277050;Kozmetika
REGEN.SYOSS COLOR GUARD 440 ml;342704;Syoss;0,4400;L;;5,66;2,49;4,49;4,49;9000101277937;Kozmetika
REGEN.SYOS REPAIR THER.440 ml;342706;Syoss;0,4400;L;;5,66;2,49;4,49;4,49;9000101278057;Kozmetika
REGENER.SYOSS KERATIN 440 ml;342710;Syoss;0,4400;L;;5,66;2,49;4,49;4,49;9000101278217;Kozmetika
PREZ.DUREX INVISIBLE XL 10/1;342714;Durex;10,0000;kom;14,99;1,50;;;16,79;5949031350072;Toaletne potrepštine
GEL DUREX NATURAL.EX. S.100 ml;342715;Durex;0,1000;l;13,49;134,90;;;14,89;5997321773605;Toaletne potrepštine
ÈIPS S TARTUFIMA SPAR PR.50 g;342716;SPAR PREMIUM;0,0500;kg;2,89;57,80;;;2,91;3856021210693;Hrana
ÈAJ JUBILARNI AGRISTAR 30 g;342717;Agristar;0,0300;kg;1,69;56,33;;;1,69;3858886500698;Piæa
SERUM BIOBAZA HIDRATANT.15 ml;342725;Biobaza;0,0150;L;;399,33;5,99;13,29;13,29;3856020903565;Kozmetika
PIVO MED.BOŽIÆNO PAK.6X0,5L;342759;;3,0000;L;9,99;3,33;;;8,87;3859893357190;Piæa
ŠEÆER NARANÈA DOLCELA 10 g ;342837;Dolcela;0,0100;kg;0,39;39,00;;;0,39;3856020238520;Hrana
FALAFEL KUGL.VEGGIE SPAR 450 g;342886;SPAR Veggie;0,4500;kg;5,19;11,53;;;5,19;9100000889665;Hrana
GRANOLA SANTE GO ON ÈOKO.300 g;342895;Sante;0,3000;kg;4,99;16,63;;;4,99;5900617039262;Hrana
GEL.TUŠ.L´ANGELICA ŽITA.500 ml;342927;L'Angelica;0,5000;L;2,59;5,18;;;2,99;8017331077108;Kozmetika
PIVO LOWENBRAU 4X0,5 L LIMENKA;342932;Löwenbräu;2,0000;L;3,79;1,90;;;3,61;3850131005750;Piæa
ULJE MASL.EX..DJ.PREMI.500 ml;342934;SPAR PREMIUM;0,5000;L;;19,98;9,99;10,99;11,99;3856021229008;Hrana
FLAST.LICE DESPAR PRO.AKNI 40;342936;Despar;40,0000;KOM;1,69;0,04;;;1,72;8001300935391;Kozmetika
PIVO BOŽIÆNO 0,5 L MEDVEDGRAD;342939;;0,5000;L;2,69;5,38;;;2,69;3859893357138;Piæa
ÈET.DESPAR INTERDEN.1,3mm 5/1;342945;Despar;5,0000;kom;1,85;0,37;;;1,85;8001300901433;Kozmetika
ÈET.DESPAR INTERDEN.1,1mm 5/1;342946;Despar;5,0000;kom;1,85;0,37;;;1,85;8001300901419;Kozmetika
ÈET.DESPAR INTERDEN.0,9mm 5/1;342947;Despar;5,0000;kom;1,85;0,37;;;1,85;8001300901426;Kozmetika
GEL S BUDGET ZA ODVODE 1 L ;342950;S-Budget;1,0000;l;1,49;1,49;;;1,49;3856021217241;Sredstva za èišæenje
SRE.SPLENDID KUPAONICA 750 ml ;342954;Splendid;0,7500;L;1,49;1,99;;;1,49;3856021217265;Sredstva za èišæenje
ENERG.PIÆE HELL RED GRAP.0,5 L;342955;;0,5000;l;1,69;3,38;;;1,69;5999885746552;Piæa
WHISKEY J.W.BLACK LA.0,5 L 12Y;342963;;0,5000;L;24,29;48,58;;;24,39;5000267024400;Piæa
SP METLA SOBNA 27657;342977;Splendid;1,0000;kom;4,49;4,49;;;4,49;9100000546797;Proizvodi za kuæanstvo
SP LOPATICA S METLICOM 27659;342978;Splendid;1,0000;kom;3,99;3,99;;;3,99;9100000546810;Proizvodi za kuæanstvo
SP ÈETKA ZA PRANJE BOCA 27664;342979;Splendid;1,0000;kom;2,38;2,38;;;2,38;9100000546834;Proizvodi za kuæanstvo
SP ÈETKA ZA WC 27666;342980;Splendid;1,0000;kom;2,52;2,52;;;2,52;9100000546858;Proizvodi za kuæanstvo
SP ÈETKA ZA WC S PODLOŠ.27667;342981;Splendid;1,0000;kom;5,49;5,49;;;5,49;9100000546865;Proizvodi za kuæanstvo
SP ÈETKA ZA WC S PODLOŠ.27668;342982;Splendid;1,0000;kom;4,99;4,99;;;4,99;9100000546872;Proizvodi za kuæanstvo
KAVA BARCA. BL.&EA.STRONG 10 g;342992;Barcaffe;0,0100;kg;0,39;39,00;;;0,35;3838471041430;Piæa
ŠAMPON S BUDGET KAMILICA 1 L;343016;S-Budget;1,0000;L;0,99;0,99;;;1,19;3856021216770;Kozmetika
ŠAMPON S BUDGET KOPRIVA 1 L;343017;SPAR;1,0000;L;0,99;0,99;;;0,99;3856021216794;Kozmetika
TEK.SAP.S-BUDGET LIMUN ÐUM.1 L;343018;SPAR;1,0000;L;1,15;1,15;;;1,15;3856021216756;Kozmetika
KEKS JAFFA MILK CHOCO 158 g;343028;Jaffa;0,1580;kg;1,39;8,80;;;1,29;8600114009931;Hrana
JOG.NATUR 1% SPAR NP 250g;343041;Spar Natur pur;0,2500;kg;0,89;3,56;;;0,89;9100000158174;Hrana
Bakalar atlantski filet ;343056;;1,0000;kg;27,99;27,99;;;23,99;93856024303012;Hrana
ŠTAPI.ZA UŠI BEAUTY KISS 160/1;343078;Beauty Kiss;160,0000;KOM;0,75;0,00;;;0,75;9100000838465;Toaletne potrepštine
ŠTAPI.ZA UŠI BEAUTY KISS 300/1;343079;Beauty Kiss;300,0000;KOM;1,05;0,00;;;1,06;9100000031767;Toaletne potrepštine
POK.PAKET NASHE ADORABLE;343084;NASHE;1,0000;kom;13,57;13,57;;;19,39;3859893659683;Kozmetika
SOK HIPP VOÆE VITAMIN C 500 ml;343101;Hipp;0,5000;l;1,69;3,38;;;1,69;4062300392915;Piæa
POSLAST.ZA PSE BEEF STICK 70 g;343114;Vitakraft;0,0700;kg;2,99;42,71;;;2,99;4008239288011;Proizvodi za kuæanstvo
FEFERONI S-BUDGET PEÈ.BL.520 g;343121;S-Budget;0,2800;kg;2,89;10,32;;;2,89;3856021210921;Hrana
CAPPUCCINO SPAR IRISH 200 g;343142;SPAR;0,2000;kg;2,39;11,95;;;2,39;3856021217289;Piæa
FRANCUSK.SALATA ZVIJEZDA 220 g;343144;Zvijezda;0,2200;kg;2,39;10,86;;;2,39;3856015321787;Hrana
MEDIHELP GEL DEZIN.RUKU 100 ml;343152;MediHelp;0,1000;L;;9,00;0,90;1,85;1,85;9100000894461;Kozmetika
ENE.PIÆE S-BUDG.1001NOÆ 0,25 L;343154;S-Budget;0,2500;l;,69;2,76;;;0,63;9100000044460;Piæa
TEK.SAPUN BECUTAN 250 ml;343171;Becutan;0,2500;L;3,39;13,56;;;3,39;5310001260798;Kozmetika
MAST PAVLOVIÆ OBITELJSK.100 ml;343172;Pavloviæ;0,1000;L;6,75;67,50;;;6,75;8600101567581;Kozmetika
KREMA NIVEA 150ml;343190;Nivea;0,1500;L;3,15;21,00;;;3,15;4005808801046;Kozmetika
MLIJEKO NIVEA HRANJIVO 500ml ;343195;Nivea;0,5000;L;6,39;12,78;;;6,99;4006000086729;Kozmetika
PIZZA PROSCIUTTO DESPAR 400 g;343202;Despar;0,4000;kg;3,79;9,48;;;3,71;9100000450278;Hrana
PANIRANI PILEÆI MEDALJONI ;343208;Vindija;0,2000;kg;3,35;16,75;;;3,19;3850159141270;Hrana
PANIRANI PILEÆI ODRESCI 200 g;343210;Vindija;0,2000;kg;3,35;16,75;;;3,19;3850159141294;Hrana
ÈET.COLGATE 360°CHARCOA.1+1;343236;Colgate;2,0000;kom;4,99;2,50;;;5,17;8718951197183;Kozmetika
OSVJ.WC ARF LEMON 2X55 g;343239;Arf;0,1100;kg;3,99;36,27;;;3,99;3850105174895;Sredstva za èišæenje
WC OSVJEŽIVAÈ ARF PINE 2X55 g ;343240;Arf;0,1100;kg;3,95;35,91;;;3,95;3850105174987;Sredstva za èišæenje
OSVJ.WC ARF BLUE DEZIC.2X33 g ;343241;Arf;0,0660;kg;3,99;60,45;;;3,99;3850105174956;Sredstva za èišæenje
REBRA DIMLJENA VP S BUDGET;343250;S-Budget;1,0000;kg;9,99;9,99;;;8,59;3856021211720;Hrana
PESTO POLLI GENOVESE 190 g;343270;Polli;0,1900;kg;2,99;15,74;;;3,19;8001310810626;Hrana
LIGNJA PATAGONICA  S-BUD.400 g;343272;S-BUDGET;0,4000;kg;6,49;16,23;;;6,99;3856021211478;Hrana
LIGNJUN PACIF. S-BUDGET 360 g;343273;S-Budget;0,3600;kg;3,19;8,86;;;4,99;3856021211454;Hrana
SP ÈETKA ZA PRANJ.POSUÐA 28020;343277;Splendid;1,0000;kom;1,69;1,69;;;1,72;9100000897486;Proizvodi za kuæanstvo
SP ÈETKA ZA PRANJ.POSUÐA 27665;343278;Splendid;1,0000;kom;1,49;1,49;;;1,49;9100000546841;Proizvodi za kuæanstvo
ÈETK.ZUBE ELMEX ULTRA SOFT 2/1;343292;Elmex;2,0000;KOM;8,09;4,05;;;7,99;8718951188235;Kozmetika
STUDENTSKI MI. NATUR PUR 300 g;343324;Natur pur;0,3000;kg;4,59;15,30;;;4,31;9100000842950;Hrana
GOVEÐA KOB.BOÐIRKOVIÆ 175 g ;343327;Boðirkoviæ;0,1750;kg;4,99;28,51;;;4,64;3858892821022;Hrana
CRNI BAKALAR SPAR 450 g;343351;SPAR;0,3600;kg;5,99;16,64;;;5,99;3856021211652;Hrana
SP KRPE VL.ZA ÈIŠ.PODA 20/1 ;343361;Splendid;1,0000;kom;2,29;2,29;;;2,29;9100000939353;Proizvodi za kuæanstvo
NAPOLITANKE GULL.ÈOK.BŠ.180 g;343384;Gullon;0,1800;kg;3,49;19,39;;;3,49;8410376043365;Hrana
ZOBENE PAHULJICE FREE FR.500 g;343389;SPAR free from;0,5000;kg;3,19;6,38;;;3,19;9100000861753;Hrana
KEKS FREE FROM MASLAC 200 g;343390;SPAR free from;0,2000;kg;3,39;16,95;;;3,39;9100000861791;Hrana
DIREKT MULT.C/CINK 15/1 37,5 g;343395;Multivita;0,0380;kg;4,99;131,32;;;3,79;3858881248816;Hrana
KEKS DELICIA CACAO BŠ 125 g;343398;Delicia;0,1250;kg;3,59;28,72;;;3,59;3859889106184;Hrana
KEKS DELICIA DETOX  BŠ.125 g;343399;Delicia;0,1250;kg;3,29;26,32;;;3,29;3859889106160;Hrana
GEL MEDIHELP DEZINF.RUKU 50 ml;343409;MediHelp;0,0500;L;0,99;19,80;;;0,99;9100000894393;Kozmetika
PUNJENA JUN. PLJESKAVICA SIR ;343420;;0,4000;kg;5,29;13,23;;;4,59;3859893373152;Hrana
TAB.SPLENID ZA PER.RUB.3X20 g ;343456;Splendid;0,0600;kg;1,99;33,17;;;2,12;9100000727028;Sredstva za èišæenje
TAB.SPLENID ZA PER.SUÐ.3X20 g ;343457;Splendid;0,0600;kg;2,12;35,33;;;2,12;9100000727004;Sredstva za èišæenje
REG.GLISS SPLIT END MIR.200 ml;343479;Gliss;0,2000;L;2,35;11,75;;;4,69;9000101287172;Kozmetika
REG.GLISS EXPRESS REPA.200 ml;343480;Gliss;0,2000;L;2,75;13,75;;;5,59;9000101287233;Kozmetika
DIMLJENA KOLJENICA S BUDGET;343493;S-Budget;1,0000;kg;6,79;6,79;;;6,79;3856021211737;Hrana
DIMLJENA KRAÈICA S BUDGET;343494;S-Budget;1,0000;kg;6,39;6,39;;;6,39;3856021211751;Hrana
DIMLJENI PRSNI VRŠCI S BUDGET;343495;S-Budget;1,0000;kg;7,49;7,49;;;7,49;3856021211744;Hrana
ÈAJNO PECIVO  S BUDGET 1 kg;343514;S-BUDGET;1,0000;kg;3,48;3,48;;;3,29;3856021210655;Hrana
SPR.SPLENDID ZA DEZINFE.250 ml;343528;Splendid;0,2500;L;1,89;7,56;;;1,89;9100000894911;Sredstva za èišæenje
GUSKA SVJEŽA VRTOVI HRVATSKE;343534;SPAR Vrtovi Hrvatske;1,0000;kg;9,99;9,99;;;9,99;3856021211515;Hrana
SIR SVJ.S VRHNJEM MEGGLE 450 g;343546;Meggle;0,4500;kg;3,19;7,09;;;2,99;3870085020258;Hrana
SIR SVJEŽI MEGGLE 7% MM 450 g;343547;Meggle;0,4500;kg;2,55;5,67;;;2,55;3870085020227;Hrana
PEL.DESPAR ZA INKONTINEN.8/1;343575;Despar;8,0000;kom;5,39;0,67;;;5,3;8001300820598;Toaletne potrepštine
SENF THOMY STAKLO 340 g;343576;Thomy;0,3400;kg;3,39;9,97;;;3,39;7613287203786;Hrana
CEDEVITA CRVENA NARANÈA 200 g;343702;Cedevita;0,2000;kg;2,09;10,45;;;2,09;3850322014523;Piæa
BOJA GLISS COLOR 1-0;343704;Gliss;1,0000;kom;5,99;5,99;;;5,99;9000101260823;Kozmetika
ÈOKOLADA KRAŠ RUNOLIST 100 g;343720;Kraš;0,1000;kg;1,49;14,90;;;1,99;3850102514830;Hrana
JUHA MAGGI PILEÆA 37 g;343736;Maggi;0,0370;kg;0,75;20,27;;;0,75;7613287319746;Hrana
LIKER PATRIK VIŠNJA 0,2 L;343746;Patrik;0,2000;L;7,09;35,45;;;6,42;3859890672876;Piæa
LIKER PATRIK MEDOVAÈA 0,2 L;343749;Patrik;0,2000;L;5,99;29,95;;;6,42;3859890672852;Piæa
LIKER PATRIK BOROVNICA 0,2 L;343750;Patrik;0,2000;L;6,42;32,10;;;5,89;3859890672869;Piæa
RAKIJA PATRIK TRAVARICA 0,2 L;343752;Patrik;0,2000;L;5,99;29,95;;;5,89;3859890672883;Piæa
TONIC THOM.HENRY BLOSSOM 0,2 L;343767;;0,2000;l;2,29;11,45;;;2,29;4251760800096;Piæa
TONIC TH.HEN.SPICY GINGE.0,2 L;343774;;0,2000;l;2,29;11,45;;;2,29;4251760800065;Piæa
TONIC THOM.HEN.PINK GRAP.0,2 L;343775;;0,2000;l;2,29;11,45;;;2,29;4251760800119;Piæa
TONIC WATER THOMAS HENRY 0,2 L;343776;;0,2000;l;2,19;10,95;;;2,29;4251760800041;Piæa
VINO CHIANTI FREIXENET 0,75 L;343779;Freixenet;0,7500;L;10,02;13,36;;;10,02;8410036808419;Piæa
VINO ROSE FREIXENET 0,75 L;343780;Freixenet;0,7500;L;10,02;13,36;;;9,59;8410036808396;Piæa
VINO PINOT G.FREIX.ENET 0,75 L;343783;Freixenet;0,7500;L;10,02;13,36;;;10,02;8410036808433;Piæa
PROSECCO I HEART FREIX.0,75 L;343784;Freixenet;0,7500;L;8,99;11,99;;;8,99;5060215330779;Piæa
P.P.VINO 0,75 L+2ÈAŠE;343786;;0,7500;L;8,62;11,49;;;8,62;3859889132053;Piæa
KREKER CHIO 100 g;343929;Chio;0,1000;kg;;10,90;1,09;1,29;1,29;4000522060731;Hrana
KREMA NIVEA HYALURON MEN 50 ml;343968;Nivea;0,0500;L;19,99;399,80;;;19,99;9005800340883;Kozmetika
MILERAM SPAR  22%m.m 900 g;343971;SPAR;0,9000;kg;3,99;4,43;;;3,99;3856021210761;Hrana
DVOPEK NATUREL INTEGRALNI 330g;344032;Naturel;0,3300;kg;2,45;7,42;;;2,45;3858889365263;Hrana
DVOPEK NATUREL CLASSIC 330 g;344034;Naturel;0,3300;kg;2,45;7,42;;;2,45;3858889365256;Hrana
KOKICE CHIO MASLAC 80 g;344063;Chio;0,0800;kg;1,19;14,88;;;1,19;3856021303593;Hrana
POSLASTICA ZA MAÈKE MOL.150 g;344073;Molly;0,1500;kg;1,69;11,27;;;1,69;9100000898988;Proizvodi za kuæanstvo
POSLAST.ZA PSE SCOT.PER.10X5 g;344074;Scotty;0,0500;kg;1,59;31,80;;;1,59;9100000868394;Proizvodi za kuæanstvo
POSLAST.ZA PSE SCOT.ŠUN.10X5 g;344075;Scotty;0,0500;kg;1,59;31,80;;;1,59;9100000868370;Proizvodi za kuæanstvo
HRANA ZA PSE SCOTTY 12X100 g;344076;Scotty;1,2000;kg;4,99;4,16;;;4,99;9100000868356;Proizvodi za kuæanstvo
UMAK GO TAN CHILI LJUTI 270 ml;344077;Go-tan;0,2700;l;3,59;13,30;;;4,79;8710605030280;Hrana
PIVO HP GOLD LIMENKA 0,5 L;344095;Paulaner;0,5000;L;;2,98;1,49;1,78;1,78;4004866222329;Piæa
PIVO HP WEISS LIMENKA 0,5 L;344097;Paulina;0,5000;L;;2,98;1,49;1,78;1,78;4004866362605;Piæa
PIVO HP KELLER LIMENKA 0,5L;344098;Paulaner;0,5000;L;;2,98;1,49;1,78;1,78;4004866220639;Piæa
VANIL.KIFLICE S BUDGET 400 g;344099;S-BUDGET;0,4000;kg;;4,23;1,69;1,99;1,99;3856021210679;Hrana
PIVO POSAVSKO SVIJ.0,5 L BOCA;344100;;0,5000;L;2,12;4,24;;;2,02;3859893368615;Piæa
JABUÈNA DIJETA ENCIAN 20/1;344126;Encian;20,0000;kom;6,99;0,35;;;6,99;3858890104608;Hrana
DET.MERI MERINO COLOR 2,7 L;344132;Meri Merino;2,7000;l;4,89;1,81;;;4,64;3850111105791;Sredstva za èišæenje
DET.MERI MERINO BLACK 2,7 L;344133;Meri Merino;2,7000;l;4,89;1,81;;;4,64;3850111105784;Sredstva za èišæenje
Donut cimet s nadj.od jabu.65g;344141;;0,0650;kg;0,62;9,54;;;0,62;8590325507770;Hrana
MAGNEZIJEV CITRAT RAAB 200g;344171;;0,2000;kg;14,99;74,95;;;13,59;4019839840318;Hrana
MAGNEZIJEV CITRAT RAAB 90/1;344242;;90,0000;kom;16,99;0,19;;;15,99;4019839840301;Hrana
DET.MERI MERINO SENSITIV.2,7 L;344243;Meri Merino;2,7000;l;4,89;1,81;;;4,64;3850111105807;Sredstva za èišæenje
EKO TINKTU. KOR.MASLAÈKA 50 ml;344272;Darvitalis;0,0500;L;14,29;285,80;;;14,29;3858890830811;Hrana
EKO TINKTURA MACA 50 ml;344274;Darvitalis;0,0500;L;14,29;285,80;;;14,29;3858890833591;Hrana
EKO TINKTURA VRKUTA 50 ml;344275;Darvitalis;0,0500;L;13,99;279,80;;;13,99;3858890833386;Hrana
EKO TINKTURA ASHWAGANDHA 50 ml;344276;Darvitalis;0,0500;L;13,99;279,80;;;13,99;3858890833720;Hrana
SPUŽVA PJENASTA ABRAZIVNA 4/1;344282;;4,0000;kom;1,98;0,50;;;1,98;3872292011371;Proizvodi za kuæanstvo
VITAMIN B12 GREEN LAB 30 ml;344325;;0,0300;L;10,79;359,67;;;10,79;3858891761985;Hrana
VITAMIN D3 GREEN LAB 30 ml;344334;;0,0300;L;10,79;359,67;;;10,79;3858891761992;Hrana
EKSTRAKT PRO.I SJ.GREJPA 50 ml;344338;;0,0500;L;9,29;185,80;;;9,29;3858891762463;Hrana
SLEEP WELL GREEN LAB 25 ml;344344;;0,0250;L;11,99;479,60;;;11,99;3858891762029;Hrana
K2D3 FORTE GREEN LAB 30 ml;344345;;0,0300;L;11,99;399,67;;;11,99;3858891762005;Hrana
IMUNO ZINC COMPLEX.GREEN 25 ml;344346;;0,0250;L;10,69;427,60;;;10,61;3858891762425;Hrana
LESS STRESS GREEN LAB 25 ml;344347;;0,0250;L;10,69;427,60;;;10,61;3858891762388;Hrana
Q10 ULTRA GREEN LAB 27 ml;344349;;0,0270;L;13,29;492,22;;;13,27;3858891762012;Hrana
PSYLLIUM LJUSK.GREEN LAB 200 g;344350;GREEN LAB;0,2000;kg;9,29;46,45;;;9,29;3859893018343;Hrana
SODA BIKARBONA GREEN LAB 400 g;344352;;0,4000;kg;1,99;4,98;;;1,99;3859893018725;Hrana
MACA GREEN LAB PRAH 150 g;344353;;0,1500;kg;7,99;53,27;;;7,99;3858891761565;Hrana
MAGNEZIJ NIGARI GREEN 300 g;344405;;0,3000;kg;3,99;13,30;;;3,99;3858891760506;Hrana
KAŠICA FRUTEK JAB.BAN.190 g;344412;Fructal;0,1900;kg;1,75;9,21;;;1,75;3838945034265;Hrana
KAVA U ZRNU JULI.ME.ARAB.500 g;344458;JULIUS MEINL;0,5000;kg;19,59;39,18;;;17,99;9000403800468;Piæa
ŽELE ZELENI DR.OETKER 150 g;344475;Dr. Oetker;0,1500;kg;0,85;5,67;;;0,85;4023600014235;Hrana
ŽELE OKUS MALINA DR.OETK.150 g;344476;;0,1500;kg;0,85;5,67;;;0,85;4023600014211;Hrana
KAPI JODA KERNELL 30 ml;344487;;0,0300;L;13,99;466,33;;;13,27;3859893018466;Hrana
KAPI EKSTRAKT SJEM.GREJ. 30 ml;344490;;0,0300;L;10,69;356,33;;;9,29;3859892472610;Hrana
MLIJ.SVJEŽ.S BUDG.3,2% M.M.1 L;344492;S-Budget;1,0000;L;0,99;0,99;;;0,99;3856021210860;Hrana
ULJE CRNOG KIMA KERNNEL 30 ml;344494;;0,0300;L;8,39;279,67;;;7,59;3859892472689;Hrana
ULJE RICINUSA KERNNEL 50 ml;344497;;0,0500;L;4,29;85,80;;;3,99;3859893018534;Hrana
VITAMIN B12 KERNNEL 32 ml;344499;;0,0320;L;12,49;390,31;;;11,99;3858891760711;Hrana
ULJE NOÆURKA KERNNEL 30 ml;344502;;0,0300;L;8,99;299,67;;;8,22;3859892472696;Hrana
VITAMIN D3 KERNNEL 20 ml;344503;;0,0200;L;13,99;699,50;;;13,27;3858891760780;Hrana
MASL.S JOGURTOM BIO N.P.250 g;344550;Spar Natur pur;0,2500;kg;3,19;12,76;;;3,49;9100000899053;Hrana
KRUH DESPAR SA ŽITARICAMA 400g;344581;Despar;0,4000;kg;1,29;3,23;;;1,44;8001300502012;Hrana
P.P.5TH ELEMNT 3/1 0,5 L;344615;;1,5000;L;6,59;4,39;;;6,59;3859893750335;Piæa
Kupus bijeli S Budget rfs;344619;S-BUDGET;1,0000;kg;0,69;0,69;;;0,79;3858885876169;Hrana
SIR KREM ABC S VLASCEM 200 g;344622;Belje;0,2000;kg;2,39;11,95;;;2,39;3850257060770;Hrana
Kupus crveni S Budget rfs;344623;;1,0000;kg;0,89;0,89;;;1,19;3858885876718;Hrana
Mrkva S Budget  rfs;344624;S-BUDGET;1,0000;kg;0,79;0,79;;;0,89;3858885876923;Hrana
KUPUS KISELI REZ.VH 740 g;344629;SPAR Vrtovi Hrvatske;0,6000;kg;1,79;2,98;;;1,79;3856021211805;Hrana
SIR KREM ABC FIT 100 g;344631;Belje;0,1000;kg;1,15;11,50;;;1,35;3850257060749;Hrana
NAPOL.S-BUD. MIGNON LJEŠ.400 g;344632;S-Budget;0,4000;kg;2,95;7,38;;;3,79;9100000900094;Hrana
DRESSING KRAUTER DEVEL.230 ml;344638;Develey;0,2300;L;2,49;10,83;;;2,49;4006824991490;Hrana
DRESSING JOGHURT DEVEL.230 ml;344639;Develey;0,2300;L;2,49;10,83;;;2,49;4006824991698;Hrana
PASTILE ZA GRLO KIM KURK.24/1;344675;BIOSEPT;24,0000;kom;5,29;0,22;;;5,3;3856023202788;Hrana
JUHA MAGGI GOVEÐA 37 g;344676;Maggi;0,0370;kg;0,75;20,27;;;0,75;7613287314949;Hrana
PASTILE ZA GRLO MEN.EUKAL.24/1;344678;BIOSEPT;24,0000;kom;5,29;0,22;;;5,3;3856023202795;Hrana
KAPSULE JAB.OCAT KOPRIVA 60/1;344682;Biofarm;60,0000;kom;9,29;0,15;;;9,29;3858885151631;Hrana
KAPSULE KOLAGEN VITAMIN C 60/1;344684;Biofarm;60,0000;kom;13,99;0,23;;;13,99;3858885154670;Hrana
KAPSULE MAGNEZIJ BIOFARM 60/1;344687;Biofarm;60,0000;kom;8,09;0,13;;;8,09;3858885154779;Hrana
PP ZMAJSKI 6-PACK 6/0,33L;344719;;1,9800;L;;5,05;9,99;10,49;10,67;3859893414954;Piæa
DŽEM NATUR PUR MARELICA 330 g;344778;Natur pur;0,3300;kg;2,79;8,45;;;2,79;9100000903033;Hrana
DŽEM NATUR PUR JAGODA 330 g ;344787;Natur pur;0,3300;kg;2,79;8,45;;;2,79;9100000903057;Hrana
SAVIJ.LEDO VAN/ÈOK/NOU.450 g;344836;Ledo;0,4500;kg;3,99;8,87;;;4,19;3850116036656;Hrana
INST.KAVA NES.CLASSI.200g+ŠAL.;344875;Nescafe;0,2000;kg;9,99;49,95;;;9,49;7613287579430;Piæa
NEKTAR SPAR  KRUŠKA  25% 1 L;344881;SPAR;1,0000;l;1,35;1,35;;;1,35;5999033885256;Piæa
API BRONHIAL SIRUP 200 ml;344883;MEDO-FLOR;0,2000;L;3,99;19,95;;;4,99;3859888378414;Hrana
PALENTA DESPAR ŽUTA 1 kg;344886;Despar;1,0000;kg;0,89;0,89;;;0,89;8001300400660;Hrana
APIMIX CLASSIC 216 g;344889;MEDO-FLOR;0,2160;kg;5,69;26,34;;;5,69;3859892827007;Hrana
API-GOLD IMUNAL 250 g;344891;MEDO-FLOR;0,2500;kg;6,39;25,56;;;6,39;3859888378117;Hrana
BRONHO-VITAL 250 g;344892;MEDO-FLOR;0,2500;kg;4,49;17,96;;;4,49;3859888378773;Hrana
PASTILE MAT.MLIJEÈ FORTE 16/1;344900;MEDO-FLOR;16,0000;kom;4,99;0,31;;;4,99;3859892827052;Hrana
SIR RICOTTA S BUDGET 400 g;344906;S-Budget;0,2500;kg;1,99;7,96;;;1,99;8056149086353;Hrana
ULOŠ.LIBRESSE ULTRA NIGHT 16/1;344915;Libresse;16,0000;KOM;1,99;0,12;;;1,99;7322540960273;Toaletne potrepštine
PJEN.CANEL.LIDO PROSEC.0,75 L;344929;Canella;0,7500;L;11,62;15,49;;;11,62;8006233101523;Piæa
BACARDI SPICED 0,7 L;344932;Bacardi;0,7000;L;18,49;26,41;;;18,02;7610113007518;Piæa
VINO BABIÆ VRHUNSKI 0,75 L;344934;Babic;0,7500;L;16,02;21,36;;;16,02;3858892460245;Piæa
PJ.PROSECCO ROSE CHIVA 0,75 L;344939;;0,7500;L;12,02;16,03;;;12,02;8058333065861;Piæa
ENER.PIÆE SB LUBENICA 0,25 L;344940;S-Budget;0,2500;l;,69;2,76;;;0,63;9100000043784;Piæa
GEL.TU.L´ANGELICA BAZGA 500 ml;344942;L'Angelica;0,5000;L;2,59;5,18;;;2,99;8017331076897;Kozmetika
GEL.T.L´ANGELICA LAVAN.500 ml;344943;L'Angelica;0,5000;L;2,59;5,18;;;2,99;8017331076873;Kozmetika
LIKER PELIN.GORKI PLJOS. 0,2 L;344945;Badel;0,2000;L;3,99;19,95;;;3,78;3850112111654;Piæa
LIKER PELIN.ORANG PLJOS. 0,2 L;344947;Badel;0,2000;L;3,82;19,10;;;3,82;3850112111678;Piæa
ZUB.PASTA BLANX WHITE 75 ml;344955;Blanx;0,0750;L;2,79;37,20;;;2,79;8017331051573;Kozmetika
TRAKICE BLANX O3X 10/1;344958;Blanx;10,0000;kom;13,93;1,39;;;13,93;8017331065587;Kozmetika
BRAŠN.PIZZA NATUR PUR BIO 1 kg;344990;Natur pur;1,0000;kg;1,99;1,99;;;1,99;9100000893853;Hrana
LEDEN.ÈAJ SPAR ZERO LIMUN1,5 L;344993;SPAR;1,5000;l;1,09;0,73;;;1,02;5999138200084;Piæa
LED.ÈAJ SPAR ZERO BRESKV.1,5 L;344994;SPAR;1,5000;l;1,09;0,73;;;1,02;5999138200091;Piæa
INSTANT KAVA FRANCK GOLD 200 g;344995;Franck;0,2000;kg;9,79;48,95;;;9,79;3850291055237;Piæa
ODST.MRLJA SPREJ OPAL 650 ml;344999;Opal;0,6500;l;4,29;6,60;;;4,64;3850111755286;Sredstva za èišæenje
PJENUŠAC FREIX.ROSE ED 0,75 L;345004;Freixenet;0,7500;L;11,99;15,99;;;11,99;8410036001094;Piæa
DEO SPR.AXE DARK XXL 250 ml;345008;Axe;0,2500;L;6,99;27,96;;;6,49;8720181047749;Kozmetika
DEO SPR.AXE BLACK XXL 250 ml;345012;Axe;0,2500;L;6,99;27,96;;;6,49;8720181047725;Kozmetika
GEL TUŠ.AXE ICE CHILL 400 ml;345016;Axe;0,4000;L;4,99;12,48;;;4,99;8717163648667;Kozmetika
VINO VRANAC 1 L PLATINUM;345020;;1,0000;L;4,28;4,28;;;4,28;3899003001438;Piæa
VINO PINOT SI.KAL.0,75 L   VRH;345025;Kalazic;0,7500;L;5,98;7,97;;;5,98;3858886364719;Piæa
VINO HILLINGER BIJELO 0,75 L;345035;Ekskluzivno za SPAR;0,7500;L;5,34;7,12;;;5,34;9008674007777;Piæa
TJESTENINA FREE FR.TAGL.250 g;345050;SPAR free from;0,2500;kg;2,49;9,96;;;2,49;8001300440178;Hrana
TUNA SALATA RIO MARE LEÆ.160 g;345084;Rio Mare;0,1600;kg;4,68;29,25;;;4,68;8004030475021;Hrana
PECIVO BLAGDANSKO 100 g;345091;;0,1000;kg;1,09;10,90;;;0,99;3859888751538;Hrana
DEO STICK AXE BLACK 50 ml;345096;Axe;0,0500;L;2,99;59,80;;;4,59;59086789;Kozmetika
DEO STICK AXE ICE CHILL 50 ml;345097;Axe;0,0500;L;2,99;59,80;;;4,59;59086802;Kozmetika
CAPPUCC. IRISH ARABESCA 200 g;345127;Arabesca;0,2000;kg;2,59;12,95;;;2,59;3858886804154;Piæa
DEO SP.DOVE ACAI BERRY 150 ml;345135;Dove;0,1500;L;5,20;34,67;;;5,20;8720181291418;Kozmetika
JUHA MAGGI ABC TJESTENINA 44 g;345140;Maggi;0,0440;kg;1,09;24,77;;;1,09;7613287204929;Hrana
TIROLSKA S BUDGET 500 g;345176;S-Budget;0,5000;kg;3,59;7,18;;;3,59;3856021211492;Hrana
GRAH DESPAR CRVENI 3X150 g;345181;Despar;0,4200;kg;2,59;6,17;;;2,59;8001300242482;Hrana
DJEÈJE MLIJEKO APTAM.2+ 800 g;345185;Aptamil;0,8000;kg;19,69;24,61;;;19,69;4056631003794;Hrana
DJEÈJE MLIJEKO APTAM.1+ 800 g;345190;Aptamil;0,8000;kg;19,69;24,61;;;19,69;4056631003770;Hrana
MINERALNA VODA/SOK BEBI.500 ml;345196;Bebivita;0,5000;L;1,59;3,18;;;1,42;4018852032786;Piæa
BILJNA ZAMJ.ZA JAJA VEG.200g;345210;SPAR Veggie;0,2000;kg;3,99;19,95;;;3,99;9100000447018;Hrana
DET.ÈARLI CLASSIC 450 ml;345221;Èarli;0,4500;l;1,29;2,87;;;1,29;3850111304125;Sredstva za èišæenje
DET.ÈARLI ORIGINAL 450 ml;345225;Èarli;0,4500;l;1,29;2,87;;;1,29;3850111304309;Sredstva za èišæenje
DET.ÈARLI CLASSIC 900 ml;345226;Èarli;0,9000;l;2,09;2,32;;;2,55;3850111304132;Sredstva za èišæenje
NAPITAK ALPRO PROTEIN ÈOK.1 L;345227;Alpro;1,0000;L;3,99;3,99;;;3,99;5411188130055;Piæa
DIMLJENA VRATINA cca. 750 g;345232;Andro;1,0000;kg;10,99;10,99;;;11,99;3858892820360;Hrana
REFILL GLADE OCEAN 269 ml;345257;Glade;0,2690;L;7,39;27,47;;;8,69;5000204001006;Sredstva za èišæenje
REFILL GLADE VANILIJA 20 ml;345258;Glade;1,0000;kom;5,49;5,49;;;6,69;5000204332629;Sredstva za èišæenje
HRANA ZA STERI.MAÈKE ONE 750 g;345260;One;0,7500;kg;5,59;7,45;;;5,59;7613038761602;Proizvodi za kuæanstvo
REFILL GLADE RELAXING ZEN 20ml;345261;Glade;1,0000;kom;5,69;5,69;;;6,69;5000204332537;Sredstva za èišæenje
HRANA ZA STERI.MAÈKE ONE 750 g;345262;One;0,7500;kg;5,59;7,45;;;5,59;7613287002662;Proizvodi za kuæanstvo
HRANA ZA ODRAS.MAÈKE ONE 750 g;345263;One;0,7500;kg;5,59;7,45;;;5,59;7613038761664;Proizvodi za kuæanstvo
HRA.ZA MAÈ.GOUR.GOLD ZEÈ.85 g;345265;Gourmet;0,0850;kg;0,89;10,47;;;0,92;7613032816797;Proizvodi za kuæanstvo
DEO STICK REXONA I.POWER 50 ml;345266;Rexona;0,0500;L;2,79;55,80;;;2,99;59085751;Kozmetika
SIR ŠPIN U ORAH.LIŠÆ.CCA.450 g;345272;;1,0000;kg;39,99;39,99;;;39,99;3858881196254;Hrana
KAŠICA FRUT.JAB.ŠLJ.JEÈ.190 g;345274;Fructal;0,1900;kg;1,75;9,21;;;1,75;3838945034258;Hrana
GAZ.PIÆE SP LIMUN MENTA 0,33 L;345275;Sanpellegrino;0,3300;l;1,79;5,42;;;1,99;8002270556852;Piæa
KAŠICA FRUTEK JABUKA BIO 190 g;345283;Fructal;0,1900;kg;1,75;9,21;;;1,75;3838945016445;Hrana
PIVO KROMB.WEIZEN 0,5 L BOCA;345299;Krombach;0,5000;L;1,79;3,58;;;1,85;4008287762020;Piæa
PIVO KROMB.PILS 0,5 L LIMENKA;345300;Krombach;0,5000;L;1,52;3,04;;;1,52;4008287944020;Piæa
PIVO KROM.WEIZEN 0,5 L LIMENKA;345301;Krombach;0,5000;L;1,62;3,24;;;1,62;4008287905786;Piæa
PIVO KROMB.PILS BOCA 0,5 L;345303;Krombach;0,5000;L;1,75;3,50;;;1,79;4008287054224;Piæa
ÈOKOLADA KINDER DELICE C. 37 g;345381;Kinder;0,0370;kg;0,85;22,97;;;0,79;8000500355138;Hrana
ÈOKOLADNI CHEESECAKE 460 g;345396;Latica;0,4600;kg;6,63;14,41;;;6,63;3850261355404;Hrana
TUNA AQ FILETI SL.VODA 105 g;345403;Adriatic Queen;0,0756;kg;4,79;63,36;;;3,89;3850160120806;Hrana
KEKSI KINDER CARDS 26 g;345417;Kinder;0,0260;kg;0,99;38,08;;;0,69;80874652;Hrana
MLI.SUN KISS JUNIOR ZF50 200ml;345496;Sun Kiss;0,2000;L;6,59;32,95;;;6,63;9100000053226;Kozmetika
MLIJEKO SUN KISS F20 200ml;345497;Sun Kiss;0,2000;L;4,64;23,20;;;4,64;9100000838625;Kozmetika
DET.ÈARLI KAMILICA 450 ml;345502;Èarli;0,4500;l;1,29;2,87;;;1,29;3850111304149;Sredstva za èišæenje
DET.ÈARLI KAMILICA 900 ml;345503;Èarli;0,9000;l;2,09;2,32;;;2,55;3850111304156;Sredstva za èišæenje
DET.ÈARLI CLASSIC 1,35 L;345504;Èarli;1,3500;l;2,99;2,21;;;3,49;3850111304200;Sredstva za èišæenje
DET.ÈARLI KAMILICA 1,35 L;345505;Èarli;1,3500;l;2,99;2,21;;;3,49;3850111304187;Sredstva za èišæenje
GEL ÐENTELMAN MEN JAJOP.100 ml;345509;Biobaza;0,1000;L;3,99;39,90;;;3,96;3856020907006;Toaletne potrepštine
ULOŠCI COSMEA BIO NORMAL 33/1;345567;COSMEA;33,0000;KOM;2,25;0,07;;;2,25;4000576021504;Toaletne potrepštine
ULO.COSM.BIO ULTRA NORMAL 16/1;345571;COSMEA;16,0000;kom;2,25;0,14;;;2,25;4000576034740;Toaletne potrepštine
SP UŽE ZA SUŠENJE RUBLJA 28084;345584;Splendid;1,0000;kom;2,99;2,99;;;2,99;9100000898940;Proizvodi za kuæanstvo
COCTAIL BATIDA ANANAS 0,25 L L;345593;;0,2500;L;2,99;11,96;;;3,19;4003310018181;Piæa
COCTAIL BATIDA MARAC.0,25 L LI;345594;;0,2500;L;3,19;12,76;;;3,19;4003310017177;Piæa
VRH.ZA KUH.MEGGLE 20%MM 200 ml;345604;Meggle;0,2000;L;1,59;7,95;;;1,49;3870085021811;Hrana
ULOŠ.PAMINA X-LARGE 26/1;345607;Pamina;26,0000;kom;1,39;0,05;;;1,35;9100000946955;Toaletne potrepštine
MLIJEKO UHT 2,8%+VIT.D TE 1 L;345677;Z Bregov;1,0000;L;0,94;0,94;;;1,02;3850108021295;Hrana
DALMATINSKI PRŠUT 80 g MAJSTOR;345685;Podravka;0,0800;kg;3,69;46,13;;;3,59;3856020245580;Hrana
SIR TOPLJENI S MEDVJ.LU.140 g ;345691;Zdenka;0,1400;kg;2,19;15,64;;;2,25;3858888598549;Hrana
SIR TOPLJEN.S KOBASICOM 140 g ;345692;Zdenka;0,1400;kg;2,19;15,64;;;2,25;3858888598518;Hrana
WC ÈETKA POLIRESIN TENDANCE;345695;;1,0000;kom;17,19;17,19;;;12,03;3664323135503;Proizvodi za kuæanstvo
WC ÈETKA POLIRESIN TENDANCE;345699;;1,0000;kom;15,92;15,92;;;15,92;3700462491619;Proizvodi za kuæanstvo
DAGNJE DIMLJ.U ULJU BEK 100 g;345753;;0,0600;kg;3,69;61,50;;;3,69;3859892100933;Hrana
KOZICE DIM.U ULJU BEK P.100 g ;345754;Bek Pušnica;0,0600;kg;4,69;78,17;;;4,64;3859892100926;Hrana
ENJOY SALATA ZEL.SLAN.SIR 150g;345799;SPAR enjoy;0,1500;kg;2,49;16,60;;;2,59;3856021218149;Hrana
KAVA ARABE.FILTER CLASS. 250 g;345812;Arabesca;0,2500;kg;6,89;27,56;;;6,89;3858886803843;Piæa
SALVETE 33x33cm SMILING FACE;345826;;20,0000;kom;2,25;0,11;;;2,25;8591199826752;Proizvodi za kuæanstvo
Sir Maasdam kolut 45%m.m.;345848;;1,0000;kg;9,99;9,99;;;9,99;3830019420356;Hrana
CROISSANT S-BUDGET KAKAO 450 g;345920;S-BUDGET;0,4500;kg;2,69;5,98;;;2,45;3856021211591;Hrana
CROISS.S-BUDG.KAKAO/VAN.450 g;345927;S-BUDGET;0,4500;kg;2,69;5,98;;;2,45;3856021211614;Hrana
PEL.VIOLETA PREMIUM COTTO 44/1;346004;Violeta;44,0000;kom;7,99;0,18;;;12,99;3870128024342;Toaletne potrepštine
PEL.VIOLETA PREMIUM COTTO 64/1;346008;Violeta;64,0000;kom;11,39;0,18;;;13,35;3870128024373;Toaletne potrepštine
TEK.SAP.BEAUTY KISS REFIL 1 L;346046;Beauty Kiss;1,0000;L;1,89;1,89;;;1,89;9100000897196;Kozmetika
TEK.SAP.BEAUTY KISS REFIL 1 L;346047;Beauty Kiss;1,0000;L;1,89;1,89;;;1,89;9100000894539;Kozmetika
SODA BIKARBONA S-BUDGET 200 g;346080;S-BUDGET;0,2000;kg;0,49;2,45;;;0,49;3856021210884;Hrana
SODA BIKARBONA S-BUDGET 500 g;346081;S-Budget;0,5000;kg;0,99;1,98;;;0,99;3856021210907;Hrana
LED.ÈAJ JANA MALINA-HIBI.1,5 L;346107;Jana;1,5000;l;;0,97;1,45;1,69;1,69;3858890876321;Piæa
LED.ÈAJ JANA MALINA-HIBI.0,5 L;346110;Jana;0,5000;l;1,19;2,38;;;1,19;3858890876390;Piæa
PEL.PAMPERS ABD S2 MAXI  76/1 ;346117;Pampers;76,0000;kom;;0,21;15,89;21,23;21,23;8006540045596;Toaletne potrepštine
PEL.GAÆI.PAMPERS JUM 38/1;346119;Pampers;38,0000;kom;14,99;0,39;;;14,99;8006540069387;Toaletne potrepštine
FLIPS SMOKI TORTILJA CLAS.90 g;346134;Smoki;0,0900;kg;1,42;15,78;;;1,27;8600939510506;Hrana
VINO APOSTOL TRAMINAC 0,75 L;346142;;0,7500;L;7,49;9,99;;;7,33;3859892430061;Piæa
VINO PINKERT CAB.S.VRH.0,75 L;346147;;0,7500;L;12,28;16,37;;;12,28;3859893463396;Piæa
VINO PINKERT CUVEE VRH.0,75 L;346149;;0,7500;L;10,32;13,76;;;10,32;3859893463402;Piæa
SIR MOZZARELLA BIO NP 125 g;346150;Natur pur;0,1250;kg;1,79;14,32;;;1,79;9100000910468;Hrana
MAJONEZA DELIKT.ZVIJEZDA 620 g;346163;Zvijezda;0,6200;kg;5,29;8,53;;;4,99;3856015321879;Hrana
VINO HILLING.SMALL H.BI.0,75 L;346166;Ekskluzivno za SPAR;0,7500;L;8;10,67;;;8;9008674007654;Piæa
VINO HILLING.SH CRNO 0,75 L;346167;Ekskluzivno za SPAR;0,7500;L;8;10,67;;;8;9008674007715;Piæa
RUM HAVANA ESPEC. 0,7 L 37,5%;346171;;0,7000;L;18,89;26,99;;;18,34;8501110086196;Piæa
TONIK FEVER TR.GINGE.ALE 0,5 L;346177;;0,5000;L;;6,98;3,49;4,09;4,29;5060108450287;Piæa
TORTA TOBLERONE ALMONDY 400 g;346180;Toblerone;0,4000;kg;7,19;17,98;;;6,49;7312930010886;Hrana
TORTA MILKA ÈOKO.LJEŠNJ.400 g;346181;;0,4000;kg;7,19;17,98;;;6,49;7312930010145;Hrana
TORTA DAIM ALMONDY 400 g;346182;;0,4000;kg;7,19;17,98;;;6,49;7312930005585;Hrana
DET.ÈARLI ORIGINAL LIMU.900 ml;346201;Èarli;0,9000;l;2,09;2,32;;;2,55;3850111304095;Sredstva za èišæenje
DET.JAR CHAM&VITAMIN 2x900ml;346207;Jar;1,8000;l;;2,49;4,49;5,99;6,79;8001090643162;Sredstva za èišæenje
DET.JAR LEMON 2x900ml;346208;Jar;1,8000;l;;2,49;4,49;5,99;6,79;8001090198068;Sredstva za èišæenje
BU ALU FOLIJA S BUDGET 20m;346229;S-BUDGET;1,0000;kom;1,79;1,79;;;2,99;9100000898483;Proizvodi za kuæanstvo
BU FOLIJA PRIJANJAJUÆA 60m;346234;S-BUDGET;1,0000;kom;1,39;1,39;;;1,99;9100000905990;Proizvodi za kuæanstvo
DRAŽEJE ÈOK.KIKIRI.S BUD.400 g;346247;SPAR;0,4000;kg;4,09;10,23;;;4,19;9100000903019;Hrana
KAPSULE DESPAR INTENSO 112 g;346254;Despar;0,1120;kg;4,49;40,09;;;3,19;8001300502234;Piæa
KAPSULE DESPAR EXTRA BAR 112 g;346255;Despar;0,1120;kg;4,49;40,09;;;3,19;8001300502227;Piæa
MR.MUSCLE KITCHEN GEL 1 L;346262;Mr.Muscle;1,0000;L;7,29;7,29;;;7,29;5000204199604;Sredstva za èišæenje
SLADOLED RAFFAELLO 47 g;346270;Ferrero;0,0470;kg;2,99;63,62;;;2,99;8000500365571;Hrana
SLADOLED RAFFAELLO MULTI.188 g;346273;Ferrero;0,1880;kg;7,49;39,84;;;7,99;8000500363492;Hrana
KREKERI ELEPH.MJEŠ.SJEMEN.80 g;346287;Elephant;0,0800;kg;0,89;11,13;;;1,39;5949040201129;Hrana
PJENUŠAC MINI NEVADA 0,2 L;346288;Freixenet;0,2000;L;;19,95;3,99;4,69;5,29;8410036006297;Piæa
PJ.MINI CORDON NEG.FREIX.0,2 L;346289;Freixenet;0,2000;L;5,59;27,95;;;5,59;8410036009298;Piæa
PAPAR ŠARENI KOTANYI 35 g;346295;Kotanyi;0,0350;kg;4,49;128,29;;;3,99;9001414643969;Hrana
SLANA SRDELA OÈIŠÆENA 320 g;346297;;0,1800;kg;7,99;44,39;;;7,99;3859893545542;Hrana
ZAÈIN PAPAR CRNI MLJEVENI 50 g;346298;Kotanyi;0,0500;kg;2,39;47,80;;;2,12;9001414707371;Hrana
ZAÈIN PAPAR CRNI ZRNO 50 g;346299;Kotanyi;0,0500;kg;2,39;47,80;;;2,12;9001414707364;Hrana
ZAÈ.PAPRIKA SLAT.KOTANYI 150 g;346300;Kotanyi;0,1500;kg;3,05;20,33;;;3,05;9001414008140;Hrana
ZAÈ.ÈEŠNJAK GRANULE KOTA.120 g;346301;Kotanyi;0,1200;kg;4,29;35,75;;;3,79;9001414008133;Hrana
ZAÈ.CIMET MLJEVE.KOTANYI 100 g;346302;Kotanyi;0,1000;kg;4,49;44,90;;;3,99;9001414008126;Hrana
ZAÈ.ORIGANO USITNJ.KOTAN.25 g ;346303;Kotanyi;0,0250;kg;2,29;91,60;;;2,09;9001414008119;Hrana
ZAÈ.KENTUCKY CHICKEN KOT.30 g;346316;Kotanyi;0,0300;kg;1,79;59,67;;;1,69;9001414034651;Hrana
PRAŠ.ZA PEC.VIN.KAM.KOTAN.16 g;346317;Kotanyi;0,0160;kg;0,65;40,63;;;0,92;9001414214909;Hrana
AGARTIN KOTANYI 10 g;346318;Kotanyi;0,0100;kg;1,09;109,00;;;0,92;9001414603017;Hrana
IZOTONIÈNO PIÆE HIDRA UP 0,5 L;346335;;0,5000;l;;2,06;1,03;1,29;1,22;3850131005651;Piæa
KEKS KAKAO PREKRAŠNI 220 g;346349;Kraš;0,2200;kg;2,59;11,77;;;2,59;3850102011230;Hrana
KEKS NOUGAT PREKRAŠNI 220 g;346350;Kraš;0,2200;kg;2,59;11,77;;;2,59;3850102011254;Hrana
KEKS VIŠNJA PREKRAŠNI 220 g;346354;Kraš;0,2200;kg;2,59;11,77;;;2,59;3850102011278;Hrana
ÈOK.ŽIV.CARSTVO MULTIPACK 75 g;346360;Kraš;0,0750;kg;2,79;37,20;;;2,79;3850102010738;Hrana
INST.OBROK TERIYAKI MAGGI 75 g;346365;Maggi;0,0750;kg;1,99;26,53;;;1,99;8445291260078;Hrana
INST.OBROK SWEET CHILI 75 g;346366;Maggi;0,0750;kg;1,99;26,53;;;1,99;8445291260054;Hrana
INST.OB.PILET.SEZAM MAGGI 75 g;346368;Maggi;0,0750;kg;1,99;26,53;;;1,99;8445291259171;Hrana
MLINCI S JAJIMA S BUDGET 250 g;346379;S-BUDGET;0,2500;kg;1,09;4,36;;;0,99;3856021218583;Hrana
ENJOY SHOT ANA.KURKUMA 60 ml;346428;SPAR enjoy;0,0600;L;1,49;24,83;;;1,49;9100000038056;Hrana
ENJOY SHOT JABUKA ÐUMBIR 60 ml;346430;SPAR enjoy;0,0600;L;1,49;24,83;;;1,49;9100000038094;Hrana
SLAD.KING OBSESSION 100 ml;346432;Ledo;0,1000;L;2,79;27,90;;;2,79;3850116037073;Hrana
SLAD.KING CLASSIC 100 ml;346437;Ledo;0,1000;L;2,79;27,90;;;2,79;3850116037134;Hrana
SLADOLED KING DOUBLE 100 ml;346440;Ledo;0,1000;L;2,79;27,90;;;2,79;3850116037165;Hrana
KAVA CREMA FRANCK MLJEV.400 g;346441;Franck;0,4000;kg;8,29;20,73;;;8,29;3850291051956;Piæa
BOJA COLOR NATURALS ZA KO.1.10;346448;Garnier;1,0000;kom;4,99;4,99;;;4,99;3600542362375;Kozmetika
VODA STUDENA IZVORSKA 0,75 L;346449;;0,7500;L;,83;1,11;;;0,75;3856022303134;Piæa
MIC.VODA GARNIER ALOE H.400 ml;346453;Garnier;0,4000;l;7,89;19,73;;;7,59;3600542396608;Kozmetika
MAS.LICE GARNIER ML.SERUM C;346457;Garnier;1,0000;kom;2,99;2,99;;;2,99;3600542380492;Kozmetika
GEL.TU.L´ANGELICA KONOP.500 ml;346500;L'Angelica;0,5000;l;2,59;5,18;;;2,99;8017331076996;Kozmetika
SARDINA FJK MASLIN.ULJE 90 g;346511;Franz Jozef Kaiser;0,0630;kg;;25,24;1,59;1,99;1,99;8595241527758;Hrana
TUNA FJK ODREZ.MAS.ULJE 150 g;346512;Franz Jozef Kaiser;0,1020;kg;;22,65;2,31;2,89;2,89;8595241527901;Hrana
KUK.MIK.PEÆ.CHIO SLANE 80 g;346514;Chio;0,0800;kg;1,19;14,88;;;1,19;3856021303579;Hrana
KUK.MIK.PEÆ.CHIO SLANE 3X80 g;346516;Chio;0,2400;kg;2,79;11,63;;;2,79;3856021303616;Hrana
HRANA ZA PSE S-BUD.GOV.10 kg;346541;S-Budget;10,0000;kg;9,99;1,00;;;8,99;3831115325026;Proizvodi za kuæanstvo
Svinjska rebra HR;346542;;1,0000;kg;6,99;6,99;;;6,99;3850139543148;Hrana
BANJALUÈKI JUNEÆI ÆEVAPÈIÆI ;346546;;0,6000;kg;7,79;12,98;;;6,89;3859893373473;Hrana
GOURMET BURGER 400 g;346547;;0,4000;kg;5,19;12,98;;;4,49;3859893373497;Hrana
ANTIQUE PELINKOVAC LUX 0,7 L;346600;;0,7000;L;;23,56;16,49;17,99;16,39;3850112110596;Piæa
ÈOK.BANANA S BUDGET 280 g;346603;S-Budget;0,2800;kg;2,79;9,96;;;2,99;3856021213656;Hrana
ÈOK.BANANA MINI S BUDGET 150 g;346605;S-Budget;0,1500;kg;1,33;8,87;;;1,79;3856021213618;Hrana
Kajmak Euro-Milk ;346628;;1,0000;kg;13,99;13,99;;;13,99;3859889770361;Hrana
MASKA FRUCTIS WATERMELO.390 ml;346651;Garnier;0,3900;l;7,49;19,21;;;7,49;3600542389488;Kozmetika
ŠAM.FRUCTIS WATERMELON  350 ml;346653;Garnier;0,3500;l;5,39;15,40;;;5,19;3600542397773;Kozmetika
REG.FRUCTIS WATERMELON 350 ml;346656;Garnier;0,3500;l;5,39;15,40;;;5,19;3600542397780;Kozmetika
VOÆ.ORAŠ.MIX SPAR VIT.150 g;346657;SPAR Vital;0,1500;kg;2,09;13,93;;;2,09;3856021217340;Hrana
VOÆ.ORAŠ.MIX  1 ENJOY 60 g;346659;SPAR enjoy;0,0600;kg;,79;13,17;;;0,79;3856021217401;Hrana
VOÆ.ORAŠ.MIX  2 ENJOY 60 g;346662;SPAR enjoy;0,0600;kg;,79;13,17;;;0,79;3856021217425;Hrana
ORAŠASTI MIX 1 SPAR ENJOY 60 g;346663;SPAR enjoy;0,0600;kg;,79;13,17;;;0,79;3856021211195;Hrana
KIKIRIKI PEÈEN NES.VITAL 200 g;346665;SPAR Vital;0,2000;kg;1,79;8,95;;;1,79;3856021217364;Hrana
ORAŠ.MIX 2 SPAR ENJOY 60 g;346669;SPAR enjoy;0,0600;kg;,79;13,17;;;0,79;3856021217388;Hrana
HIDRATANTNI BALZAM OLIVA.75 ml;346681;Olival;0,0750;L;3,69;49,20;;;3,09;3859893186660;Kozmetika
SPREJ RAID AQUA 400 ml;346682;Raid;0,4000;l;5,55;13,88;;;5,55;5000204342499;Proizvodi za kuæanstvo
SPREJ RAID FREEZE 350ml;346688;Raid;0,3500;l;;15,69;5,49;6,49;6,49;5000204203189;Proizvodi za kuæanstvo
PILEÆA KRILA PIKANT;346732;SPAR;1,0000;kg;4,89;4,89;;;4,89;3856021218651;Hrana
PILEÆI MARINIRANI  RAŽNJIÆI;346735;SPAR;1,0000;kg;7,99;7,99;;;7,99;3856021218675;Hrana
ÆEVAPÈIÆI  480 g;346745;SPAR BBQ;0,4800;kg;4,89;10,19;;;4,59;3856021218705;Hrana
MARINIRANA SVINJSKA REBARCA;346746;SPAR BBQ;1,0000;kg;7,89;7,89;;;7,99;3850139521641;Hrana
SLANINA DOBRO VP cca. 350 g;346782;Dobro;1,0000;kg;21,99;21,99;;;21,99;3850133814688;Hrana
RAMA CLASSIC 400 g;346786;Rama;0,4000;kom;2,19;5,48;;;1,99;8719200265097;Hrana
SIR ZRNAT.BIO SPAR 20%MM 200 g;346795;SPAR Natur*pur;0,2000;kg;1,79;8,95;;;1,79;9100000907222;Hrana
KREKERI ELEPHANT SEZAM 180 g;346805;Elephant;0,1800;kg;1,89;10,50;;;1,59;5949040201105;Hrana
KREKERI ELEPHANT SLANI 180 g;346807;Elephant;0,1800;kg;1,89;10,50;;;1,59;5949040201082;Hrana
KEKS DIGEST.McVITIE´S 2x500 g;346809;McVities;1,0000;kg;4,19;4,19;;;4,19;5000396048001;Hrana
MAJONEZA HEINZ SQUEEZE 400 ml;346820;;0,4000;L;;7,98;3,19;3,99;3,99;8715700422510;Hrana
FETA D.O.P.SALAKIS PRES.150 g;346821;Salakis;0,1500;kg;4,09;27,27;;;4,09;3850355006779;Hrana
GRAH S-BUDGET CRVENI 400 g;346830;S-Budget;0,2550;kg;0,79;3,10;;;0,79;9100000718064;Hrana
ORBIT SPER.BOÈ.REFRESHERS 67 g;346845;Wrigley;0,0670;kg;4,19;62,54;;;4,19;4009900536257;Hrana
ORBIT PEPERM.BOÈ.REFRESH.67 g;346846;Wrigley;0,0670;kg;4,19;62,54;;;4,19;4009900536288;Hrana
FULL OF SUNSHINE SOK 330 ml;346852;;0,3300;L;3,9;11,82;;;3,72;3859894312235;Hrana
KUKURUZ KOKIÈAR S-BUDGET 500 g;346861;S-Budget;0,5000;kg;0,99;1,98;;;0,99;3856021211553;Hrana
SREDSTVO SANYTOL 1L;346901;Sanytol;1,0000;L;6,25;6,25;;;5,95;3045206360609;Sredstva za èišæenje
PAP.RUÈ.OLALA BUTLER 3SL 2/1;346914;Olala;2,0000;kom;2,99;1,50;;;5,25;3858893272816;Proizvodi za kuæanstvo
VINO CHARD.CRNOGOR. VRH.0,75 L;346917;;0,7500;L;;6,65;4,99;6,62;6,62;3899003002015;Piæa
OMEKŠ.VIOLETA ORIGINAL 900 ml;346921;Violeta;0,9000;l;2,25;2,50;;;1,99;3870128025967;Sredstva za èišæenje
OMEKŠ.VIOLETA PARADISE 900 ml;346922;Violeta;0,9000;l;2,25;2,50;;;1,99;3870128026087;Sredstva za èišæenje
PJENUŠAC BLANC DE MOI 0,75 L;346931;Agrolaguna;0,7500;L;18,82;25,09;;;18,82;3858881197107;Piæa
VINO CASTELLBLANC VL 0,75 L;346932;Agrolaguna;0,7500;L;13,42;17,89;;;13,42;3858881196834;Piæa
GEL DUREX PLAY FEEL 50 ml;346934;Durex;0,0500;l;6,99;139,80;;;8,29;5038483163603;Toaletne potrepštine
VINO PLAVAC DONJA BANDA 1 L;346935;Postup Peljesac;1,0000;L;5,82;5,82;;;5,82;3859893014253;Piæa
VINO PLAVAC DONJA BANDA 0,75 L;346936;Postup Peljesac;0,7500;L;7,38;9,84;;;7,38;3859893014703;Piæa
VINO PLAVAC VR.DONJA B.0,75 L;346939;Postup Peljesac;0,7500;L;11,95;15,93;;;11,98;3859893014109;Piæa
VINO PAS A P. G.R.ROUGE 0,75 L;346949;;0,7500;L;10,39;13,85;;;8,99;3352260241004;Piæa
VINO CHATE. JANSENANT R.0,75 L;346952;;0,7500;L;9,99;13,32;;;9,32;3336580009230;Piæa
VINO ARIA SKARAMUÈA 0,75 L;346955;Skaramuca;0,7500;L;10,19;13,59;;;10,19;3859888214460;Piæa
PŠENIÈNI TOST 250 g;346968;;0,2500;kg;2,49;9,96;;;2,49;9005300011542;Hrana
VIŠEZRNATI TOST 250 g;346974;;0,2500;kg;2,49;9,96;;;2,49;9005300011566;Hrana
CAPPUCCINO BARCAFF.CHOCO 144 g;346990;Barcaffe;0,1440;kg;;22,15;3,19;3,99;3,99;3838471042796;Piæa
CAPPUCCINO BARCAFFE CLAS.120 g;346991;Barcaffe;0,1200;kg;;26,58;3,19;3,99;3,99;3838471042819;Piæa
CAPP.BARCAFF.IRISH CREAM 144 g;346992;Barcaffe;0,1440;kg;;22,15;3,19;3,99;3,99;3838471042772;Piæa
CAPP.BARCAFFE VANILLA 144 g;346993;Barcaffe;0,1440;kg;;22,15;3,19;3,99;3,99;3838471042765;Piæa
UMAK GO-TAN RIBLJI 145 ml;346996;Go-tan;0,1450;l;2,89;19,93;;;3,99;8710605018684;Hrana
SLAD.MAGNUM DOUB.KARAMEL 85 ml;347016;Magnum;0,0850;L;2,79;32,82;;;2,49;8711327480537;Hrana
SLADOLED ORAH SPAR 1 L;347031;SPAR;1,0000;L;3,99;3,99;;;3,99;3831115312125;Hrana
PEL.PAMPERS ABD S3 152/1;347040;Pampers;152,0000;kom;24,99;0,16;;;33,17;8001090951533;Toaletne potrepštine
PEL.PAMPERS ABD S5 110/1;347044;Pampers;110,0000;kom;32,99;0,30;;;33,00;8700216877589;Toaletne potrepštine
MINI KROASANI S-BUDGET 1 kg;347048;S-Budget;1,0000;kg;1,99;1,99;;;2,29;3856021211676;Hrana
VINO THE LEGENDS 0,75 E.SCHEIB;347056;Ekskluzivno za SPAR;0,7500;L;12,02;16,03;;;12,02;9120027807916;Piæa
KEKS DOMAÆ.EXT.LJEŠ.KRAŠ 220 g;347061;Kraš;0,2200;kg;3,49;15,86;;;2,49;3850102009633;Hrana
KEKS DOMAÆ.EX.NARAN.KRAŠ 220 g;347062;Kraš;0,2200;kg;3,49;15,86;;;2,49;3850102009626;Hrana
VINO KUTJEVO CRNI CUVEE 0,75 L;347077;;0,7500;L;6,19;8,25;;;6,19;3850156006121;Piæa
UMAK BURGER DOYPAC.THOMY 220 g;347083;Thomy;0,2200;kg;3,15;14,32;;;3,19;7613287464521;Hrana
PLOÈ.FIT.CHOCO&BAN NES.23,5 g;347098;Nestle;0,0235;kg;0,99;42,13;;;0,89;5900020033956;Hrana
Šunka od pileæih prsa Jeli;347116;Jeli;1,0000;kg;8,99;8,99;;;8,99;3858892722589;Hrana
KRUMPIR OGULINSKI 3 kg;347118;;3,0000;kg;3,79;1,26;;;3,69;3859889293150;Hrana
MINI CROISSANT ÈOKOLADA 510 g;347120;;0,5100;kg;4,39;8,61;;;3,99;3830053008879;Hrana
MINI CROISSANT ZEBRA 510 g;347125;;0,5100;kg;4,39;8,61;;;3,99;3830053008886;Hrana
NAP.PLAZM.KOCKA BIJELA È.130 g;347127;Plazma;0,1300;kg;2,79;21,46;;;2,79;8600043029567;Hrana
ŠTAP.HIG.LOLI PAPIRNATI 200/1;347130;Loli;200,0000;kom;1,69;0,01;;;1,60;3858890795226;Toaletne potrepštine
ŠTAP.HIG.LOLI PAPIRNATI 100/1;347131;Lola;100,0000;kom;1,35;0,01;;;1,35;3858890795202;Toaletne potrepštine
ŠTAP.HIG.LOLI PAPIRNATI 300/1;347133;Loli;300,0000;kom;2,25;0,01;;;2,25;3858890794793;Toaletne potrepštine
RAJÈICA GENERY 250 g;347134;;0,2500;kg;2,09;8,36;;;2,19;3858893060161;Hrana
BRAŠNO INTEGRALNO EKOKLAS 1 kg;347157;;1,0000;kg;1,85;1,85;;;1,85;3858887100354;Hrana
BRAŠ.PŠEN. T-1100 EKOKLAS 1 kg;347159;;1,0000;kg;1,99;1,99;;;1,98;3858887100330;Hrana
BRAŠNO HELJDINO FARINA 1 kg;347160;Farina;1,0000;kg;3,69;3,69;;;3,69;3858887101023;Hrana
KOLAGEN BOOST 500 ml;347164;;0,5000;L;27,19;54,38;;;27,2;3858893510598;Hrana
PŠE.INSTANT KRUP.NAT.PUR 400 g;347176;Natur pur;0,4000;kg;1,79;4,48;;;1,59;9100000870724;Hrana
KRE.EVELINE ZA DEPILACI.125 ml;347177;Eveline;0,1250;L;3,49;27,92;;;3,79;5901761967623;Kozmetika
MLINCI ZAGORSKI SPAR 250g;347178;SPAR marka kvalitete;0,2500;kg;2,19;8,76;;;2,13;3856021217951;Hrana
MLINCI ZAGORSKI SPAR 400 g;347179;SPAR marka kvalitete;0,4000;kg;2,90;7,25;;;2,82;3856021217975;Hrana
Francuska salata ;347181;Ekskluzivno za SPAR;1,0000;kg;5,99;5,99;;;7,29;3858889115097;Hrana
Meksièka salata;347186;Ekskluzivno za SPAR;1,0000;kg;10,99;10,99;;;10,99;3858889115257;Hrana
Salata od tune i povræa;347187;Ekskluzivno za SPAR;1,0000;kg;;9,99;9,99;13,99;13,99;3858889115103;Hrana
Grah salata;347188;Ekskluzivno za SPAR;1,0000;kg;8,99;8,99;;;8,99;3858889115172;Hrana
Francuska salata ;347189;Ekskluzivno za SPAR;1,0000;kg;5,99;5,99;;;7,29;3858889116254;Hrana
Salata od jeèma ;347191;Ekskluzivno za SPAR;1,0000;kg;8,99;8,99;;;8,99;3856021204876;Hrana
Èajno pecivo S-Budget šape;347192;S-BUDGET;1,0000;kg;6,23;6,23;;;6,23;3856021218637;Hrana
Salata pulled pork;347194;Ekskluzivno za SPAR;1,0000;kg;10,99;10,99;;;10,99;3858889117770;Hrana
Èajno pec.S-Budget zvjezdice ;347196;S-BUDGET;1,0000;kg;6,49;6,49;;;6,50;3856021218620;Hrana
MARCIPAN MASA NATUR PUR 200 g;347197;Natur pur;0,2000;kg;3,49;17,45;;;3,49;9100000896236;Hrana
Èajno pec.S-Budget van.kiflice;347198;S-BUDGET;1,0000;kg;5,59;5,59;;;5,57;3856021218644;Hrana
SLAD.BARATT.PANNA COTTA 800 ml;347209;;0,8000;L;5,99;7,49;;;5,99;8005840096598;Hrana
HUMMUS NATURAL RIBELLA 200 g;347229;;0,2000;kg;2,25;11,25;;;2,25;8606011898852;Hrana
HUMMUS SPICY RIBELLA 200 g;347232;;0,2000;kg;2,25;11,25;;;2,25;8606011898876;Hrana
HUMM.BUÈINE SJE.RIBELLA 200 g ;347234;;0,2000;kg;2,25;11,25;;;2,25;8606011898869;Hrana
HUMMUS SHIITAKE RIBELLA 200 g;347235;;0,2000;kg;2,25;11,25;;;2,25;8606011898883;Hrana
SLAD.BARATT.CROCCANTINO 800 ml;347239;;0,8000;L;5,99;7,49;;;5,99;8005840096635;Hrana
SLAD.BARAT.VANIL.PISTAC.800 ml;347240;;0,8000;L;5,99;7,49;;;5,99;8005840096581;Hrana
JOGURT VANILIJA SPAR FF 180 g;347273;SPAR free from;0,1800;kg;,79;4,39;;;0,79;9100000910703;Hrana
SLAD.MILKA MINI ŠTAPIÆ 6x50 ml;347275;Milka;0,3000;L;5,29;17,63;;;5,29;4007993023906;Hrana
SLAD.OREO MINI ŠTAPIÆ 6x50 ml;347277;Oreo;0,3000;L;5,29;17,63;;;5,29;5900130038315;Hrana
SLAD.TOBLERONE MINI 6x50 ml;347278;Toblerone;0,3000;L;;13,97;4,19;5,29;5,29;5900130036885;Hrana
JOGURT BOROVNICA SPAR FF 180 g;347304;SPAR free from;0,1800;kg;,79;4,39;;;0,79;9100000910727;Hrana
SLADOLED SB MINI MIX 12x28 ml;347314;S-Budget;0,3360;L;3,49;10,39;;;3,49;9100000908373;Hrana
TONIC FENTIMANS LEMONADE 0,2 L;347336;;0,2000;l;2,38;11,90;;;2,15;5029366739015;Piæa
PLOÈICA SPAR HP ZOB KIKIR.40 g;347371;SPAR;0,0400;kg;1,69;42,25;;;1,59;9100000904146;Hrana
PLOÈICA SPAR HP ZOB K.KAK.40 g;347376;SPAR;0,0400;kg;1,69;42,25;;;1,59;9100000904122;Hrana
KEKS ZOB.BOOM BOX BRUS.50 g;347418;Boom Box;0,0500;kg;1,29;25,80;;;1,03;3858890476835;Hrana
KEKS ZOB.BOOM BOX KOKOS 50 g;347419;Boom Box;0,0500;kg;1,29;25,80;;;1,03;3858890476866;Hrana
KEKS ZOB.BOOM BOX KAKAO 50 g;347420;Boom Box;0,0500;kg;1,29;25,80;;;1,03;3858890476897;Hrana
UMAK PATAK´S BUTT.CHICK 450 g;347437;Pataks;0,4500;kg;5,79;12,87;;;5,79;5011308303200;Hrana
MAHUNA DUET MIX BONDUELL.400 g;347457;Bonduelle;0,4000;kg;2,29;5,73;;;2,29;3083681070576;Hrana
MJEŠ.POVR.S CVJET. BONDU 400 g;347459;Bonduelle;0,4000;kg;;3,23;1,29;1,39;1,99;3083681081763;Hrana
BALZAM TAFT CURLE 150 ml ;347527;Taft;0,1500;L;5,99;39,93;;;4,79;9000101723700;Kozmetika
SIR CAMEMB.PANI.S BUDGET 350 g;347533;S-Budget;0,3500;kg;3,99;11,40;;;3,79;9100000910482;Hrana
SPREJ TAFT VOLUME 150 ml;347534;Taft;0,1500;L;5,09;33,93;;;5,99;9000101722703;Kozmetika
DET.ÈARLI DIVLJA TREŠNJ.900 ml;347578;Èarli;0,9000;l;2,09;2,32;;;2,55;3850111304101;Sredstva za èišæenje
NAPITAK BOOM BOX ZOB 1 L;347580;Boom Box;1,0000;l;3,29;3,29;;;3,09;3858890477504;Piæa
DET.ÈARLI ORIGINAL 1,35 L;347581;Èarli;1,3500;l;2,99;2,21;;;3,49;3850111304194;Sredstva za èišæenje
NAPITAK BOOM BOX  ZOB BAD.1 L ;347582;Boom Box;1,0000;l;3,49;3,49;;;3,29;3858890476927;Piæa
NAPITAK BOOM BOX  ZOB KOK.1 L ;347584;Boom Box;1,0000;l;3,49;3,49;;;3,29;3858890476958;Piæa
NAPITAK BOOM BOX ZOB LJEŠ.1 L;347585;Boom Box;1,0000;l;3,49;3,49;;;3,29;3858890476989;Piæa
Extrawurst Krainer;347586;Krainer;1,0000;kg;7,19;7,19;;;7,19;9004286400227;Hrana
ZOB.KAŠA JAGODA CHIA B.B. 60 g;347588;Atlantic Trade;0,0600;kg;0,99;16,50;;;0,99;3858890477160;Hrana
ZOB.KAŠA ŠUM.V.BADEM B.B.300 g;347589;Atlantic Trade;0,3000;kg;3,99;13,30;;;3,59;3858890477047;Hrana
ZOB.KAŠA ŠUM.V.BADEM B.B 60 g;347591;Atlantic Trade;0,0600;kg;0,99;16,50;;;0,99;3858890477191;Hrana
ZOB.KAŠA ÈOKO.BAN.LJEŠNJ.300 g;347592;Atlantic Trade;0,3000;kg;3,99;13,30;;;3,59;3858890477078;Hrana
ZOB.KAŠA ÈOK.BA.LJEŠ. B.B.60 g;347593;Atlantic Trade;0,0600;kg;0,99;16,50;;;0,99;3858890477221;Hrana
GRANOLA ŠU.V.KOK.BAD.B.B.300 g;347601;Atlantic Trade;0,3000;kg;3,99;13,30;;;3,59;3858890477313;Hrana
GRANOLA ŠU.V.KOK.BAD. B.B.60 g;347602;Atlantic Trade;0,0600;kg;1,09;18,17;;;0,99;3858890477405;Hrana
GRANOLA ÈOKO.BAD.BOOM BOX 60 g;347604;Atlantic Trade;0,0600;kg;1,09;18,17;;;0,99;3858890477436;Hrana
GRANOLA ÈOK.BAD.BOOM BOX 300 g;347606;Atlantic Trade;0,3000;kg;3,99;13,30;;;3,59;3858890477344;Hrana
GRANOLA ORAŠAS.PLOD.B.B. 60 g;347607;Atlantic Trade;0,0600;kg;1,09;18,17;;;0,99;3858890477467;Hrana
GRAN.ORAŠ.PLOD.BOOM BOX 300 g;347608;Atlantic Trade;0,3000;kg;3,99;13,30;;;3,59;3858890477375;Hrana
MASLAC OD KIKIRIKI.NUTZ 310 g;347610;;0,3100;kg;3,79;12,23;;;4,09;3830075180058;Hrana
MASLAC OD KIKIRIKI.NUTZ 310 g;347613;;0,3100;kg;3,79;12,23;;;4,09;3830075180041;Hrana
JUHA BOGATA S LEÆOM PODRA.75 g;347624;Podravka;0,0750;kg;1,59;21,20;;;1,59;3856020247409;Hrana
JUHA BOG.CRVEN.KVINOJA PO.70 g;347625;Podravka;0,0700;kg;1,59;22,71;;;1,59;3856020247430;Hrana
PERŠIN KOR. LIST S-BUDG. 250 g;347635;S-BUDGET;0,2500;kg;1,39;5,56;;;1,39;3856021218460;Hrana
PERŠIN LIST S-BUDGET 100 g ;347636;S-BUDGET;0,1000;kg;1,29;12,90;;;1,29;3856021218484;Hrana
PERŠIN KORIJEN S-BUDGET 250 g;347637;S-BUDGET;0,2500;kg;1,29;5,16;;;1,29;3858893060062;Hrana
CHEDDAR VINTAG.PRESIDENT 200 g;347648;President;0,2000;kg;4,39;21,95;;;4,59;5017838821634;Hrana
JOG.TRIPLE 0%JAB/MALINA 190 g;347656;Dukat;0,1900;kg;,79;4,16;;;0,79;3850354016434;Hrana
ZUB.PASTA LACALUT AC.GUM 75 ml;347674;Lacalut;0,0750;L;5,09;67,87;;;5,09;4016369546062;Kozmetika
COMPLETE COLOR CREME N 70 ;347678;;1,0000;kom;4,19;4,19;;;4,19;3850177008005;Kozmetika
COMPLETE COLOR CREME N93 MED;347679;;1,0000;kom;3,99;3,99;;;4,19;3850177007985;Kozmetika
COMPLETE COLOR CREME EB 100;347680;;1,0000;kom;4,19;4,19;;;4,19;3850177007787;Kozmetika
KORABA kom;347688;;1,0000;kom;1,09;1,09;;;1,59;55;Hrana
METLICA RUÈNA S LOPAT.VILEDA;347698;;2,0000;kom;11,94;5,97;;;11,94;4023103172326;Proizvodi za kuæanstvo
MAÐARICA SPAR 420 g;347701;SPAR marka kvalitete;0,4200;kg;;9,50;3,99;4,99;4,99;3856021218842;Hrana
PRAH NEOPITROID 100 g;347702;Neopitroid;0,1000;KG;2,99;29,90;;;2,89;3859894035011;Proizvodi za kuæanstvo
ZAÈ.VE.M.CRVENI PAPAR POD.15 g;347707;Podravka;0,0150;kg;1,79;119,33;;;1,32;3856020247041;Hrana
ZAÈ.VE.M.ZELENI PAPAR POD.20 g;347708;Podravka;0,0200;kg;1,79;89,50;;;1,45;3856020246990;Hrana
GEL MIXA ZA ÈIŠÆ.LICA 200 ml;347709;MIXA;0,2000;l;5,29;26,45;;;5,49;3600551155098;Kozmetika
LOSION MIXA HYALUROGEL 400 ml ;347711;MIXA;0,4000;l;6,79;16,98;;;6,99;3600550958430;Kozmetika
KREMA MIXA ANTI IMPERF.50 ml;347713;MIXA;0,0500;l;7,19;143,80;;;7,19;3600551156200;Kozmetika
BOROVNICA 500 g;347758;;0,5000;kg;4,99;9,98;;;5,49;8425402234990;Hrana
DEO SP.NIVEA KICK FRESH 150 ml;347813;Nivea;0,1500;l;4,99;33,27;;;4,99;9005800342634;Kozmetika
ORBIT SPERM.DRAŽ.REFR.15,6 g;347821;Wrigley;0,1560;kg;0,99;6,35;;;0,99;4009900535519;Hrana
ULOŠ.NATURELLA UL.PLUS 18/1;347842;Naturella;18,0000;kom;2,45;0,14;;;2,45;8006540098257;Toaletne potrepštine
ULOŠ.NATURELLA CAM.LIGHT 52/1;347844;Naturella;52,0000;kom;2,35;0,05;;;2,35;8001090604040;Toaletne potrepštine
ULOŠ.NATURELLA REG. 44/1;347846;Naturella;44,0000;kom;2,35;0,05;;;2,35;8006540100769;Toaletne potrepštine
DEO ROLL ON NIVEA ACTIVE 50 ml;347848;Nivea;0,0500;l;4,99;99,80;;;4,99;9005800344447;Kozmetika
EXTRAWURST F.KRAINER 400 g;347864;Krainer;0,4000;kg;3,49;8,73;;;3,49;9004286400401;Hrana
JELO U ÈAŠI RAMEN JU.MISO 66 g;347868;;0,0660;kg;1,99;30,15;;;1,99;5901384500610;Hrana
JELO U ÈAŠ.RAMEN JU.SVINJ.62 g;347869;;0,0620;kg;1,99;32,10;;;1,99;5901384504755;Hrana
JELO U ÈAŠ.RAMEN JU.PILET.63 g;347871;;0,0630;kg;1,99;31,59;;;1,99;5901384500627;Hrana
GLOW SPREJ RUŽA 100 ml;347872;Olival;0,1000;L;10,99;109,90;;;10,61;3858892692806;Kozmetika
SLAD.B&J NETFLIX &CHILL 465 ml;347907;Ben & Jerry's;0,4650;L;8,79;18,90;;;8,79;8711327386334;Hrana
TUNA PAŠTETA S-BUDGET 75 g;347909;S-Budget;0,0750;kg;0,99;13,20;;;0,96;3856021211966;Hrana
IN.KAVA BARCAF. 3u1 CLAS.200 g;347911;Barcaffe;0,2000;kg;2,79;13,95;;;2,79;3838471042901;Piæa
SLA.DOUB.CARAM.TAKE HOM.440 ml;347914;Magnum;0,4400;l;;12,93;5,69;7,69;7,69;8711327480438;Hrana
SALVETE 33x33cm 20/1 FASANA ;347926;;1,0000;kom;0,99;0,99;;;0,49;4064481007169;Proizvodi za kuæanstvo
OMEK.VIOLETA LAGOON 900 ml ;347951;Violeta;0,9000;l;1,99;2,21;;;1,99;3870128025998;Sredstva za èišæenje
BIO SALAMA NAREZAK 80 g;348009;Spar Natur pur;0,0800;kg;2,90;36,25;;;2,99;9100000156569;Hrana
SP REFIL ZA BRISAÈ PODA 28070;348026;Splendid;1,0000;kg;3,59;3,59;;;3,59;9100000897929;Proizvodi za kuæanstvo
TJ.KLARA MARIÆ FUŽI ŠPIN.400 g;348043;Klara M;0,4000;kg;4,79;11,98;;;4,79;3859888499171;Hrana
TJ.KL.MARIÆ FUŽI CR.SIPE 400 g;348044;Klara M;0,4000;kg;4,79;11,98;;;4,79;3859888499393;Hrana
TJ.KLARA MARIÆ FUŽI CHI.400 g;348046;Klara M;0,4000;kg;4,79;11,98;;;4,79;3859888499409;Hrana
PLO.MORA U UMAK.OD RAJÈI.500 g;348056;Frozy;0,5000;kg;4,59;9,18;;;4,19;3858891044590;Hrana
PLOD.MORA U MEDITER.UMAK.500 g;348058;Frozy;0,5000;kg;4,59;9,18;;;4,19;3858891044606;Hrana
TUNA ODREZAK FROZY 250 g;348059;Frozy;0,2500;kg;6,25;25,00;;;6,25;3858891044859;Hrana
RUM HAVANA 3YO 0,7 L 37,5%;348061;;0,7000;L;17,09;24,41;;;16,62;8501110088831;Piæa
NAMAZ VOÆ.BRUS. I JAGODA 220 g;348070;Podravka;0,2200;kg;3,99;18,14;;;3,99;3856020248475;Hrana
NAM.VOÆNI BOROVNICA PODR.220 g;348071;Podravka;0,2200;kg;3,99;18,14;;;3,99;3856020248567;Hrana
NAMAZ VOÆNI CRNO VOÆE PO.220 g;348075;Podravka;0,2200;kg;3,99;18,14;;;3,99;3856020248505;Hrana
Sir Špin tvrdi kravlji 1/4 ;348076;;1,0000;kg;24,99;24,99;;;24,49;3858881190849;Hrana
Sir Špin tvrdi miješani 1/4 ;348077;;1,0000;kg;31,99;31,99;;;31,99;3858881190009;Hrana
VINO BELJE CUVEE ROUGE 0,75 L;348088;;0,7500;L;6,02;8,03;;;6,02;3850257021849;Piæa
PJEN.FREIX.MIA FRESH.&C.0,75 L;348090;Freixenet;0,7500;L;9,08;12,11;;;9,08;8410384049045;Piæa
VINO EXHIB ROSE 0,75 L;348091;;0,7500;L;4,99;6,65;;;6,32;3500610135910;Piæa
PJ.JP CHENET MUSCAT 0,75 L;348093;;0,7500;L;;11,99;8,99;10,99;10,32;3500610134432;Piæa
RAKIJA ŠLJIVOVICA.PREMI. 0,7 L;348095;;0,7000;L;22,18;31,69;;;22,18;3850112121400;Piæa
JAMESON GING.LIME 0,25 L LIM.;348096;Jameson;0,2500;L;2,49;9,96;;;2,52;5011007018931;Piæa
BADEL PRIMA BLACK 0,7 L;348097;Badel;0,7000;L;15,05;21,50;;;15,22;3850112141460;Piæa
VINO VEZAK SAUVIGN.VR.0,75 L;348098;;0,7500;L;10,08;13,44;;;10,08;3850112171276;Piæa
PJENUŠAC FREIXENET 0,75 L DUL;348099;Freixenet;0,7500;L;14,82;19,76;;;14,82;8410036809041;Piæa
HRANA ZA MAÈ.MOL.PR.TE.4X100 g;348102;Molly;0,4000;kg;1,99;4,98;;;1,99;9100000909141;Proizvodi za kuæanstvo
HRANA ZA MAÈKE MOL.PIL.4X100 g;348103;Molly;0,4000;kg;1,99;4,98;;;1,99;9100000909127;Proizvodi za kuæanstvo
KAVA BARCAFFE RWANDA 200 g;348112;Barcaffe;0,2000;kg;6,99;34,95;;;6,99;3838471043601;Piæa
GRAŠAK SPAR MLADI 400 g;348130;SPAR;0,2700;kg;1,49;5,52;;;1,49;9100000073057;Hrana
MAHUNE SPAR REZANE ZEL.800 g;348131;SPAR;0,4550;kg;2,49;5,47;;;2,49;9100000074009;Hrana
LEÆA SPAR 400 g;348132;SPAR;0,2400;kg;1,09;4,54;;;1,09;9100000076607;Hrana
VL.TP LOVELY S 99% VODE 60/1 ;348137;Lovely;60,0000;kom;1,29;0,02;;;1,29;9100000896083;Toaletne potrepštine
KAVA J.MEINL ORIENT CLAS.250 g;348168;JULIUS MEINL;0,2500;kg;5,59;22,36;;;5,29;9000403951238;Piæa
KOLAÈ ÈOKOLA. FANTAZIJA 300 g;348183;;0,3000;kg;5,09;16,97;;;5,09;3859890208259;Hrana
KAVA SPAR PREMIUM KOLUMB.250 g;348185;SPAR PREMIUM;0,2500;KG;5,19;20,76;;;3,99;9100100005385;Piæa
UMAK POD.VEG.GRILL PIKANT 75 g;348188;Podravka;0,0750;kg;1,29;17,20;;;1,29;3856020246532;Hrana
UMAK POD.VEGETA GRILL BBQ 75 g;348190;Podravka;0,0750;kg;1,29;17,20;;;1,29;3850104283239;Hrana
BOBI STIX KETCHUP 35 g;348191;Bobi;0,0350;kg;0,54;15,43;;;0,54;3858891590479;Hrana
JUHA MAGGI KREM RAJÈICA 62 g;348213;Maggi;0,0620;kg;1,09;17,58;;;1,09;7613287259608;Hrana
JUHA MAGGI KREM PILEÆA 54 g;348214;Maggi;0,0540;kg;1,09;20,19;;;1,09;7613287259622;Hrana
JUHA MAGGI BISTRA KOKOŠJA 58 g;348217;Maggi;0,0580;kg;1,09;18,79;;;1,09;7613287259677;Hrana
RAMA ZA KOLAÈE 250 g;348232;Rama;0,2500;kg;;3,56;0,89;1,19;1,09;8719200198869;Hrana
MATOVILAC S-BUDGET 100 g;348259;S-BUDGET;0,1000;kg;1,29;12,90;;;1,19;8012566031345;Hrana
RUKOLA S BUDGET 100 g;348265;S-BUDGET;0,1000;kg;1,09;10,90;;;1,09;8012566031338;Hrana
ISO SPORT NARANÈA LIMUN 1,5 L;348274;Iso Sport;1,5000;l;;1,34;2,01;2,52;2,52;3850108071849;Piæa
ISO SPORT NARANÈA LIMUN 0,5 L;348276;Iso Sport;0,5000;l;;2,26;1,13;1,42;1,42;3850108078473;Piæa
KAVA HELL EN.DOUBL.ESPR.250 ml;348296;;0,2500;L;1,69;6,76;;;1,46;5999860497646;Piæa
UMAK V.LJ.VRABASCO MILD 100 ml;348297;;0,1000;l;3,99;39,90;;;4,79;3858893750185;Hrana
UM.V.LJ.VRABASCO SMOKED 100 ml;348298;;0,1000;kg;4,49;44,90;;;5,49;3858893750208;Hrana
UM.V.LJ.VRABASCO STRONG 100 ml;348301;;0,1000;l;4,79;47,90;;;6,39;3858893750215;Hrana
UM.V.LJ.VRABANERO ORIGI.100 ml;348303;;0,1000;l;5,49;54,90;;;6,99;3858893750222;Hrana
ULOŠCI LIBRESSE PURESENS 12/1 ;348304;Libresse;12,0000;KOM;1,99;0,17;;;1,99;7322541161747;Toaletne potrepštine
ULOŠCI LIBRESSE PURESENS 8/1 ;348305;Libresse;8,0000;KOM;1,35;0,17;;;1,35;7322541161785;Toaletne potrepštine
ULOŠCI LIBRESSE PURESENS 26/1;348306;Libresse;26,0000;KOM;1,35;0,05;;;1,35;7322541161914;Toaletne potrepštine
EN.PIÆE RB R.WATERMELON 0,25 L;348314;Red Bull;0,2500;L;1,69;6,76;;;1,69;90446016;Piæa
ULO.LIBRESSE MULTI BLACK 30/1 ;348315;Libresse;30,0000;KOM;1,59;0,05;;;1,49;7322540919516;Toaletne potrepštine
KAP.STARBUCKS C.LATTE 121,2 g;348345;Starbucks;0,1212;kg;5,99;49,42;;;6,49;7613287009647;Piæa
KIKIRIKI SUHOP.NUTLINE 250 g;348369;Nutline;0,2500;kg;2,39;9,56;;;2,29;3856021302275;Hrana
KAVA HAUSBRANDT U ZRNU 500 g;348371;Hausbrandt;0,5000;kg;;26,38;13,19;16,49;15,26;8006980153851;Piæa
KAPSULE HAUSBRANDT INTEN. 50 g;348379;Hausbrandt;0,0500;kg;4,29;85,80;;;4,29;8006980281059;Piæa
KAP.HAUSBRANDT BEZ KOF. 50 g;348382;Hausbrandt;0,0500;kg;4,29;85,80;;;4,29;8006980279056;Piæa
KITKAT CHUNKY WHITE 40 g;348434;Nestle;0,0400;kg;1,39;34,75;;;1,39;3800020432983;Hrana
BOMBON.AFT.EIGHT NARANÈA 200 g;348438;After Eight ;0,2000;kg;3,59;17,95;;;2,99;7613287290748;Hrana
GEL TUŠ.AFRODITA IMMORT.250 ml;348462;Afrodita;0,2500;l;2,95;11,80;;;2,95;3831070657323;Kozmetika
GRAH PODRAVKA CRNI 400 g;348505;Podravka;0,2300;kg;1,89;8,22;;;1,89;3856020243432;Hrana
POLI NAREZAK MEGA PACK 250 g;348506;Poli;0,2500;kg;2,89;11,56;;;2,89;3838977039528;Hrana
PAPRIKAŠ PILETINA PODR.400 g;348507;Podravka;0,4000;kg;4,39;10,98;;;4,19;3856020246129;Hrana
ÆUFTE UMAK RAJÈICA PODR.400 g;348508;Podravka;0,4000;kg;4,39;10,98;;;3,99;3858886464952;Hrana
SP METLA SPUŽVASTA 28072;348527;Splendid;1,0000;kom;5,29;5,29;;;5,29;9100000897943;Proizvodi za kuæanstvo
NAMAZ MIJEŠANI S BUDGET 250 g;348529;S-BUDGET;0,2500;kg;2,49;9,96;;;2,99;9100000908588;Hrana
SET KRPA MICR.COLOR 4/1 VILEDA;348535;;4,0000;kom;9,99;2,50;;;5,49;4023103192577;Proizvodi za kuæanstvo
SPAR ALU FOLIJA POWER 15 m;348641;SPAR marka kvalitete;1,0000;kom;3,99;3,99;;;3,19;9100000898414;Proizvodi za kuæanstvo
SPAR PAPIR ZA PEÈENJE,30 LIST.;348642;SPAR marka kvalitete;1,0000;kom;;1,59;1,59;1,99;1,99;9100000056357;Proizvodi za kuæanstvo
SPAR PAPIR ZA PEÈENJE,12 m;348643;SPAR marka kvalitete;1,0000;kom;;1,59;1,59;1,99;1,99;9100000978260;Proizvodi za kuæanstvo
UM.SWEET CHILI S-BUDGET 300 ml;348701;S-Budget;0,3000;l;1,49;4,97;;;1,59;9100000911878;Hrana
UMAK COCKTAIL S-BUDGET 300 ml;348704;S-Budget;0,3000;l;1,49;4,97;;;1,59;9100000911915;Hrana
UMAK ÈEŠNJAK S-BUDGET 300 ml;348706;S-Budget;0,3000;l;1,49;4,97;;;1,59;9100000911892;Hrana
UMAK TARTAR S-BUDGET 300 ml;348707;S-Budget;0,3000;l;1,49;4,97;;;1,59;9100000911939;Hrana
TAB.FINISH QUANTU.ULTIM.60/1;348712;Finish;60,0000;kom;14,99;0,25;;;18,95;5908252001217;Sredstva za èišæenje
HRANA ZA MAÈKE POESIE PUR.85 g;348713;Vitakraft;0,0850;kg;0,86;10,12;;;0,86;4008239597922;Proizvodi za kuæanstvo
HRANA ZA MAÈKE POESIE PIL.85 g;348714;Vitakraft;0,0850;kg;0,86;10,12;;;0,86;4008239597939;Proizvodi za kuæanstvo
POSLAS.ZA MAÈKE CHOUP.SIR 40 g;348716;Vitakraft;0,0400;kg;1,59;39,75;;;1,59;4008239594662;Proizvodi za kuæanstvo
ŠTAPIÆI ZA MAÈKE PILET.4X5 g;348719;Vitakraft;0,0200;kg;1,45;72,50;;;1,45;4008239595706;Proizvodi za kuæanstvo
RAHATLOKUM S NARANÈA 180 g;348722;Adria;0,1800;kg;1,19;6,61;;;1,45;3858890265538;Hrana
BUÈIINE SJE.SJECKANE N.P.200 g;348723;Natur pur;0,2000;kg;2,69;13,45;;;2,69;9100000907284;Hrana
GEL T.L´ANGELICA LI.500 ml ;348727;L'Angelica;0,5000;l;2,59;5,18;;;2,99;8017331077450;Kozmetika
ÈOK.SCHOGETTEN BROWNIE 100 g;348729;Schogetten;0,1000;kg;1,75;17,50;;;1,29;4000415040109;Hrana
SLA.MAGNUM BADEM VEG.3 x 90 ml;348733;Magnum;0,2700;L;7,39;27,37;;;7,39;8711327664500;Hrana
CHIPS NACHOS BIJELI 150 g  ;348737;DUPIN;0,1500;kg;1,99;13,27;;;1,99;8411778164757;Hrana
SLANUTAK DESPAR 3X140 g;348744;Despar;0,4200;kg;2,39;5,69;;;2,39;8001300242451;Hrana
SLAD.B&J KARAMEL SUTRA 465 ml;348748;Ben & Jerry's;0,4650;l;8,79;18,90;;;8,79;8711327374171;Hrana
CIKLA NATUR PUR 690 g;348750;Spar Natur pur;0,4000;kg;2,29;5,73;;;2,29;9100000737171;Hrana
MLIJEKO TRAJNO KK 2,8% 1 L;348752;Belje;1,0000;L;0,94;0,94;;;1,02;3850257060985;Hrana
JOGURT TEKUÆI  2,8% KK 180 g;348753;Belje;0,1800;kg;0,44;2,44;;;0,44;3850257061043;Hrana
JOG.TEKUÆI 2,8% KRALJ.KRAV 1kg;348754;Belje;1,0000;kg;2,35;2,35;;;1,99;3850257061067;Hrana
VRHNJE KISELO12% KK 180 g;348755;Belje;0,1800;kg;0,99;5,50;;;0,99;3850257061081;Hrana
JOG.GRÈKI TIP NATUR KK 150 g;348757;Belje;0,1500;kg;0,99;6,60;;;0,99;3850257061142;Hrana
VRHNJE ZA KUHANJE KK  0,5 L;348760;Belje;0,5000;L;3,39;6,78;;;3,39;3850257061203;Hrana
LOSOS ATL.HLA.DIMLJ.SPAR 100 g;348761;SPAR;0,1000;kg;3,99;39,90;;;3,99;3831115323909;Hrana
ULJE MAS.EX.DJEV.KONFIN 500 ml;348762;;0,5000;L;15,99;31,98;;;15,99;3859893661013;Hrana
VANIL.ŠEÆER DR.OETKER 8 g;348773;Dr. Oetker;0,0080;kg;0,55;68,75;;;0,55;5997381369626;Hrana
ERITRIT DR.OETKER 200 g;348775;Dr. Oetker;0,2000;kg;4,79;23,95;;;4,79;5997381369619;Hrana
MAJONEZA POP 165 g;348785;;0,1650;kg;2,49;15,09;;;2,49;3856015322449;Hrana
ŠAMPON GLISS SPLIT 400 ml;348789;Gliss;0,4000;l;2,75;6,88;;;5,59;9000101287431;Kozmetika
KAVA STARB.CARA.MACH.220 ml;348806;Starbucks;0,2200;L;2,59;11,77;;;2,59;5711953166389;Piæa
CAPPUCCINO STARBUCKS 220 ml;348807;Starbucks;0,2200;L;2,59;11,77;;;2,59;5711953166396;Piæa
KAVA STARB.CAFFE LATTE  220 ml;348808;Starbucks;0,2200;L;2,59;11,77;;;2,59;5711953166372;Piæa
NEKTAR MARELICA RAUCH 0,2 L;348812;Rauch;0,2000;l;2,19;10,95;;;2,19;90087967;Piæa
SIR TVRDI LEÆEVAÈKI 300 g;348813;;0,3000;kg;5,99;19,97;;;5,99;3859893220326;Hrana
MLIJE.ÈOK.BEZ LAKTO.Z BREG.1 L;348815;Z Bregov;1,0000;L;2,29;2,29;;;2,29;3850108023268;Hrana
NEKTAR CRNI RIBIZ RAUCH 0,2 L;348818;Rauch;0,2000;l;2,19;10,95;;;2,19;90087905;Piæa
JOG.BEZ LAKT.2,8% Z BREG.1 kg;348821;Z Bregov;1,0000;kg;2,39;2,39;;;2,29;3850108035995;Hrana
SOK JABUKA RAUCH 0,2 L;348822;Happy Day;0,2000;l;2,19;10,95;;;2,19;90087820;Piæa
JOG.BEZ LAKT.2,8% Z BREG.200 g;348823;Z Bregov;0,2000;kg;0,49;2,45;;;0,49;3850108035988;Hrana
SERUM ELSEVE ZA  KOSU 100 ml;348830;Elseve;0,1500;l;6,29;41,93;;;5,99;3600523966684;Kozmetika
ULOŠ.HIG.VIOLETA AIR FIT 50/1 ;348831;Violeta;50,0000;kom;2,25;0,05;;;1,99;3870128023680;Toaletne potrepštine
MAR.NIVEA INTIMNE ALOE 15/1;348833;Nivea;15,0000;kom;3,19;0,21;;;3,19;42419884;Toaletne potrepštine
ŠUM.TAB.NATUR.MG 375+C+B6 20/1;348834;Naturel;20,0000;kom;3,29;0,16;;;2,99;3858889365355;Hrana
ŠUM.TAB.NATUREL C+ZN+D 20/1;348836;Naturel;20,0000;kom;3,99;0,20;;;3,59;3858889365362;Hrana
KRAFNA S LINOLADOM 2/1 160 g;348837;;0,1400;kg;1,99;14,21;;;1,89;3859890733676;Hrana
OSV.WC BREF GEL ARC.OCEA 42 g ;348941;Bref;0,0420;kg;;47,38;1,99;3,49;3,69;9000101508093;Sredstva za èišæenje
OSV.WC BREF GEL A.OCEAN 3x42 g;348945;Bref;0,1260;kg;3,99;31,67;;;5,95;9000101508123;Sredstva za èišæenje
KRUH HELJDIN 450 g;348950;;0,4500;kg;1,79;3,98;;;1,49;3858889894008;Hrana
UM.V.LJ.VRABASCO ORIGIN.100 ml;349103;;0,1000;l;4,49;44,90;;;5,49;3858893750192;Hrana
VINO CATTUNAR TERAN 0,75 L;349197;;0,7500;L;13,89;18,52;;;13,89;3859890724179;Piæa
VINO CATTUNAR MALVAZIJA 0,75 L;349201;;0,7500;L;13,39;17,85;;;13,39;3859890724018;Piæa
VINO JER.SIVI.PI.ZL.LIN.0,75 L;349215;;0,7500;L;7,99;10,65;;;8,65;3830001609011;Piæa
VI.JERUZ.O.SAUV/SIVI PI.0,75 L;349220;;0,7500;L;5,99;7,99;;;8,02;3830078701625;Piæa
WHISKY GLENMORANGIE O.0,7 L;349223;Glenmorangie;0,7000;L;41,88;59,83;;;41,88;5010494990300;Piæa
WHISKY GLENMORANGIE NECT.0,7 L;349225;Glenmorangie;0,7000;L;44,99;64,27;;;54,08;5010494951837;Piæa
VI.JERUZL.OR.SAUVIGNON 0,75 L;349226;;0,7500;L;9,39;12,52;;;10,65;3830001608991;Piæa
VINO DALMATIAN D. BABIÆ 0,75 L;349231;;0,7500;L;13,02;17,36;;;13,02;3859893402128;Piæa
VINO TERRAZAS MALBEC 0,75 L;349232;;0,7500;L;20,79;27,72;;;20,79;7790975003931;Piæa
PJ.ŠEMBER BRUT 0,75 L;349235;;0,7500;L;23,99;31,99;;;22,79;3859889463447;Piæa
PJ.ŠEMBER ROSE 0,75 L;349236;;0,7500;L;23,99;31,99;;;27,29;3859889463713;Piæa
VINO PINOT SIVI ILOÈKI 0,75 L;349237;;0,7500;L;7,05;9,40;;;7,05;3859892149932;Piæa
VINO ZELENAC KARUTH.0,75 L;349238;;0,7500;L;13,69;18,25;;;13,69;3859889217286;Piæa
LIKER JAGERMEISTER MANIF.0,5 L;349241;Jägermeister;0,5000;L;24,99;49,98;;;24,99;4067700026682;Piæa
LOBEL GIN 0,5 L;349243;;0,5000;L;;35,98;17,99;28,99;28,99;3859893552571;Piæa
RUM HAVANA 3YO 1 L 37,5%;349246;;1,0000;L;25,19;25,19;;;24,52;8501110089982;Piæa
VODKA HEDONA 0,7 L ,7,5%;349250;;0,7000;L;8,39;11,99;;;7,99;3858894171163;Piæa
GIN AURELIS 37,5% 0,7 L;349252;;0,7000;L;9,09;12,99;;;9,32;3858894171224;Piæa
SLAD.CONTE CURLY ÈOK. 6x110 ml;349264;SPAR;0,6600;L;3,99;6,05;;;3,99;9100000911816;Hrana
SLAD.CONTE CURLY JAGO.6x110 ml;349265;SPAR;0,6600;L;3,99;6,05;;;3,99;9100000911830;Hrana
PANIRANA SRDELA FROZY 300 g;349269;Frozy;0,3000;kg;2,99;9,97;;;2,49;3858891044842;Hrana
Brancin oèišæeni LL 330-500 g;349279;;1,0000;kg;11,99;11,99;;;9,99;3858890591392;Hrana
PAN.OSLIÆ FILET HUBBSI 400 g;349292;Frozy;0,4000;kg;4,49;11,23;;;4,49;3858891044866;Hrana
MLIJEKO SVJ.3,2% PET DUKAT 1 L;349296;Dukat;1,0000;L;1,49;1,49;;;1,48;3850354016083;Hrana
MLIJEKO SVJ. 3,2% DUKAT  1,5 L;349298;Dukat;1,5000;L;2,09;1,39;;;2,12;3850354016090;Hrana
JOGURT DUKAT 2,8% BOCA 1 kg ;349302;Dukat;1,0000;kg;2,49;2,49;;;2,32;3850354016021;Hrana
VINO S BUDGET PLAVAC MALI 3 L;349303;S-BUDGET;3,0000;L;8,99;3,00;;;8,99;3856021218101;Piæa
JOGURT TEK.2,8%MM DUKAT 1,5 kg;349304;Dukat;1,5000;kg;3,29;2,19;;;3,58;3850354016038;Hrana
SPRAY AIRWICK LAVANDA 300 ml;349305;Air Wick;0,3000;l;3,25;10,83;;;3,25;5999109541727;Sredstva za èišæenje
SPRAY AIRWICK MAGNOLIA 300 ml;349307;Air Wick;0,3000;l;3,25;10,83;;;3,25;5999109541741;Sredstva za èišæenje
NAP.MAN.SNACKS MIN.LJEŠ 300 g;349310;Manner;0,3000;kg;4,39;14,63;;;4,09;9000331607702;Hrana
NAP.MAN.SNACKS MIN.ÈOK.300 g;349312;Manner;0,3000;kg;4,39;14,63;;;3,49;9000331607719;Hrana
BOMB.MOZART BIJEL.ÈOK.231 g;349315;Mozart;0,2310;kg;;16,84;3,89;5,19;4,49;9001508890842;Hrana
JOGURT TEKUÆI 2,8% DUKAT 330 g;349316;Dukat;0,3300;kg;1,39;4,21;;;1,38;3850354016007;Hrana
JOGURT TEK.DUKAT 2,8% 500 g ;349318;Dukat;0,5000;kg;1,59;3,18;;;1,58;3850354016014;Hrana
JOG.VOÆ.ŠUM.VOÆE DUKAT 1 kg;349325;Dukat;1,0000;kg;2,55;2,55;;;2,39;3850354016052;Hrana
JOG.VOÆ. JAGODA DUKAT 1 kg;349337;Dukat;1,0000;kg;2,55;2,55;;;2,39;3850354016045;Hrana
KEFIR DUKAT 330 g;349345;Dukat;0,3300;kg;1,42;4,30;;;1,42;3850354015987;Hrana
KEFIR NATUR DUKAT 1 kg;349349;Dukat;1,0000;kg;2,49;2,49;;;2,42;3850354015956;Hrana
JOG.DR.B AKTI.INULN 1,5% 330 g;349350;Dukat;0,3300;kg;1,49;4,52;;;1,42;3850354015833;Hrana
JOGURT B AKTIV NATUR 1 kg;349352;Dukat;1,0000;kg;;2,39;2,39;2,99;2,82;3850354015819;Hrana
Baranjska kobasica Belje;349354;Belje;1,0000;kg;16,99;16,99;;;16,99;3850257052881;Hrana
JOG.DRINK B AKT.TREŠNJA 330 g;349361;Dukat;0,3300;kg;1,69;5,12;;;1,62;3850354015871;Hrana
JOG.DRINK B AKTIV JAGODA 1 kg;349362;Dukat;1,0000;kg;;2,39;2,39;2,99;2,82;3850354015826;Hrana
KULENOVA SEKA BELJE 100 g ;349363;Belje;0,1000;kg;2,99;29,90;;;2,99;3850257053239;Hrana
JOG.DRINK B AKTIV JAGODA 330 g;349364;Dukat;0,3300;kg;1,69;5,12;;;1,62;3850354015864;Hrana
JOG.DRINK B AKTIV ACAI 330 g;349365;Dukat;0,3300;kg;1,69;5,12;;;1,62;3850354015840;Hrana
JOG.B AKTIV JAB.DINJ.MRK.330 g;349366;Dukat;0,3300;kg;1,69;5,12;;;1,62;3850354015857;Hrana
SMOOTHIE JAG.ANAN.B AKTI.330 g;349367;Dukat;0,3300;kg;1,99;6,03;;;1,82;3850354015901;Hrana
SMOOT.BOROVN.BAN.B AKTIV 330 g;349371;Dukat;0,3300;kg;1,99;6,03;;;1,82;3850354015888;Hrana
SMOOT.KUP/BAN/ZOB B AKT.330 g;349373;Dukat;0,3300;kg;1,99;6,03;;;1,82;3850354015918;Hrana
SMOOT.VIŠ/MALINA B AKTIV 330 g;349376;Dukat;0,3300;kg;1,99;6,03;;;1,82;3850354015925;Hrana
SUPER SMOOT.MATCHA B AKT.330 g;349378;Dukat;0,3300;kg;1,99;6,03;;;1,82;3850354015949;Hrana
SUPER SMOO.KURKUMA B AKT.330 g;349379;Dukan;0,3300;kg;1,99;6,03;;;1,82;3850354015932;Hrana
MLIJ.SVJ. 1,5% Z BREG.PET 1 L;349388;Vindija;1,0000;L;1,49;1,49;;;1,48;3850108011067;Hrana
MLIJ.SVJ. 3,2% Z BREG.PET 1 L;349389;Vindija;1,0000;L;1,49;1,49;;;1,48;3850108011814;Hrana
JOGURT 2,8%Z BREG.BOCA 1000 g;349391;Vindija;1,0000;kg;2,49;2,49;;;2,42;3850108037388;Hrana
JOGURT 0,9%Z BREG.BOCA 1000 g;349395;Vindija;1,0000;kg;2,59;2,59;;;2,42;3850108037395;Hrana
TJES.MARODI REZ.ŠIR.ŠPIN.400 g;349398;;0,4000;kg;2,99;7,48;;;2,99;3859888666726;Hrana
MLIJEKO SV.3,2% Z BREG.1,75 L;349454;Vindija;1,7500;L;2,45;1,40;;;2,42;3850108011760;Hrana
MLIJEKO SVJEŽE 21 DAN 3,2% 1 L;349455;Vindija;1,0000;L;1,49;1,49;;;1,52;3850108011845;Hrana
MLIJEKO SVJEŽE 21 DAN 1,5% 1 L;349456;Vindija;1,0000;L;1,49;1,49;;;1,52;3850108011852;Hrana
PROT.MLIJ.NAP.VANILIJA 0,5 L;349457;Vindija;0,5000;L;2,52;5,04;;;2,52;3850108023701;Hrana
PROT.MLIJ.NAP.ÈOKOLADA 0,5 L;349458;Vindija;0,5000;L;2,52;5,04;;;2,52;3850108023718;Hrana
PROT.MLIJ.NAP.JAGODA 0,5 L;349459;Vindija;0,5000;L;2,52;5,04;;;2,52;3850108023725;Hrana
JOGURT TEK.2,8% Z BREGOV 500 g;349460;Vindija;0,5000;kg;1,65;3,30;;;1,55;3850108037371;Hrana
SALVETA DAISY 33x33cm,20/1;349463;;1,0000;kom;1,99;1,99;;;1,99;5901646032422;Proizvodi za kuæanstvo
JOGURT 2,8%MM PET Z BR.1,75 kg;349466;Vindija;1,7500;kg;4,05;2,31;;;4,05;3850108037265;Hrana
BOMB.ŽELE KOCKE KANDIT 320 g;349470;Kandit;0,3200;kg;2,65;8,28;;;2,65;3856024802338;Hrana
ACID.MLIJEKO 3,2MM Z BREG.1 kg;349473;Vindija;1,0000;kg;2,59;2,59;;;2,52;3850108037296;Hrana
KEFIR Z BREGO.3,5%MM BOCA 1 kg;349476;Vindija;1,0000;kg;2,59;2,59;;;2,52;3850108037531;Hrana
KEFIR ZBREGOV 330 g;349483;Vindija;0,3300;kg;1,39;4,21;;;1,32;3850108037562;Hrana
JOG.VOÆNI Z´BREG.JAG/VAN 330 g;349499;Freska;0,3300;kg;1,25;3,79;;;1,29;3850108037425;Hrana
JOG.VOÆNI Z´BRG.MAL/KUP 330 g;349502;Freska;0,3300;kg;1,25;3,79;;;1,29;3850108037449;Hrana
KEFIR S-BUDGET 1 kg;349512;S-BUDGET;1,0000;kg;1,69;1,69;;;1,92;3856021211188;Hrana
JOG.TEK. 2,8% S BUDGET 1000 g;349513;S-Budget;1,0000;kg;1,69;1,69;;;1,69;3856021218996;Hrana
JOG.TEK.PRO+VITAL 1,5M.M.1 kg;349519;SPAR Vital;1,0000;kg;1,82;1,82;;;1,79;3856021218989;Hrana
ŠAMP.OGX ARGAN M.385 ml;349520;OGX;0,3850;l;7,95;20,65;;;7,95;0022796976116;Kozmetika
ŠAMP.OGX ANTI BR.KRE 385 ml;349523;OGX;0,3850;l;7,95;20,65;;;7,95;0022796977519;Kozmetika
SIRUTKA OD KR.MLI.EUROMILK 1 L;349524;Euro Milk;1,0000;L;1,19;1,19;;;1,22;3858891730240;Hrana
REG.OGX MOROC.ARGAN 385 ml;349525;OGX;0,3850;l;7,95;20,65;;;7,95;0022796976123;Kozmetika
STEPKA EURO-MILK 1000 g;349527;Euro Milk;1,0000;kg;1,59;1,59;;;1,62;3858891730264;Hrana
REG.OGX AN.BREA.KERATIN 385 ml;349528;OGX;0,3850;l;7,95;20,65;;;7,95;0022796977526;Kozmetika
JOG.BAL.+IMUNO 0,9% m.m. 1 kg;349530;Imlek A.D;1,0000;kg;2,25;2,25;;;2,22;3870199002737;Hrana
JOG.PROB.BAL.+IMLEK 0,9% 1 kg;349532;Imlek A.D;1,0000;kg;2,25;2,25;;;2,22;3870199002720;Hrana
KEFIR BALANS + 2,8%m.m.1 kg;349533;Imlek A.D;1,0000;kg;1,99;1,99;;;2,02;3870199003574;Hrana
NEKTAR JUICY NARANÈA 2 L;349534;Juicy;2,0000;l;3,99;2,00;;;3,85;3858890979220;Piæa
JUICY FRUITS BAZGA LIMUN 1,5 L;349537;Juicy;1,5000;l;1,69;1,13;;;1,62;3858890978360;Piæa
JUICY FRUITS BAZGA LIMUN 0,5 L;349553;Juicy;0,5000;l;1,09;2,18;;;1,09;3858890978339;Piæa
JOGURT TEKUÆ.2,8% MEGGLE 330 g;349554;Meggle;0,3300;kg;1,22;3,70;;;1,22;3870085030196;Hrana
GAZI.PIÆE SKY COLA ZERO 0,33 L;349580;Sky;0,3300;l;,99;3,00;;;0,99;3875000182288;Piæa
GAZIRANO PIÆE SKY COLA 0,33 L;349581;Sky;0,3300;l;,99;3,00;;;0,99;3875000182318;Piæa
MIN.VOD.JAMNICA MILD 1,5 L GAZ;349583;Jamnica;1,5000;l;,99;0,66;;;0,99;3858890875577;Piæa
MIN.VOD.JAMNICA MILD 0,5 L GAZ;349584;Jamnica;0,5000;l;,85;1,70;;;0,85;3858890875546;Piæa
ÈOK.KRAŠ TORT.CRUNCHY 21 g;349587;Kraš;0,0210;kg;0,55;26,19;;;0,55;3850102521449;Hrana
JOGURT TEK.MEGGLE  2,8%MM 1 kg;349589;Meggle;1,0000;kg;2,29;2,29;;;2,29;3870085030035;Hrana
SIRUTKA OD KOZ.ML.GABRIJ.0,5 L;349607;Gabriel;0,5000;L;1,22;2,44;;;1,22;3859892805548;Hrana
KEFIR OD KOZ.MLIJ.GABRIE.0,5 L;349608;Gabriel;0,5000;L;2,52;5,04;;;2,52;3859892805562;Hrana
JOG.OD KOZ.MLIJ.GABRIEL 0,5 L;349609;Gabriel;0,5000;L;2,42;4,84;;;2,42;3859892805555;Hrana
JOG.KOZJI CAPRA DOMESTIC.0,5 L;349610;;0,5000;L;2,92;5,84;;;2,92;3859893605246;Hrana
KEFIR KOZJI CAPRA DOMEST.0,5 L;349611;;0,5000;L;3,02;6,04;;;3,02;3859893605253;Hrana
ULJE MIXA BABY ZA KUPAN.250 ml;349617;Mixa Baby;0,2500;l;4,99;19,96;;;4,99;3600550929324;Kozmetika
TORTA LIMUN  DESPAR 350 g;349628;DESPAR;0,3500;kg;2,99;8,54;;;2,78;8001300502210;Hrana
KAPSULE DG ESPRES.BUONDI 112 g;349638;Nescafe;0,1120;kg;5,49;49,02;;;6,49;7613287300515;Piæa
NAPITAK O´PLANT ZOB BARIS.1 L;349643;O´PLANT;1,0000;l;3,29;3,29;;;3,29;3856020250027;Piæa
NAPITAK O´PLANT BADEM 1 L;349644;O´PLANT;1,0000;l;2,99;2,99;;;2,99;3856020249908;Piæa
NAPITAK O´PLANT ZOB BADEM 1 L;349645;O´PLANT;1,0000;l;3,29;3,29;;;3,29;3856020249878;Piæa
RIB EYE STEAK 300 g;349662;;1,0000;KG;28,49;28,49;;;28,49;3858881611634;Hrana
SUŠILO ZA RUBLJE ALBATROS 25m;349735;;1,0000;kom;37,16;37,16;;;37,16;8003186042200;Proizvodi za kuæanstvo
PROT.MLIJ.NAP.PISTACIJA 0,5 L ;349737;Vindija;0,5000;L;2,52;5,04;;;2,52;3850108023794;Hrana
POSL.ZA PSE VITA.INS.ST.2X12 g;349750;Vitakraft;0,0240;kg;1,69;70,42;;;1,69;4008239595188;Proizvodi za kuæanstvo
DŽEM DIDA BOŽA MANDARINA 240 g;349760;Dida Boza;0,2400;kg;4,19;17,46;;;3,69;3859893011597;Hrana
KUGLICE NP DAT.OR.VOÆE 80 g;349801;Spar Natur pur;0,0800;kg;2,69;33,63;;;2,69;9100000909851;Hrana
KUGLICE NP DATU.IN.ORAŠ.80 g;349803;Spar Natur pur;0,0800;kg;2,69;33,63;;;2,69;9100000909875;Hrana
PANCETA ISTARSKA 80 g;349837;Histris;0,0800;kg;3,29;41,13;;;3,19;3859893167249;Hrana
PANCETA ISTARSKA cca. 300 g;349839;Histris;1,0000;kg;31,99;31,99;;;28,99;4272200000005;Hrana
KOBASICA ISTARSKA 200 g;349840;Histris;0,2000;kg;;32,45;6,49;7,59;5,49;3859893167379;Hrana
SALAMA TRAJNA ISTRIJANKA 80 g;349841;Histris;0,0800;kg;3,49;43,63;;;3,19;3859893167065;Hrana
KOBASICA ISTARSKA S RUŽ. 200 g;349845;Histris;0,2000;kg;;31,95;6,39;8,39;6,89;3859893167881;Hrana
KOB. ISTAR. OD BOŠKARINA 200 g;349847;Histris;0,2000;kg;7,99;39,95;;;7,99;3859893167898;Hrana
SMOOT.SPIRULINA B.AKTIV 330 g;349848;Dukat;0,3300;l;1,99;6,03;;;1,82;3850354016472;Hrana
SALAMA MEDITERRANEO 80 g;349849;Histris;0,0800;kg;3,69;46,13;;;3,19;3859893167997;Hrana
ENJOY ORANGE COOKIE 5 g;349897;SPAR enjoy;0,0050;kg;,06;12,00;;;0,06;3856021219436;Hrana
ZAÈIN TARTUF CRNI ZIGANTE 50 g;349901;Zigante;0,0500;kg;13,99;279,80;;;13,99;3858891981734;Hrana
ZAÈ.TARTUF BIJELI ZIGANTE 50 g;349902;Zigante;0,0500;kg;15,99;319,80;;;15,99;3858891981741;Hrana
BRAŠ.PŠ.PIZZA T-550 ÈAK.M.1 kg;349931;;1,0000;kg;1,79;1,79;;;1,72;3858884175751;Hrana
BRAŠ.PŠ.BUREK T-700 ÈAK.M.1 kg;349932;;1,0000;kg;1,79;1,79;;;1,72;3858884175768;Hrana
HRENOVKA PILEÆA 100 g;349941;Poli;0,1000;kg;0,79;7,90;;;0,79;3838977041675;Hrana
BU RUKAVICE LATEX S/M;349949;S-BUDGET;1,0000;kom;0,99;0,99;;;2,49;9100000909769;Proizvodi za kuæanstvo
BU RUKAVICE LATEX  M/L,28637;349950;S-BUDGET;1,0000;kom;0,99;0,99;;;2,49;9100000909776;Proizvodi za kuæanstvo
PIVO LAŠKO LIM.4x0,5 L;349951;Zlatorog;2,0000;L;5,45;2,73;;;5,27;3830001712667;Piæa
ULJE MASL.EXT.DJ.UNORO 1 L;349960;;1,0000;L;8,99;8,99;;;9,99;8007153008329;Hrana
ULJE MASL.EX.DJ.FARCH.100% 1 L;349961;;1,0000;L;14,99;14,99;;;14,99;8007153001177;Hrana
SUHA KOBASICA S BUDGET;349962;S-Budget;1,0000;kg;17,99;17,99;;;16,99;3856021219429;Hrana
PIVO KARLOVAÈKO 4X0,5 L LIMEN.;349965;Karlovacko;2,0000;L;5,49;2,75;;;5,31;3850103001476;Piæa
DJEÈJA PASTA JGL 150 ml;349967;Jgl;0,1500;L;6,63;44,20;;;6,63;3858891012889;Kozmetika
MAJONEZA LAGAN.ZVIJEZDA 620 g ;349968;Zvijezda;0,6200;kg;5,29;8,53;;;4,99;3856015321909;Hrana
VINO LAGUNA MALV.VIŽIN.0,75 L;349975;Laguna;0,7500;L;23,92;31,89;;;23,92;3858881194434;Piæa
PJ.VERALDA NATURE B.CUV.0,75 L;349986;;0,7500;L;20,22;26,96;;;20,22;3859890332305;Piæa
Masline zelene punj.grè.sirom;349989;;1,0000;kg;14,59;14,59;;;14,59;;Hrana
Paprièice naran.punjene sirom;349990;;1,0000;kg;26,53;26,53;;;26,53;;Hrana
VINO ZIGANTE CAB.S.RIS.0,75 L;349991;Zigante;0,7500;L;14,68;19,57;;;14,68;3858891981079;Piæa
TONIC SAN PELLEGRINO OAK 0,2 L;349993;San Pellegrino;0,2000;l;1,92;9,60;;;1,92;8002270606632;Piæa
KRAFNA SPAR KAKAO VANIL. 240 g;350001;SPAR marka kvalitete;0,2400;kg;3,19;13,29;;;3,19;3856021219139;Hrana
GIN SAX GINGER 0,7 L;350005;;0,7000;L;12,58;17,97;;;12,58;3850112145048;Piæa
KAŠICA NATUR PUR ZOBENA 250 g;350017;Spar Natur pur;0,2500;kg;2,79;11,16;;;2,78;9100000913360;Hrana
KAŠICA NATUR PUR PŠEN.250 g;350018;Spar Natur pur;0,2500;kg;2,79;11,16;;;2,78;9100000913346;Hrana
KAŠICA NAT.PUR PŠEN.PIR.250 g;350020;Spar Natur pur;0,2500;kg;2,79;11,16;;;2,78;9100000913407;Hrana
DODATAK ZA SALATE SANA 250 g;350032;Sana;0,2500;kg;3,99;15,96;;;4,99;3858892321621;Hrana
TUNA SALATA RIO MARE SLA.160 g;350033;Rio Mare;0,1600;kg;4,68;29,25;;;4,68;8004030855038;Hrana
NAPITAK DAR ZOB ÈOKOLADA 1 L;350034;DAR;1,0000;l;2,99;2,99;;;3,29;3850108028034;Piæa
WHISKY JACK DANIELS 0,2 L;350035;;0,2000;L;8,79;43,95;;;8,28;5099873046173;Piæa
NAPITAK DAR PRŽENI BADEM 1 L;350036;DAR;1,0000;l;2,69;2,69;;;2,69;3850108028010;Piæa
NAPITAK DAR NEPRŽENI BADEM 1 L;350037;DAR;1,0000;l;2,99;2,99;;;2,99;3850108028003;Piæa
NAPITAK DAR ZOB 1 L;350038;DAR;1,0000;l;2,69;2,69;;;2,69;3850108028027;Piæa
SUDŽUK PUREÆI 400 g;350042;Vindon;0,4000;kg;7,99;19,98;;;7,49;3850281937468;Hrana
PIVO STRAÈEŠKO LIMENKA 0,5 L;350045;Staroèesko;0,5000;L;1,29;2,58;;;1,38;3859892222185;Piæa
PIVO STIEGL GOLDBRAU LIM.0,5 L;350048;Stiegl;0,5000;L;1,88;3,76;;;1,98;9003402660088;Piæa
GRAH BONDUELLE BRETONA 430 g;350053;Bonduelle;0,4300;kg;2,09;4,86;;;2,09;3083680001793;Hrana
GRAH BONDUELLE CRVENI 200 g;350054;Bonduelle;0,1200;kg;1,14;9,50;;;1,14;3083680496117;Hrana
GAZIRANO PIÆE NARA 1,5 L;350063;Nara;1,5000;l;1,89;1,26;;;1,89;3856022302199;Piæa
GAZ.PIÆE INKA BITTER LEM.1,5 L;350064;Inka;1,5000;l;1,89;1,26;;;1,89;3856022301901;Piæa
GAZ. PIÆE TONIC WAT.INKA 1,5 L;350066;Inka;1,5000;l;1,89;1,26;;;1,89;3856022301932;Piæa
PIVO PILSNER URQUEL 0,5 L P.A;350077;Pilsner Urquell;0,5000;L;1,49;2,98;;;1,39;8594404018324;Piæa
SOK JABUKA 100% VRTOVI HRV.3 L;350085;SPAR Vrtovi Hrvatske;3,0000;l;5,29;1,76;;;5,19;3856021227660;Piæa
PLOÈICA NUTTY BARICA 50 g;350091;;0,0500;kg;2,35;47,00;;;2,14;3857500109637;Hrana
PLOÈICA NUTTY BARICA 50 g;350092;;0,0500;kg;2,35;47,00;;;2,14;3857500109606;Hrana
PLOÈICA NUTTY BARICA 50 g;350094;;0,0500;kg;2,35;47,00;;;2,14;3857500109613;Hrana
FLIPS NATUR PUR KUKURUZNI 30 g;350106;Spar Natur pur;0,0300;kg;1,09;36,33;;;1,09;9100000907901;Hrana
FLIPS NAT.PUR KUK.JAG.JAB.30 g;350107;Spar Natur pur;0,0300;kg;1,09;36,33;;;1,09;9100000907949;Hrana
FLIPS TACCOS CHIO ROŠTILJ 65 g;350108;Chio;0,0650;kg;1,49;22,92;;;1,69;5997312702058;Hrana
KAVA GLORIA MLJEVENA 400 g;350116;Gloria;0,4000;kg;7,79;19,48;;;7,79;3850291052380;Piæa
SAP.PALMOL.HYGIENE 90 g;350130;Palmolive;0,0900;kg;1,25;13,89;;;1,25;8718951392458;Kozmetika
GRAH ŠARENI SPAR 500 g;350138;SPAR;0,5000;kg;1,99;3,98;;;1,99;3856021218804;Hrana
GRAH BIJELI SPAR 500 g;350139;SPAR;0,5000;kg;1,99;3,98;;;1,99;3856021218781;Hrana
PATRONE WILKINSON HYDRO 5 4/1;350140;Wilkinson;4,0000;kom;17,99;4,50;;;17,99;4027800402205;Kozmetika
DATULJA NATURA BEZ KOŠT.500 g;350158;Natura;0,5000;kg;2,65;5,30;;;2,65;3859893512339;Hrana
KIKIRIKI OLJ.PEÈ.SLAN.NAT.70 g;350160;Natura;0,0700;kg;1,39;19,86;;;1,39;3859893512193;Hrana
KUKURUZ PRŽ.SLANI NATURA 60 g;350162;Natura;0,0600;kg;1,12;18,67;;;1,12;3859891427222;Hrana
KUKURUZ PEÈ.SLANI NATURA 60 g;350163;Natura;0,0600;kg;1,39;23,17;;;1,39;3859893512254;Hrana
IND.ORAH PEÈ.SLANI NATURA 60 g;350166;Natura;0,0600;kg;1,89;31,50;;;1,89;3859893512582;Hrana
PISTACIJA PEÈ.SL.NATURA 50 g;350168;Natura;0,0500;kg;1,89;37,80;;;1,89;3859893512629;Hrana
ÈETKICA DJ.COLGATE 1/1 ;350253;Colgate;1,0000;kom;3,99;3,99;;;4,64;8718951376601;Toaletne potrepštine
KAŠICA BEBIVITA JAB.KRUŠ.250 g;350259;Bebivita;0,2500;kg;1,49;5,96;;;1,45;4018852036456;Hrana
OSV.BREF SPRING RAIN 2X42 g ;350272;Bref;0,0840;kg;3,29;39,17;;;4,95;9000101509427;Sredstva za èišæenje
SIR SKYR NP BIO VANILIJA 400 g;350276;Natur pur;0,4000;kg;1,99;4,98;;;1,99;9100000914794;Hrana
ÈOK.MLIJ.BIO NP ÈOKOLA. 235 ml;350278;Natur pur;0,2350;L;1,09;4,64;;;0,99;9100000908564;Hrana
ORBIT BUBBLEM.DRAŽ.REFR.15,6 g;350283;Wrigley;0,1560;kg;0,99;6,35;;;0,99;4009900535823;Hrana
BOMBON.MERCI BLACK&WHITE 240 g;350285;Merci;0,2400;kg;7,99;33,29;;;5,99;4014400931297;Hrana
Kulen baranjski Belje;350286;Belje;1,0000;kg;23,99;23,99;;;32,99;3850257053031;Hrana
SLANINA DIMLJENA BELJE VP;350288;Belje;1,0000;kg;23,99;23,99;;;23,99;3850257053024;Hrana
KOBASICA BARANJSKA BELJE 250 g;350289;Belje;0,2500;kg;4,99;19,96;;;4,99;3850257052201;Hrana
Pureæa prsa u ovitku ;350327;Pik;1,0000;kg;17,19;17,19;;;14,99;3850139635225;Hrana
ŠUNKA PUREÆA CLASSIC 100 g PIK;350328;Pik;0,1000;kg;2,49;24,90;;;2,25;3850139520316;Hrana
Šunka pureæa dimljena Pik;350329;Pik;1,0000;kg;22,19;22,19;;;18,99;3850139520446;Hrana
ŠUNKA PUREÆA DIMLJENA 100 g ;350330;Pik;0,1000;kg;2,79;27,90;;;2,59;3850139520453;Hrana
PASTA COLGATE JUNIOR 50 ml;350334;Colgate;0,0500;l;2,65;53,00;;;2,65;8718951433120;Kozmetika
KRUH KUK.MIJE.BEZ GLUTEN.360 g;350343;;0,3600;kg;4,49;12,47;;;4,49;3859893064876;Hrana
NAMAZ SIR.CLASS.PAŠK.SIR.200 g;350348;;0,2000;kg;2,59;12,95;;;1,99;3859892884802;Hrana
NAMAZ SIR.TARTUF PAŠ.SIR.200 g;350349;;0,2000;kg;3,29;16,45;;;2,49;3859892884826;Hrana
NAM.OD AVOK.GUACAM.SANA 200 g ;350350;Sana;0,2000;kg;3,79;18,95;;;3,71;3858892321836;Hrana
ULJE SUNCO.HLAD.PREŠ.SUNCE 1 L;350351;;1,0000;L;;2,49;2,49;3,59;3,19;3857500104311;Hrana
Voæna salata kiwi/borovnica;350359;SPAR enjoy;1,0000;kg;7,99;7,99;;;6,99;;Hrana
SLAD.KING OBSESSION 3x100 ml;350361;Ledo;0,3000;L;6,99;23,30;;;6,99;3850116037677;Hrana
PIZZA MARGHERITA LEDO 300 g;350367;Ledo;0,3000;kg;3,99;13,30;;;3,99;3850116038186;Hrana
PIZZA CAPRICCIOSA LEDO 330 g;350368;Ledo;0,3300;kg;4,29;13,00;;;3,99;3850116038155;Hrana
SLA.SPAR EISSALON LIMUN 480 ml;350370;SPAR;0,4800;L;4,99;10,40;;;4,99;9100000716275;Hrana
SLA.PANNA.JAG.SPAR EISS.480 ml;350372;SPAR;0,4800;L;4,99;10,40;;;4,99;9100000716411;Hrana
TOFU NATUR BIO ANNAPURNA 200 g;350373;;0,2000;kg;1,59;7,95;;;1,59;3859890343288;Hrana
KOBASICA STELLINA ANNAP.120 g;350376;;0,1200;kg;2,65;22,08;;;2,65;3859890343097;Hrana
SPAR FOLIJA ALUMINIJSKA 30 m;350377;SPAR marka kvalitete;1,0000;kom;3,99;3,99;;;3,99;9100000022260;Proizvodi za kuæanstvo
SPAR FOLIJA ALUMINIJSKA 50 m;350378;SPAR marka kvalitete;1,0000;kom;6,99;6,99;;;6,99;9100000022291;Proizvodi za kuæanstvo
SPAR FOLIJA ALUMINIJSKA 100 m;350381;SPAR marka kvalitete;1,0000;kom;14,99;14,99;;;14,99;9100000898407;Proizvodi za kuæanstvo
SPAR FOLIJA PRIJANJ.30X29 cm;350382;SPAR marka kvalitete;1,0000;kom;2,99;2,99;;;2,99;9100000905952;Proizvodi za kuæanstvo
SPAR FOLIJA PRIJANJAJUÆA EKO;350383;SPAR marka kvalitete;1,0000;kom;1,99;1,99;;;1,99;9100000905976;Proizvodi za kuæanstvo
SPAR FOLIJA PRIJANJ.50 LISTOVA;350386;SPAR marka kvalitete;1,0000;kom;1,49;1,49;;;1,49;9100000905914;Proizvodi za kuæanstvo
POKLON PAKET OLIVAL RUŽIN SET ;350398;Olival;1,0000;KOM;16,79;16,79;;;21,29;3858892693131;Kozmetika
EKO.DET.MELLI AROMATICA 1 L;350407;MELLI;1,0000;L;7,99;7,99;;;7,99;3857500114501;Sredstva za èišæenje
EKO OME.MELLI AROMATICA 500 ml;350408;MELLI;0,5000;L;5,99;11,98;;;5,99;3857500114518;Sredstva za èišæenje
VODA JANA KIDS 0,33 L;350410;Jana;0,3300;l;,89;2,70;;;0,89;3858890876970;Piæa
PIVO MARMUN BOCA 0,5 L;350421;;0,5000;L;1,79;3,58;;;1,89;3859893325038;Piæa
LIKER TERANINO PRODAN 0,5 L;350422;;0,5000;L;10,59;21,18;;;10,32;3859890283935;Piæa
VINO ZLATOKOSA MALVAZ.0,75 L;350423;;0,7500;L;9,42;12,56;;;9,42;3859890283928;Piæa
PJEN.VINO PIENA 0,75 L CHARMAT;350424;;0,7500;L;;13,32;9,99;12,99;12,89;3857500082503;Piæa
VINO ÆASIÆ SUVIGNON 0,75 L;350432;;0,7500;L;7,99;10,65;;;7,99;3859893250071;Piæa
PELENE GAÆ.PAMPERS JU.62/1;350434;Pampers;62,0000;kom;14,99;0,24;;;14,99;8006540069233;Toaletne potrepštine
GIN GORD. SICILIAN LEMON 0,7 L;350441;;0,7000;L;19,99;28,56;;;21,02;5000289932479;Piæa
PROSE.MIONETTO ROSE 0,75 L;350447;;0,7500;L;14,79;19,72;;;15,39;8006220003274;Piæa
WHISKY ARDBEG W. BEASTIE 0,7 L;350454;;0,7000;L;39,99;57,13;;;51,09;5010494961577;Piæa
VINO MER&CAB.IURIS 0,75 L;350466;;0,7500;L;9,92;13,23;;;9,92;3859891102136;Piæa
VINO CAB.S.SALTWATER 0,75 L;350467;;0,7500;L;10,68;14,24;;;10,68;3859891102143;Piæa
COGNAC HENNESSY 0,7 L VSOP;350470;;0,7000;L;68,02;97,17;;;68,02;3245999484319;Piæa
VINO ŽDREB.K.BIJELO 1 L;350482;;1,0000;L;4,38;4,38;;;4,38;8600102938649;Piæa
LIKER PELINKOVAC 0,1 L 4 PACK;350492;;0,4000;L;6,99;17,48;;;6,99;3850112111777;Piæa
VINO BLATO KORÈULANKA 0,75 L;350493;;0,7500;L;8,59;11,45;;;8,59;3859888154018;Piæa
PJENUŠAC TODAY BLANC 0,75 L;350496;;0,7500;L;8,52;11,36;;;8,52;3859893924026;Piæa
AZIJSKI MIX S-BUDGET 750 g;350497;S-Budget;0,7500;kg;3,49;4,65;;;2,99;9100000898148;Hrana
VINO CAB.SAU.FRANC MIS.0,75 L ;350503;;0,7500;L;9,09;12,12;;;7,88;3859888310315;Piæa
LIKER TERANINO BOGATI 0,2 L;350504;;0,2000;L;8,99;44,95;;;8,82;3859889132060;Piæa
SLANINA DOMAÆA S BUDGET VP;350520;S-Budget;1,0000;kg;16,49;16,49;;;14,99;3856021219467;Hrana
VAFEL S KARAM.PUNJ.SPAR 400 g;350549;SPAR;0,4000;kg;2,99;7,48;;;2,99;8710671206619;Hrana
ÈOK.DORINA KUHA.BIJELA 200 g;350553;Dorina;0,2000;kg;;22,75;4,55;5,69;5,69;3850102008643;Hrana
SPAR VR. ZA SMEÆ EXT 25L 30/1;350554;SPAR marka kvalitete;30,0000;kom;2,39;0,08;;;2,39;9100000545554;Proizvodi za kuæanstvo
SPAR VR. ZA SMEÆ EXT 35L 25/1;350555;SPAR marka kvalitete;25,0000;kom;3,29;0,13;;;3,29;9100000545561;Proizvodi za kuæanstvo
SPAR VR. ZA SME MIRIS.20L 20/1;350556;SPAR marka kvalitete;20,0000;kom;1,79;0,09;;;1,79;9100000545585;Proizvodi za kuæanstvo
SPAR VR. ZA SME EKO.20L 25/1;350557;SPAR marka kvalitete;25,0000;kom;2,69;0,11;;;2,69;9100000545622;Proizvodi za kuæanstvo
MINI NUTISSIMA TORTA 650 g;350565;;0,6500;kg;;13,83;8,99;13,19;13,19;3858889895685;Hrana
MINI TORTA ÈOKOLADNA  630 g;350568;;0,6300;kg;;14,27;8,99;13,19;13,19;3858889895609;Hrana
SP MARAM.PROTIV PRAŠINE 20/1;350579;Splendid;20,0000;kom;2,59;0,13;;;2,59;9100000637730;Proizvodi za kuæanstvo
SP METLA GUMENA,28073;350580;Splendid;1,0000;kom;4,99;4,99;;;4,99;9100000897950;Proizvodi za kuæanstvo
GREEK STYLE GREENVIE 200 g;350590;;0,2000;kg;2,79;13,95;;;2,79;5292874001299;Hrana
Kolaè maðarica 70 g;350601;;0,0700;kg;1,19;17,00;;;1,19;3859890209317;Hrana
Kolaè kokos kocka 70 g;350602;;0,0700;kg;1,19;17,00;;;1,19;3859890209454;Hrana
Kolaè jelin 70 g;350603;;0,0700;kg;1,19;17,00;;;1,19;3859890209485;Hrana
Kolaè schwarzvald  kocka 70 g;350604;;0,0700;kg;1,19;17,00;;;1,19;3859890209492;Hrana
DET.ÈARLI BALSAM 450 ml;350612;Èarli;0,4500;l;1,29;2,87;;;1,29;3850111304163;Sredstva za èišæenje
DET.ÈARLI DIVLJA TREŠNJ.450 ml;350613;Èarli;0,4500;l;1,29;2,87;;;1,29;3850111304118;Sredstva za èišæenje
KAŠ.NATUR PUR JAB.BAN.BR.190 g;350626;Spar Natur pur;0,1900;kg;1,49;7,84;;;1,49;9100000909332;Hrana
KAP.FRANCK NOTA L.MAC.198 g;350634;Franck;0,1980;kg;5,99;30,25;;;5,99;3850291053028;Piæa
KAŠ.NATUR PUR JAB.KRU.JA.190 g;350637;Spar Natur pur;0,1900;kg;1,49;7,84;;;1,49;9100000909295;Hrana
KAP.FRANCK NOTA LUNGO 112 g;350640;Franck;0,1120;kg;5,99;53,48;;;5,99;3850291053042;Piæa
KAP.FRANCK NOTA ESPRESSO 112 g;350642;Franck;0,1120;kg;5,99;53,48;;;5,99;3850291053011;Piæa
KAŠ.NATUR PUR JAB.KR.GR.190 g;350645;Spar Natur pur;0,1900;kg;1,39;7,32;;;1,39;9100000909370;Hrana
SPAR TRAJNA FOLIJA ZA PEÈENJE ;350661;SPAR marka kvalitete;1,0000;kom;;2,99;2,99;3,99;2,99;9100000898445;Proizvodi za kuæanstvo
SPAR ZAŠTITNA FOLIJA 36x45 cm;350662;SPAR marka kvalitete;1,0000;kom;;2,99;2,99;3,99;2,99;9100000898452;Proizvodi za kuæanstvo
KAŠ.NATUR PUR JAB.BAN.PR.190 g;350665;Spar Natur pur;0,1900;kg;1,49;7,84;;;1,42;9100000909394;Hrana
KAŠ.NATUR PUR JABUKA BAN.190 g;350667;Spar Natur pur;0,1900;kg;1,49;7,84;;;1,49;9100000909318;Hrana
KAŠICA NATUR PUR POV.PIL.190 g;350674;Spar Natur pur;0,1900;kg;1,59;8,37;;;1,59;9100000909455;Hrana
KAŠ.NATUR PUR JAB.KRU.DV.190 g;350675;Spar Natur pur;0,1900;kg;1,39;7,32;;;1,39;9100000909417;Hrana
KAŠ.NATUR PUR BIRC.MUSLI 190 g;350676;Spar Natur pur;0,1900;kg;1,39;7,32;;;1,39;9100000909431;Hrana
KAŠICA NATUR PUR KRU.JAB.190 g;350677;Spar Natur pur;0,1900;kg;1,49;7,84;;;1,49;9100000909271;Hrana
KAŠ.NAT.PUR MRK.BRO.REZ.220 g;350681;Spar Natur pur;0,2200;kg;1,49;6,77;;;1,49;9100000909592;Hrana
KAŠ.NAT.PUR POV.RIŽ.PUR.220 g;350683;Spar Natur pur;0,2200;kg;1,59;7,23;;;1,59;9100000909493;Hrana
KAŠ.NAT.PUR KUS-KUS POV.220 g;350684;Spar Natur pur;0,2200;kg;1,49;6,77;;;1,49;9100000909639;Hrana
KAŠ.NAT.PUR ŠPA.PIR LOS.220 g;350688;Spar Natur pur;0,2200;kg;1,99;9,05;;;1,99;9100000909653;Hrana
VAF.LOACK.THINS ESPRESSO 150 g;350713;Loacker;0,1500;kg;2,19;14,60;;;2,19;8000380150328;Hrana
KEKS LOTUS BISCOFF  124 g;350714;Bisc;0,1240;kg;1,69;13,63;;;1,69;5410126006339;Hrana
VAF.LOACK.THINS NAPOLIT.150 g;350716;;0,1500;kg;2,19;14,60;;;2,19;8000380201600;Hrana
REFIL BIOKILL EXTRA 500 ml;350720;Biokill;0,5000;L;4,49;8,98;;;4,49;3838980105210;Proizvodi za kuæanstvo
SPREJ BIOKILL EXTRA 500 ml;350728;Biokill;0,5000;L;4,95;9,90;;;4,95;3838980105203;Proizvodi za kuæanstvo
KAŠICA FRUTEK VOÆNA 100 g;350731;Fructal;0,1000;kg;1,39;13,90;;;1,39;3838945039260;Hrana
KAŠICA FRUTEK JAB.Š.VOÆE 100 g;350732;Fructal;0,1000;kg;1,39;13,90;;;1,39;3838945439602;Hrana
ÈOK.SNICKERS SUPER+1 112,5 g;350867;Snickers;0,1125;kg;1,99;17,69;;;1,99;5900951310843;Hrana
ACETON DESPAR XME 125 ml;350870;Despar;0,1250;L;0,85;6,80;;;0,85;8001300891147;Kozmetika
S SALVETE BORDO  30/1,33x33cm;350937;SPAR marka kvalitete;1,0000;kom;0,99;0,99;;;1,19;9100000634074;Proizvodi za kuæanstvo
S SALVETE T.ZELENA 30/1,33x33c;350938;SPAR marka kvalitete;1,0000;kom;0,99;0,99;;;1,19;9100000634098;Proizvodi za kuæanstvo
S SALVETE SV.SIVA 30/1,33x33cm;350939;SPAR marka kvalitete;1,0000;kom;0,99;0,99;;;1,19;9100000634128;Proizvodi za kuæanstvo
S SALVETE BIJELE 50/1,40x40cm;350940;SPAR marka kvalitete;1,0000;kom;2,59;2,59;;;2,69;9100000634142;Proizvodi za kuæanstvo
S SALVETE KREM 50/1,40x40cm;350941;SPAR marka kvalitete;1,0000;kom;2,59;2,59;;;2,69;9100000634159;Proizvodi za kuæanstvo
S SALVETE ŽUTE 50/1,40x40cm;350942;SPAR marka kvalitete;1,0000;kom;2,59;2,59;;;2,69;9100000634166;Proizvodi za kuæanstvo
S SALVETE ROZA 50/1,40x40cm;350944;SPAR marka kvalitete;1,0000;kom;2,69;2,69;;;2,69;9100000905709;Proizvodi za kuæanstvo
S SALVETE CRVENA 50/1,40x40cm;350945;SPAR marka kvalitete;1,0000;kom;2,59;2,59;;;2,69;9100000634180;Proizvodi za kuæanstvo
S SALVETE BORDO 50/1,40x40cm;350946;SPAR marka kvalitete;1,0000;kom;2,59;2,59;;;2,69;9100000635507;Proizvodi za kuæanstvo
S SALVETE T.ZELENE 50/1,40x40c;350948;SPAR marka kvalitete;1,0000;kom;2,59;2,59;;;2,69;9100000905754;Proizvodi za kuæanstvo
SOL HIMALA.ENCIAN KRUPNA 500 g;350950;Encian;0,5000;kg;2,65;5,30;;;2,65;3858890104479;Hrana
S SALVETE T.PLAVE 50/1,40x40cm;350951;SPAR marka kvalitete;1,0000;kom;2,59;2,59;;;2,69;9100000905686;Proizvodi za kuæanstvo
SOL HIMALAJ.ENCIAN SITNA 500 g;350952;Encian;0,5000;kg;2,65;5,30;;;2,65;3858890104455;Hrana
S SALVETE S.SIVE 50/1,40x40cm;350953;SPAR marka kvalitete;1,0000;kom;2,59;2,59;;;2,69;9100000905730;Proizvodi za kuæanstvo
S SALVETE BIJELE 50/1,24x24cm;350954;SPAR marka kvalitete;1,0000;kom;1,19;1,19;;;1,29;9100000633862;Proizvodi za kuæanstvo
S SALVETE KREM 50/1,24x24cm;350955;SPAR marka kvalitete;1,0000;kom;1,19;1,19;;;1,29;9100000633879;Proizvodi za kuæanstvo
S SALVETE SV.SIVA 50/1,24x24cm;350956;SPAR marka kvalitete;1,0000;kom;1,19;1,19;;;1,29;9100000633985;Proizvodi za kuæanstvo
S SALVETE ŽUTE 50/1,24x24cm;350957;SPAR marka kvalitete;1,0000;kom;1,19;1,19;;;1,29;9100000633886;Proizvodi za kuæanstvo
S SALVETE T.PLAVA 30/1,24x24cm;350958;SPAR marka kvalitete;1,0000;kom;1,19;1,19;;;1,29;9100000633978;Proizvodi za kuæanstvo
S SALVETE SV.PLAVA 50/1;350960;SPAR marka kvalitete;1,0000;kom;1,29;1,29;;;1,29;9100000633961;Proizvodi za kuæanstvo
S SALVETE SV.ROZE 50/1;350962;SPAR marka kvalitete;1,0000;kom;1,29;1,29;;;1,29;9100000633909;Proizvodi za kuæanstvo
S SALVETE T.ZELENA 50/1,24x24c;350964;SPAR marka kvalitete;1,0000;kom;1,19;1,19;;;1,29;9100000633954;Proizvodi za kuæanstvo
KREMA GARNIER BB LIGHT 50 ml;350965;Garnier;0,0500;l;9,99;199,80;;;9,99;3600542416436;Kozmetika
S SALVETE CRVENE 50/1;350966;SPAR marka kvalitete;1,0000;kom;1,19;1,19;;;1,29;9100000633923;Proizvodi za kuæanstvo
KREMA GARNIER BB MEDIUM 50 ml;350969;Garnier;0,0500;l;9,99;199,80;;;9,99;3600542416405;Kozmetika
S SALVETE BORDO 50/1;350970;SPAR marka kvalitete;1,0000;kom;1,19;1,19;;;1,29;9100000633930;Proizvodi za kuæanstvo
S SALVETE SV.ZELENA 50/1;350975;SPAR marka kvalitete;1,0000;kom;0,97;0,97;;;0,97;9100000633947;Proizvodi za kuæanstvo
DES. ŠUMSKO VOÆE DR.OETK.400 g;350981;Dr. Oetker;0,4000;kg;2,39;5,98;;;2,39;4023600017762;Hrana
LOSION NIVEA ZA TIJELO 400 ml;350985;Nivea;0,4000;l;;13,98;5,59;6,99;6,99;9005800346922;Kozmetika
PJE.ZA BR.BEAUTY KISS Ž.150 ml;351003;Beauty Kiss;0,1500;L;1,49;9,93;;;1,49;9100000895154;Kozmetika
TEK.FAKS WHITE COLOR 900 ml;351025;Faks;0,9000;l;6,95;7,72;;;6,95;3850105178237;Sredstva za èišæenje
BIO ULJE KONOP.CROATICA.250 ml;351044;;0,2500;L;9,99;39,96;;;9,95;3859893857003;Hrana
BOJA SYOSS 7-5;351067;Syoss;1,0000;kom;6,19;6,19;;;5,59;9000101629033;Kozmetika
KREM.ZA RUKE BEAUTY KISS 75 ml;351097;Beauty Kiss;0,0750;L;1,72;22,93;;;1,72;9100000911588;Kozmetika
KREM.ZA RUKE BEAUTY KISS 75 ml;351104;Beauty Kiss;0,0750;L;1,72;22,93;;;1,72;9100000911564;Kozmetika
KRE.NIVEA MEN ANTI STRE.75 ml;351114;Nivea;0,0750;L;;53,20;3,99;4,99;12,99;9005800347974;Kozmetika
DEO STI SECRET PLA KREM.40 ml;351151;Secret;0,0400;l;3,99;99,75;;;3,99;5000174244823;Kozmetika
DEO ST.SECRET DEL.45 g;351153;Secret;0,0450;kg;3,99;88,67;;;3,99;8006540452301;Kozmetika
KOBASICE S DIVLJAÈI 320 g;351175;Lovski;0,3200;kg;4,59;14,34;;;4,59;3859893534287;Hrana
ŠAMP.H&S OIL CONTR.300 ml;351178;Head&Shoulders;0,3000;l;6,19;20,63;;;6,19;8001841996790;Kozmetika
ŠAMP.H&S CLA.ITCH 300 ml;351180;Head&Shoulders;0,3000;l;6,19;20,63;;;6,19;8001841996769;Kozmetika
KUKURUZ S-BUDGET 3X170 g;351208;S-Budget;0,4200;kg;2,69;6,40;;;2,79;3856021211942;Hrana
INST.KAŠA S-BUDGET NATUR 60 g;351246;S-Budget;0,0600;kg;0,45;7,50;;;0,59;3856021219030;Hrana
INST.KAŠA S-BUDGET ÈOKOLA.60 g;351248;S-Budget;0,0600;kg;0,45;7,50;;;0,59;3856021219054;Hrana
INS.KAŠA S-BUDGET ŠU.VOÆE 60 g;351250;S-Budget;0,0600;kg;0,45;7,50;;;0,59;3856021219078;Hrana
INST.KAŠA S-BUDGET JA.CIM.60 g;351251;S-Budget;0,0600;kg;0,45;7,50;;;0,59;3856021219016;Hrana
KAVA JM CREMA SELEZIONE 1 kg;351267;JULIUS MEINL;1,0000;kg;32,99;32,99;;;29,99;9000403895334;Piæa
DEO STI SECRET PLA DEL.40 ml;351359;Secret;0,0400;l;3,99;99,75;;;3,99;5000174999839;Kozmetika
VINO POŠIP TEŽAK 0,75 L BLATO;351392;;0,7500;L;;19,99;14,99;20,59;20,59;3859888154827;Piæa
KAP.ILLY NESPRESSO CLASS.57 g;351422;Illy;0,0570;kg;;92,98;5,30;6,63;6,63;8003753158679;Piæa
VINO DEGRASSI T.B.CUVEE 0,75 L;351433;Degrassi;0,7500;l;23,12;30,83;;;23,12;3859891805464;Piæa
VINO DEGRA.T.B.CUVEE B.0,75 L;351434;Degrassi;0,7500;l;12,39;16,52;;;12,39;3859891805259;Piæa
SAPUN S-BUDGET TEKUÆI 500 ml;351440;S-Budget;0,5000;L;0,80;1,60;;;0,89;9100000894553;Kozmetika
ÈOK.KINDER SCHOKOBONS 200 g;351447;Ferrero;0,2000;kg;4,99;24,95;;;5,49;8000500247792;Hrana
ÈOK.KINDER FIGURE HELLOW.35 g;351448;Ferrero;0,0350;kg;1,25;35,71;;;0,74;80846116;Hrana
ŠUNKA U OVITKU S BUDGET 200 g;351451;S-Budget;0,2000;kg;2,89;14,45;;;2,89;3856021219696;Hrana
ORAH NARIB.NATUR PUR BIO 200 g;351452;Natur pur;0,2000;kg;2,99;14,95;;;2,99;9100000938844;Hrana
ŠEÆ.SMEÐI MUSCOVAD.LIGHT 500 g;351454;Billington´S;0,5000;kg;3,59;7,18;;;3,59;5010651001214;Hrana
UMAK SACLA PUTTANESCA 350 g;351455;Sacla;0,3500;kg;4,19;11,97;;;4,19;8001060008601;Hrana
UMAK SACLA ARRABBIATA 350 g;351457;Sacla;0,3500;kg;4,19;11,97;;;4,19;8001060008403;Hrana
UMAK SACLA SUHE RAJ.ÈEŠ.190 g;351458;Sacla;0,1900;kg;3,99;21,00;;;3,99;8001060003576;Hrana
PESTO SACLA LJUTI 190 g;351460;Sacla;0,1900;kg;3,99;21,00;;;3,99;8001060017139;Hrana
PESTO SACLA CRVENI 190 g;351461;Sacla;0,1900;kg;3,99;21,00;;;3,99;8001060001855;Hrana
JELO U ÈAŠI JA.CURRY AJIN.90 g;351471;;0,0900;kg;2,19;24,33;;;2,19;5901384504854;Hrana
UMAK DEVELEY CURRY 250 ml;351472;Develey;0,2500;l;2,99;11,96;;;3,19;4006824991032;Hrana
SRE.SANYTO.LIMUN ZA PODVE 1 L ;351480;Sanytol;1,0000;L;3,59;3,59;;;3,59;3045206312226;Sredstva za èišæenje
UNIV.SRED.SANYTOL GREJP 500 ml;351481;Sanytol;0,5000;L;3,59;7,18;;;3,39;3045206312066;Sredstva za èišæenje
MIN.VODA SARAJ.KISELJAK 4x1,5L;351483;;6,0000;l;2,61;0,44;;;2,61;3875000182219;Piæa
SRE.SANYTOL ZA TEKSTIL 500 ml;351486;Sanytol;0,5000;L;3,99;7,98;;;3,38;3045206331005;Sredstva za èišæenje
PUDING VANILIJA PROT.DOLC.35 g;351487;Dolcela;0,0350;kg;0,99;28,29;;;0,99;3856020249199;Hrana
PUDING ÈOKOLADA PROT.DOLC.35 g;351488;Dolcela;0,0350;kg;0,99;28,29;;;0,99;3856020249168;Hrana
GREEN DETOX SOK 330 ml;351490;;0,3300;L;3,9;11,82;;;3,72;3859894312273;Hrana
AMERIÈKE PALAÈ.DOLC.PROT.210 g;351491;Dolcela;0,2100;kg;2,89;13,76;;;2,49;3856020249137;Hrana
RED FOREST SOK 330 ml;351492;;0,3300;L;3,9;11,82;;;3,72;3859894312297;Hrana
GARDEN DETOX SOK 330 ml;351493;;0,3300;L;3,9;11,82;;;3,72;3859894312259;Hrana
VITAMIN BOMB SOK 330 ml;351494;;0,3300;L;3,79;11,48;;;3,72;3859894312334;Hrana
STRONG BOOSTER SOK 330 ml;351497;;0,3300;L;3,9;11,82;;;3,72;3859894312310;Hrana
PANCETA KOMADI VP;351511;;1,0000;kg;24,29;24,29;;;24,29;3859892733131;Hrana
SREDSTVO ZA MRLJE KH-7 750 ml;351517;KH 7;0,7500;L;;6,25;4,69;7,19;5,45;8420822127785;Sredstva za èišæenje
KEKS MOTO KAKAO 96 g;351521;Moto;0,0960;kg;1,19;12,40;;;1,19;3850102522842;Hrana
PAPIRN.RUÈNIK S BUDGET 3SL 6/1;351522;S-Budget;6,0000;KOM;2,99;0,50;;;3,49;9100000067810;Proizvodi za kuæanstvo
SOK FRUCTAL CLAS.MARELICA 1 L;351554;Fructal;1,0000;l;;1,51;1,51;1,89;1,89;3838945029261;Piæa
SR.DR.BECKMANN ZA ZAVJESE.80 g;351555;Dr. Beckmann;0,0800;KG;1,35;16,88;;;1,69;4008455569017;Sredstva za èišæenje
LIKER BOROV.S BUDGET 1 L 20%;351557;S-BUDGET;1,0000;L;6,22;6,22;;;6,66;3856021219320;Piæa
LIKER VIŠNJA S BUDGET 1 L 20%;351559;S-BUDGET;1,0000;L;7,99;7,99;;;6,66;3856021219306;Piæa
SOK JABUKA FRUCTAL BISTRI 1 L;351562;Fructal;1,0000;l;2,39;2,39;;;2,39;3838945007887;Piæa
PIVO GRIF PALE ALE 0,33 L LIM.;351589;;0,3300;L;2,02;6,12;;;2,02;3859893353468;Piæa
PJENUŠAC HENKELL TROCKEN 0,2 L;351609;Henkel;0,2000;L;3,99;19,95;;;3,99;4003310012363;Piæa
BURRATA S TARTUFIMA PREM.100 g;351624;SPAR PREMIUM;0,1000;kg;2,69;26,90;;;2,59;9100000086897;Hrana
BERMET PHILIPEC 0,75 L;351656;;0,7500;L;23,99;31,99;;;23,99;3859888951037;Piæa
KAP.STARBUCKS DG M.VANILL.132g;351668;Nestle;0,1320;kg;5,99;45,38;;;6,49;7613287335234;Piæa
PINÐUR PREMIUM 340 g;351732;SPAR PREMIUM;0,3400;kg;2,99;8,79;;;2,99;9100000938028;Hrana
TUNA S-BUDGET NATUR 195 g;351736;S-Budget;0,1500;kg;2,49;16,60;;;2,49;9100000972657;Hrana
TUNA S-BUD.KOM.SUNC.ULJE 195 g;351737;S-Budget;0,1400;kg;2,49;17,79;;;2,59;9100000972671;Hrana
TUNA S-BUDGET MASL.ULJE 195 g;351738;S-Budget;0,1400;kg;2,79;19,93;;;2,99;9100000972695;Hrana
GRAH S-BUDGET KRUPNI 400 g;351742;S-Budget;0,2560;kg;1,49;5,82;;;1,45;9100000710969;Hrana
KOMPOT S-BUDGET ANANAS 567 g;351745;S-Budget;0,3400;kg;2,19;6,44;;;2,19;9100000734330;Hrana
HRANA ZA MAÈKE MOLLY NAT.400 g;351747;Molly;0,4000;kg;1,59;3,98;;;1,59;9100000939759;Proizvodi za kuæanstvo
KIKIR.MASLAC GO ON PROT.350 g;351749;GO ON;0,3500;kg;4,99;14,26;;;4,99;5900617039798;Hrana
KIKIR.MASLAC GO ON PROT.350 g;351750;GO ON;0,3500;kg;4,99;14,26;;;4,99;5900617041241;Hrana
OTOPINA LACALUT MIC.SEN.500 ml;351762;Lacalut;0,5000;L;5,59;11,18;;;5,59;4016369546994;Kozmetika
ÈVARCI DR.PIGLEY DELIK.120 g ;351773;DR.PIGLEY;0,1200;kg;3,99;33,25;;;4,29;3859892348250;Hrana
ÈVARCI DR.PIGLEY 200 g;351775;DR.PIGLEY;0,2000;kg;4,59;22,95;;;4,59;3859892348335;Hrana
TUNA PAŠTETA ARG.PIKANT 95 g;351806;Argeta;0,0950;kg;1,99;20,95;;;1,99;3838471042291;Hrana
TRAKE VEET ZA DEP.PURE 20/1;351827;Veet;20,0000;kom;7,69;0,38;;;6,99;5997321774527;Kozmetika
PATRONE GILLETTE MACH3 5/1;351841;Gillette;5,0000;kom;17,25;3,45;;;17,25;7702018552313;Kozmetika
BRIJAÈ VENUS SENITIVE 2UP;351842;Gillette;1,0000;kom;7,99;7,99;;;7,89;7702018575350;Kozmetika
TONIC 13,5 J.GASCO  0,2 L;351991;;0,2000;l;2,08;10,40;;;2,08;8056736060360;Piæa
KEKS S BUD.S MASL.ÈOK.2X125 g;351993;S-Budget;0,2500;kg;3,89;15,56;;;2,49;9100000003450;Hrana
ZUB.PASTA SENSODYNE HE.F.75 ml;351996;Sensodyne;0,0750;L;5,95;79,33;;;4,39;5054563105875;Kozmetika
PATRONE GILL.VENUS 4/1;352003;Gillette;4,0000;kom;15,89;3,97;;;15,89;7702018575381;Kozmetika
FER.PROIZ.BIO BADEM NP 400 g;352022;Natur pur;0,4000;kg;2,19;5,48;;;2,19;9100000938875;Hrana
KAŠICA FRUTOLINO KRU.MAR.100 g;352043;Lino;0,1000;kg;1,29;12,90;;;1,29;3856020248123;Hrana
KAŠICA FRUTOL.JAB.KRU.BA.100 g;352045;Lino;0,1000;kg;1,29;12,90;;;1,29;3856020248093;Hrana
KAŠICA FRUTOL.VOÆE PIR 100 g;352053;Lino;0,1000;kg;1,29;12,90;;;1,29;3856020248185;Hrana
KAŠICA FRUTOL.VOÆE ZOB 100 g;352055;Lino;0,1000;kg;1,29;12,90;;;1,29;3856020248154;Hrana
KREMA AKUPRES FAVN 250 ml;352095;FAVN;0,2500;L;;31,96;7,99;8,19;15,69;3831013730359;Kozmetika
BALZAM ZA NOGE FAVN 100 ml;352105;FAVN;0,1000;L;10,99;109,90;;;10,69;3831013730533;Kozmetika
MELEM FAVN GAVEZ 75 ml;352115;FAVN;0,0750;L;9,79;130,53;;;9,29;3831013730199;Kozmetika
KREMA ALPHA CBD RICH 50 ml;352124;ALPHA CBD;0,0500;L;;159,80;7,99;8,19;15,69;3831013730724;Kozmetika
LIKER JAGERM.MM 0,02 LX 9;352159;;0,1800;L;7,96;44,22;;;7,96;4067700015860;Piæa
LOSION ALPHA CBD 200 ml;352192;ALPHA CBD;0,2000;L;10,99;54,95;;;10,69;3831013730731;Kozmetika
KREMA ZA RUKE ALPHA CBD 100 ml;352193;ALPHA CBD;0,1000;L;9,79;97,90;;;9,29;3831013730847;Kozmetika
GIN SAX VAP S ÈAŠOM 0,7 L;352198;SAX;0,7000;l;;18,56;12,99;13,49;13,52;3850112145000;Piæa
TOR.NOUG.VIŠ.800 g SEERAW CAKE;352253;;0,8000;kg;;19,99;15,99;19,99;19,9;8606109344513;Hrana
UM.PREMIUM NORCINA S TAR.180 g;352342;Premium;0,1800;kg;3,29;18,28;;;3,29;8001300243212;Hrana
UMAK PREMIUM NORMA 180 g;352344;Premium;0,1800;kg;2,59;14,39;;;2,59;8001300243229;Hrana
UM.PREMIUM CHIANINA180 g;352346;Premium;0,1800;kg;3,99;22,17;;;3,98;8001300243236;Hrana
UMAK PREMIUM VONGOLE 180 g;352348;Premium;0,1800;kg;3,29;18,28;;;3,29;8001300243243;Hrana
BOM.WERTHER GOLDEN MIX 340 g;352362;Werthers Original;0,3400;kg;4,99;14,68;;;1,99;4014400937145;Hrana
PEL.GAÆ.NOÆNE PAMPERS S4 25/1;352370;Pampers;25,0000;kom;8,99;0,36;;;8,63;8006540234709;Toaletne potrepštine
PEL.GAÆ.NOÆNE PAMPERS S5 22/1;352384;Pampers;22,0000;kom;8,99;0,41;;;8,63;8006540234730;Toaletne potrepštine
PEL.GAÆ.NOÆNE PAMPERS S6 19/1;352385;Pampers;19,0000;kom;8,99;0,47;;;8,63;8006540234761;Toaletne potrepštine
KRPA ZAM ZA1.2.SPR MOP VILEDA;352426;;1,0000;kom;11,99;11,99;;;5,99;4023103199217;Proizvodi za kuæanstvo
MINI ÈOKO-DONUT SPAR 180 g;352532;SPAR marka kvalitete;0,1800;kg;2,89;16,06;;;2,85;3858890211702;Hrana
PILEÆA ZADNJA ÈETVRT;352583;Perutnina;1,0000;kg;3,59;3,59;;;3,59;93850220114854;Hrana
OCAT JABUÈNI PONTI 500 ml;352588;Ponti;0,5000;l;2,69;5,38;;;2,69;8001010038801;Hrana
FRITULE DOLCELA 250 g;352598;Dolcela;0,2500;kg;2,09;8,36;;;2,79;3856020246563;Hrana
PIL.KRILA PANIR.S BUDGET 750 g;352603;S-Budget;0,7500;kg;6,49;8,65;;;6,49;9100000913544;Hrana
PILEÆ.KRILA BBQ S BUDGET 750 g;352607;S-Budget;0,7500;kg;5,99;7,99;;;6,49;9100000913568;Hrana
PEKMEZ ŠLJIVA PODRAVKA 350 g;352609;Podravka;0,3500;kg;3,19;9,11;;;2,99;3856020252793;Hrana
KETCHUP ZVIJEZDA KIDS 500 g;352631;Zvijezda;0,5000;kg;2,29;4,58;;;2,29;3856015323200;Hrana
DŽEM MARELICA PODRAVKA 360 g;352656;Podravka;0,3600;kg;2,49;6,92;;;2,49;3856020252441;Hrana
DŽEM MIJEŠANO VOÆE PODRA.360 g;352663;Podravka;0,3600;kg;2,19;6,08;;;2,19;3856020252274;Hrana
PEKMEZ ŠLJIVA PODRAVKA 660 g;352675;Podravka;0,6600;kg;4,79;7,26;;;4,49;3856020252847;Hrana
DŽEM ŠIPAK PODRAVKA 360 g ;352679;Podravka;0,3600;kg;2,49;6,92;;;2,49;3856020252212;Hrana
DŽEM ŠIPAK PODRAVKA 670 g ;352683;Podravka;0,6700;kg;4,39;6,55;;;2,79;3856020252243;Hrana
PRALINE BAJADERA 87 g;352696;Bajadera;0,0870;kg;3,29;37,82;;;3,29;3850102521883;Hrana
Sir Livanjski Spar;352705;SPAR;1,0000;kg;;14,99;14,99;19,99;19,99;3856021220128;Hrana
POKLON PAKET OLIVAL ÈAROB. SET;352710;Olival;1,0000;KOM;16,79;16,79;;;21,29;3859892751692;Kozmetika
GRANOLA ÈOKO.PROTEIN B.B.300 g;352738;Atlantic Trade;0,3000;kg;4,49;14,97;;;3,99;3858890478358;Hrana
Lignjun atlantski;352739;;1,0000;kg;8,69;8,69;;;8,99;93856024302039;Hrana
DET.FAKS SUPERAKTIV 1,17 kg;352771;Faks;1,1700;kg;6,99;5,97;;;6,99;3850105176677;Sredstva za èišæenje
ÈOK.FERRERRO RAFFAELLO 90 g ;352775;Ferrero;0,0900;kg;;25,44;2,29;2,89;2,49;8000500359556;Hrana
ÈOK.FERRERRO ROCHER MILK 90 g ;352776;Ferrero;0,0900;kg;;25,44;2,29;2,89;2,49;8000500359488;Hrana
ÈOK.FERRERRO ROCHER DARK 90 g ;352777;Ferrero;0,0900;kg;;25,44;2,29;2,89;2,49;8000500359815;Hrana
MIJEŠANO MLJEVENO MESO 850 g;352811;SPAR marka kvalitete;0,8500;kg;5,99;7,05;;;6,99;3859893068485;Hrana
NAMAZ LINO LADA DUO PODR.160 g;352812;Podravka;0,1600;kg;2,19;13,69;;;2,06;3856020240219;Hrana
NAMAZ LINO LADA GOLD POD.160 g;352813;Podravka;0,1600;kg;2,19;13,69;;;2,06;3856020240189;Hrana
KUVE.TAMNA ÈO.54,5% CAL.400 g ;352818;;0,4000;kg;14,99;37,48;;;10,99;5410522556605;Hrana
KAP.LAVAZZA NES.QUA.ROSSA 57 g;352819;Lavazza;0,0550;kg;5,39;98,00;;;5,39;8000070053526;Piæa
KAŠ.BEB.LAKU NOÆ GR.VAN.190 g;352828;Bebivita;0,1900;kg;1,39;7,32;;;1,35;4018852035855;Hrana
KAŠ.BEB.LAKU NOÆ GRIZ BA.190 g;352829;Bebivita;0,1900;kg;1,39;7,32;;;1,35;4018852035671;Hrana
KAŠ.BEB.LAKU NOÆ GR.KEKS 190 g;352830;Bebivita;0,1900;kg;1,39;7,32;;;1,35;4018852035886;Hrana
PUDING VANILIJA DR.OETKER 55 g;352840;Dr. Oetker;0,0550;kg;1,79;32,55;;;1,79;4000521027384;Hrana
PUDING ÈOKOLADA DR.OETKER 58 g;352841;Dr. Oetker;0,0580;kg;1,79;30,86;;;1,79;4000521027407;Hrana
PUDING GRIZ DR.OETKER 65 g;352842;Dr. Oetker;0,0650;kg;1,79;27,54;;;1,79;4000521027421;Hrana
ÈEŠNJOVKA S BUDGET 250 g;352846;S-Budget;0,2500;kg;3,59;14,36;;;3,69;3856021220173;Hrana
KOBASICA DOMAÆA S BUDGET 250 g;352847;S-Budget;0,2500;kg;3,99;15,96;;;3,99;3856021220197;Hrana
ÈOK.MLIJEÈNA MILKA 112 g;352868;Milka;0,1120;kg;3,49;31,16;;;4,99;7622210638175;Hrana
ÈAJ PODRAVKA MANGO BRESKV.50 g;352894;Podravka;0,0500;kg;2,95;59,00;;;3,23;3856020249014;Piæa
ÈAJ PODRAVKA D.JAGOD.ACAI 50 g;352896;Podravka;0,0500;kg;2,95;59,00;;;3,23;3856020249076;Piæa
TAHINI SANA CLASSIC BIO 310 g;352899;Sana;0,3100;kg;7,99;25,77;;;7,99;3858892322444;Hrana
CEDEVITA INST.NAP.LIMETA 455 g;352901;Cedevita;0,4550;kg;4,39;9,65;;;4,19;3850322014929;Piæa
CEDEVITA LIMUN 455 g;352902;Cedevita;0,4550;kg;4,39;9,65;;;4,19;3850322014905;Piæa
CEDEVITA NARANÈA 455 g;352906;Cedevita;0,4550;kg;4,39;9,65;;;3,95;3850322014882;Piæa
CEDEVITA BAZGA LIMUN 455 g;352909;Cedevita;0,4550;kg;4,39;9,65;;;4,19;3850322014943;Piæa
PIVO CARLSBERG 4X0,5 L;352925;Carlsberg;2,0000;L;5,39;2,70;;;5,71;3858887583751;Piæa
KOBASICA NARODNA S BUDET 320 g;352961;S-Budget;0,3200;kg;1,79;5,59;;;1,79;3856021220241;Hrana
BOMB.AFTER EIGHT MOJITO 400 g;353026;After Eight ;0,4000;kg;9,99;24,98;;;9,99;7613287481726;Hrana
BOMB.AFTER EIGHT JAGODA 400 g;353027;After Eight ;0,4000;kg;9,99;24,98;;;5,3;7613036262095;Hrana
KRUH CHIA 400 g;353042;;0,4000;kg;1,79;4,48;;;1,49;3858889894039;Hrana
HLADETINA MIX  cca 1 kg;353046;;1,0000;kg;3,99;3,99;;;3,89;3858890189797;Hrana
PIVO KARLOVAÈKO LIM. 6X0,5 L;353047;Karlovacko;3,0000;L;6,69;2,23;;;7,67;3850103902360;Piæa
KOLAÈ DUNAVSKI VALOVI 450 g;353059;;0,4500;kg;3,69;8,20;;;3,69;3830056443004;Hrana
BRUSCHETTE MARETTI 140 g;353062;Maretti;0,1400;kg;1,58;11,29;;;1,59;3800205877929;Hrana
WHISKEY JACK DANIELS 0,7L+ÈAŠA;353129;;0,7000;L;25,99;37,13;;;26,02;5099873200094;Piæa
ÈOKOLADA KOLUMBO 100 g;353143;Kraš;0,1000;kg;;18,90;1,89;2,59;2,59;3850102521845;Hrana
RIŽA NA MLIJ.MÜ.ÈOKOLAD.200 g ;353174;;0,2000;kg;0,95;4,75;;;0,92;42392149;Hrana
RIŽA NA MLIJ.MÜLL.VANILI.200 g;353175;;0,2000;kg;0,95;4,75;;;0,92;42244035;Hrana
JOGURT MIX ÈOK.LOPTICA 130 g;353177;;0,2000;kg;,92;4,60;;;0,92;42373261;Hrana
ULOŠCI LIBRESSE DNEVNI 50/1;353183;Libresse;50,0000;kom;2,15;0,04;;;1,99;7322541350530;Toaletne potrepštine
KRUŠNE MRVICE S BUDGET 1 kg;353196;S-BUDGET;1,0000;kg;1,89;1,89;;;1,89;9100000810515;Hrana
BAGUETTE S-BUDGET 300 g 2/1;353197;S-BUDGET;0,3000;kg;0,99;3,30;;;0,99;9100000864464;Hrana
BUÐOLA S BUDGET 1/2;353200;S-Budget;1,0000;kg;19,69;19,69;;;20,59;3856021220340;Hrana
ÈOK.RITTER CIJ.LJEŠNJ.100 g;353209;Ritter;0,1000;kg;;27,50;2,75;3,29;2,35;4000417700001;Hrana
ÈOK.BIJ.RITT.CIJ.LJEŠNJ.100 g;353210;Ritter;0,1000;kg;;27,50;2,75;3,29;2,35;4000417701008;Hrana
POK.PAK.NEUTRO.RUKE&USNE MALI;353219;Neutrogena;1,0000;KOM;6,01;6,01;;;7,99;3856027800102;Kozmetika
Orada LL 400-600 g;353244;;1,0000;kg;8,69;8,69;;;9,99;93856024300974;Hrana
HRANA ZA PSE FRIS.GOV.RIB.3 kg;353245;Friskies;3,0000;kg;11,99;4,00;;;11,99;7613287901262;Proizvodi za kuæanstvo
HRANA ZA PSE FRIS.GO.JANJ.3 kg;353246;Friskies;3,0000;kg;11,99;4,00;;;11,99;7613287901200;Proizvodi za kuæanstvo
TABLETE COREGA BIO 108/1;353249;Corega;108,0000;kom;10,49;0,10;;;10,49;5054563226242;Kozmetika
MED MELBI CVJETNI 700 g;353279;Melbi;0,7000;kg;8,99;12,84;;;11,94;3859891216109;Hrana
MED MELBI LIPA 700 g;353280;Melbi;0,7000;kg;9,99;14,27;;;13,27;3859891216321;Hrana
STOLNI ZVIJEZDA 4X250 g  ;353287;Zvijezda;1,0000;kg;3,15;3,15;;;3,15;3856015323989;Hrana
PRŠUT S BUDGET NAREZAK 200 g;353289;S-Budget;0,2000;kg;;24,95;4,99;5,79;5,79;3856021225086;Hrana
ZAÈ.CEJLONSKI CIMET NADA.20 g ;353303;Nadalina;0,0200;kg;1,59;79,50;;;1,49;3858881580350;Hrana
ZAÈIN KURKUMA NADALINA 35 g;353309;Nadalina;0,0350;kg;0,99;28,29;;;0,99;3858881580329;Hrana
GEL JOHNSONS BABY KIDS 750 ml;353336;Johnson's;0,7500;L;7,39;9,85;;;5,54;3574669908443;Kozmetika
MARAMICE MELEM BABY 60/1;353337;Melem;60,0000;KOM;4,45;0,07;;;4,19;3856007906015;Toaletne potrepštine
KREMA MELEM BABY 150 ml;353343;Melem;0,1500;L;9,15;61,00;;;8,59;3856007906046;Kozmetika
ULJE MELEM BABY 150 ml;353344;Melem;0,1500;L;4,69;31,27;;;4,39;3856007908125;Kozmetika
KREMA NEUTRO.ZA STOPALA 100 ml;353346;Neutrogena;0,1000;L;6,19;61,90;;;6,19;3574661116457;Kozmetika
ULJE MELEM ZA TIJELO 150 ml;353348;Melem;0,1500;L;9,49;63,27;;;9,59;3856007908873;Kozmetika
TAMPONI O.B.ORGANIC SUPER 16/1;353352;o.b.;16,0000;kom;4,95;0,31;;;3,70;3574661618104;Toaletne potrepštine
TAMP.O.B.ORGANIC NORMAL 16/1;353353;o.b.;16,0000;kom;3,85;0,24;;;3,70;3574661629582;Toaletne potrepštine
SAPUN LAHOR BABY 80 g;353359;Lahor;0,0800;kg;0,89;11,13;;;0,89;3850105177131;Kozmetika
SAPUN LAHOR OLIVE 80 g;353360;Lahor;0,0800;kg;0,89;11,13;;;0,89;3850105179623;Kozmetika
LOSION MELEM RUŽA 200 ml;353362;Melem;0,2000;L;5,49;27,45;;;5,49;3856007909337;Kozmetika
LOSION MELEM DRAG.ULJA 200 ml;353364;Melem;0,2000;L;4,49;22,45;;;5,49;3856007909320;Kozmetika
ZUBNA PASTA AQUAFRESH 125 ml;353366;Aquafresh;0,1250;L;2,99;23,92;;;2,99;5054563200686;Kozmetika
GEL MELEM ZA TUŠ.D.ULJA 250 ml;353372;Melem;0,2500;L;2,99;11,96;;;2,99;3856007909276;Kozmetika
KREMA ZA RUKE 48 ANTIBA.100 ml;353383;48;0,1000;L;3,79;37,90;;;3,39;3838980813375;Kozmetika
PANCETA DALMAT. S BUDGET 100 g;353434;S-Budget;0,1000;kg;2,25;22,50;;;2,25;3856021219658;Hrana
ŠPEK S BUDGET  NAREZAK 100 g;353437;S-Budget;0,1000;kg;2,29;22,90;;;2,32;3856021225109;Hrana
ÈETK.COLGATE ZIG ZAG  3/1;353438;Colgate;1,0000;kom;5,57;5,57;;;5,57;8718951305212;Kozmetika
PEÈENICA DALM. S BUDG. 100 g  ;353447;S-Budget;0,1000;kg;2,29;22,90;;;2,49;3856021219672;Hrana
ÈET.COLGATE MAX WHITE ;353449;Colgate;1,0000;kom;3,39;3,39;;;3,98;8718951382602;Kozmetika
TRAKE VEET ZA LICE  20/1;353454;Veet;20,0000;kom;4,99;0,25;;;4,99;5997321774497;Kozmetika
KREMA VEET ZA DEPILACI.100 ml;353456;Veet;0,1000;l;6,09;60,90;;;5,49;5997321774480;Kozmetika
INTIMNI SAPUN AFRODITA 200 ml;353464;Afrodita;0,2000;l;5,49;27,45;;;5,49;3831070661870;Toaletne potrepštine
SIR MEKI KOZ. ILE D.FRNCE150 g;353475;;0,1500;kg;3,19;21,27;;;3,19;3272770013994;Hrana
MASLINE SPAR ZELENE BK.225 g;353562;SPAR;0,1100;kg;1,69;15,36;;;1,69;91000262;Hrana
GLJIVE DESPAR 400 g;353563;Despar;0,2100;kg;1,59;7,57;;;1,59;8001300235149;Hrana
KOMPOT DESPAR BRESKVA 415 g;353565;Despar;0,2400;kg;1,49;6,21;;;1,49;8001300501732;Hrana
KOMPOT DESPAR ŠLJIVA 420 g;353566;Despar;0,2500;kg;2,19;8,76;;;2,19;8001300501749;Hrana
KOMPOT GIANA BRESKVA 820 g;353567;Giana;0,4700;kg;4,19;8,91;;;4,11;8594012791640;Hrana
SIR GRAND OVAL GOURM.450 g;353586;President;0,4500;kg;6,49;14,42;;;6,49;3850355006908;Hrana
SIR GRAND OVAL GOUDA 450  g;353590;President;0,4500;kg;6,49;14,42;;;6,49;3850355006861;Hrana
SIR GRAND OVAL DIMLJENI 450 g;353598;President;0,4500;kg;7,69;17,09;;;7,69;3850355006823;Hrana
SIR GRAND OVAL DELIKATES 450 g;353599;;0,4500;kg;6,49;14,42;;;6,49;3850355006847;Hrana
FLIPS BOBI PARTY 270 g;353603;Bobi;0,2700;kg;2,39;8,85;;;1,99;3858891590523;Hrana
KOB.ISTARSKA S TARTUFOM 200 g;353607;Histris;0,2000;kg;7,99;39,95;;;8,19;3859893167447;Hrana
ULJE MASLIN.PREM.ISTRA 500 ml;353619;SPAR PREMIUM;0,5000;L;12,99;25,98;;;12,99;3856021219610;Hrana
SIR KRAVLJI ŠPIN TARTUF. 230 g;353620;Spin;0,2300;kg;;43,43;9,99;12,29;12,29;3858881196650;Hrana
SIR ŠPIN U TERANU 230 g;353621;Spin;0,2300;kg;;30,39;6,99;8,89;8,89;3858881196599;Hrana
UMAK DESPAR AMATRICIANA 400 g;353658;Despar;0,4000;kg;2,19;5,48;;;2,25;8001300223238;Hrana
KUS KUS EXPRESS TIPIAK 4X100 g;353661;Tipiak;0,4000;kg;4,99;12,48;;;5,04;3600900020251;Hrana
KUS KUS INTEGRAL.TIPIAK 500 g;353663;Tipiak;0,5000;kg;4,19;8,38;;;5,49;3600900005043;Hrana
GEL GLADE BOŽUR&TREŠNJA 180 ml;353664;Glade;0,1800;L;3,45;19,17;;;4,29;5000204184839;Sredstva za èišæenje
UMAK MC ILHENNY SRIRACHA 300 g;353665;Mc Ilhenny;0,3000;kg;5,97;19,90;;;5,97;0011210697003;Hrana
UMAK KIKKOMAN POKE 250 ml ;353666;Kikkoman;0,2500;l;6,79;27,16;;;6,79;8715035450301;Hrana
ŠKROB GUSSNEL DOLCELA POD.30 g;353686;Dolcela;0,0300;kg;0,39;13,00;;;0,39;3856020254018;Hrana
DŽEM MIJEŠ.VOÆE PODRAVKA 690 g;353695;Podravka;0,6900;kg;2,89;4,19;;;2,89;3856020252304;Hrana
DŽEM MARELICA PODRAVKA 670 g;353696;Podravka;0,6700;kg;3,99;5,96;;;2,79;3856020252502;Hrana
DŽEM JAGODA EKSTRA PODRA.320 g;353698;Podravka;0,3200;kg;3,99;12,47;;;3,99;3856020253073;Hrana
DŽEM EKSTRA ŠUM.VOÆE POD.320 g;353700;Podravka;0,3200;kg;3,99;12,47;;;3,99;3856020253134;Hrana
DŽEM EKSTRA MALINA PODRA.320 g;353701;Podravka;0,3200;kg;3,99;12,47;;;3,99;3856020253042;Hrana
DŽEM EKSTRA VIŠNJA PODRA.320 g;353702;Podravka;0,3200;kg;3,99;12,47;;;3,99;3856020253103;Hrana
HIG.ULO.VIR CLASSIC COMFO.10/1;353719;Vir;10,0000;kom;1,29;0,13;;;1,29;3838985893723;Toaletne potrepštine
CHICKEN NUGGETS LEDO 300 g;353764;Ledo;0,3000;kg;4,79;15,97;;;4,79;3850116039077;Hrana
PEKARSKI ZAÈINJENI LEDO 750 g;353769;Ledo;0,7500;kg;4,49;5,99;;;4,49;3850116006741;Hrana
PAN.RIBLJI ŠTAPIÆ.SB XXL 900 g;353770;S-Budget;0,9000;kg;6,99;7,77;;;7,99;9100000948263;Hrana
BU VREÆICA ZA ZAMRZ. 100x1L;353793;S-BUDGET;100,0000;kom;2,99;0,03;;;2,99;9100000966717;Proizvodi za kuæanstvo
BU VREÆICA ZA ZAMRZ. 75x3L;353794;S-BUDGET;75,0000;kom;1,99;0,03;;;2,99;9100000966731;Proizvodi za kuæanstvo
BU VREÆICA ZA ZAMRZ. 41x6L;353795;S-BUDGET;41,0000;kom;1,99;0,05;;;2,99;9100000966755;Proizvodi za kuæanstvo
SPAR VREÆ. ZA ZAMRZ. ZIP 20x1L;353796;SPAR marka kvalitete;20,0000;kom;2,89;0,14;;;2,89;9100000911144;Proizvodi za kuæanstvo
SPAR VREÆ. ZA ZAMRZ. ZIP 15x3L;353800;SPAR marka kvalitete;15,0000;kom;3,29;0,22;;;3,29;9100000911168;Proizvodi za kuæanstvo
SPAR VREÆ. ZA ZAMRZ. ZIP 10x6L;353801;SPAR marka kvalitete;10,0000;kom;2,49;0,25;;;2,49;9100000911182;Proizvodi za kuæanstvo
SPAR VREÆ. ZA LED KOCKE 12x24 ;353802;SPAR marka kvalitete;24,0000;kom;1,69;0,07;;;1,69;9100000911281;Proizvodi za kuæanstvo
SPAR VR.ZALED  XXL KOCKE12x9  ;353803;SPAR marka kvalitete;12,0000;kom;1,69;0,14;;;1,69;9100000911328;Proizvodi za kuæanstvo
DES.JAFFA MILK ORANGE 27 g;353804;;0,0270;kg;0,69;25,56;;;0,75;9120097310361;Hrana
SPAR VREÆ. ZA LED SRCE 12x18  ;353805;SPAR marka kvalitete;12,0000;kom;1,69;0,14;;;1,69;9100000911304;Proizvodi za kuæanstvo
DES.MUNCHMALLOW MILK 27 g;353806;;0,0270;kg;0,75;27,78;;;0,75;9120097310354;Hrana
PEÈENICA DALMAT. PIVAC 100 g;353811;Pivac;0,1000;kg;;24,90;2,49;2,69;2,59;3858890183467;Hrana
PANIRANI MEDALJONI 320 g;353812;AiA;0,3200;kg;2,99;9,34;;;2,99;8008110032845;Hrana
JOG.B AKTIV NATUR 3x150 g;353818;;0,4500;kg;1,89;4,20;;;1,89;3850354008828;Hrana
SOK HAPPY DAY FAMILY RED M.1 L;353820;Happy Day;1,0000;l;2,29;2,29;;;2,39;9008700181822;Piæa
VINO BELJE CAB.S/MER.VR.0,75 L;353821;Belje;0,7500;L;14,99;19,99;;;14,99;3850257020279;Piæa
PIVO DESPERADOS 0,5 L;353822;Desperados;0,5000;L;1,79;3,58;;;1,58;8712000038175;Piæa
SIR PODRAVEC PRESIDENT 250 g;353838;;0,2500;kg;3,69;14,76;;;3,59;3850355007349;Hrana
SIR GOUDA PRESIDENT 250 g ;353839;;0,2500;kg;3,69;14,76;;;3,59;3850355007301;Hrana
PROLJET.ROLICE S POVRÆEM 900 g;353851;;0,9000;kg;6,99;7,77;;;6,99;8720301108633;Hrana
EN.NAP.PROGAME STAMINA C.0,5 L;353853;48;0,5000;l;1,39;2,78;;;1,49;3858890877830;Piæa
EN.NAP.PROGAME FOCUS .MA.0,5 L;353855;;0,5000;l;1,39;2,78;;;1,49;3858890877861;Piæa
MLIJ.TRAJNO DUKAT 0,5% 1 L TE;353874;Dukat;1,0000;L;1,59;1,59;;;1,65;3850354016816;Hrana
MLIJ.TRAJNO DUK.2,8% 0,5 L TE;353877;Dukat;0,5000;L;0,99;1,98;;;0,99;3850354016878;Hrana
MLIJ.TRAJNO DUKAT 3,8% 1 L TE;353878;Dukat;1,0000;L;1,69;1,69;;;1,75;3850354016854;Hrana
JOGUR.ÈVRSTI 3,2%DUKAT 3x180 g;353881;Dukat;0,5400;kg;1,32;2,44;;;1,30;3850354008781;Hrana
NAMAZ MLI.ORIG.DUKATELA 3x70 g;353883;Dukat;0,2100;kg;2,59;12,33;;;2,49;3850354017004;Hrana
MLIJ.TRAJNO DUK.2,8% 6X1 L TE;353893;Dukat;6,0000;L;5,99;1,00;;;5,99;3850354016809;Hrana
SET BRISAÈ PODA SWIFFER;353925;;12,0000;kom;24,99;2,08;;;24,99;8006540316764;Proizvodi za kuæanstvo
SIR EMENTAL.RIBANI S-BUD.250 g;353926;S-Budget;0,2500;kg;2,69;10,76;;;2,69;9100000890579;Hrana
SLATKO VRHNJE S-BUDGET 0,5 L;353927;S-Budget;0,5000;L;3,39;6,78;;;2,99;9100000091952;Hrana
MOZZARELLA MINI S-BUDGE.125 g ;353928;S-Budget;0,1250;kg;1,39;11,12;;;1,49;9100000976358;Hrana
SIR NARE.LIGHT 3 VRST.SB 250 g;353929;S-Budget;0,2500;kg;2,99;11,96;;;2,99;9100000705392;Hrana
KAVA CAPPUCHINO S-BUDGE.250 ml;353932;S-Budget;0,2500;L;1,19;4,76;;;1,09;9100000760803;Piæa
KAVA MACCH.KARAMELL SB 250 ml;353935;S-Budget;0,2500;kg;1,19;4,76;;;1,09;9100000746920;Piæa
BRISAÈ PODA SWIFFER REFIL 18/1;353951;;18,0000;kom;5,89;0,33;;;5,89;8006540307908;Proizvodi za kuæanstvo
BRISAÈ PODA SWIFFER REFIL 10/1;353952;;10,0000;kom;5,79;0,58;;;5,79;8006540308257;Proizvodi za kuæanstvo
BRISAÈ PODA SWIFFER REFIL 36/1;353954;;12,0000;kom;9,99;0,83;;;9,99;8006540307939;Proizvodi za kuæanstvo
BRISAÈ PODA SWIFFER REFIL 20/1;353955;;20,0000;kom;9,99;0,50;;;9,99;8006540308288;Proizvodi za kuæanstvo
SET ZA BRIS.PRAŠINE SWIFFER ;353956;;2,0000;kom;12,29;6,15;;;12,29;8006540316603;Proizvodi za kuæanstvo
SET ZA BRIS.PRAŠINE SWIFFER;353957;;4,0000;kom;7,99;2,00;;;7,99;8006540307960;Proizvodi za kuæanstvo
NASTAVCI ZAMJENSKI 5/1 SWIFFER;353958;;5,0000;kom;5,69;1,14;;;5,69;8006540307991;Proizvodi za kuæanstvo
SIR GOUDA TOAST PRESIDEN.150 g;353960;President;0,1500;kg;1,99;13,27;;;1,79;3228022210048;Hrana
SPUŽVA ZA KUPANJE L´ANGELICA ;353968;L'Angelica;1,0000;kom;1,05;1,05;;;1,19;8017331079188;Toaletne potrepštine
LOS.L´ANGELICA LINFA 300 ml;353970;L´Angelica;0,3000;l;3,99;13,30;;;3,49;8017331077511;Kozmetika
DET.FAKS C.AQUAMARINE 5,85 kg;353972;Faks;5,8500;kg;14,99;2,56;;;16,99;3850105176738;Sredstva za èišæenje
KRE.OLIVAL NJEGA OKO OÈI 15 ml;353980;Olival;0,0150;L;10,59;706,00;;;10,59;3858892693780;Kozmetika
SP ZAMJENSKA KRPA ZA MOP 28076;353985;Splendid;1,0000;kom;2,69;2,69;;;2,69;9100000897981;Proizvodi za kuæanstvo
ÈETK.ZA ZUBE ELMEX  SUPER SOFT;353987;Elmex;1,0000;KOM;5,19;5,19;;;4,91;8718951435094;Kozmetika
ZUB.P.CO MAX  CLEAN 75 ml;353988;Colgate;0,0750;l;2,99;39,87;;;2,75;8718951327085;Kozmetika
Sir Presid.Grand Oval Trapist;354015;President;1,0000;kg;;9,99;9,99;12,49;12,49;3850355007479;Hrana
SIR DOMAÆI DIMLJ.PRESIDE.300 g;354034;;0,3000;kg;5,99;19,97;;;5,49;3850355007226;Hrana
SIR DOMAÆI PRESIDENT 300 g;354037;President;0,3000;kg;5,99;19,97;;;5,49;3850355007202;Hrana
SIR PODRAVEC PRESIDENT 400 g;354047;President;0,4000;kg;5,39;13,48;;;5,19;3850355007363;Hrana
Sir Tilzit President;354049;President;1,0000;kg;12,99;12,99;;;12,99;3850355007516;Hrana
SIR TILZIT PRESIDENT 400 g;354053;President;0,4000;kg;5,39;13,48;;;5,29;3850355007387;Hrana
SIR GOUDA PRESIDENT 400 g;354054;President;0,4000;kg;5,39;13,48;;;5,19;3850355007325;Hrana
SIR DIMSI PRESIDENT 400 g;354055;President;0,4000;kg;5,39;13,48;;;5,19;3850355007288;Hrana
MLIJ.TRAJNO DUKAT 2,8% 1L TE;354056;Dukat;1,0000;L;1,02;1,02;;;1,02;3850354016830;Hrana
Sir Dimsi President blok;354059;President;1,0000;kg;12,99;12,99;;;12,99;3850355007417;Hrana
SP METLA ZA VANJSKE POVRŠINE;354090;Splendid;1,0000;kom;5,69;5,69;;;5,69;9100000897967;Proizvodi za kuæanstvo
SIR SVJEŽI SPORT ZDENKA 500 g;354092;Zdenka;0,5000;kg;2,59;5,18;;;2,59;3858888598679;Hrana
MICEL.VOD.GARNIER EXPER.100 ml;354104;Garnier;0,1000;l;3,39;33,90;;;3,39;3600542399258;Kozmetika
SAPUN LAHOR SENSITIVE 80 g;354105;Lahor;0,0800;kg;0,64;8,00;;;0,64;3850105176950;Kozmetika
SAPUN LAHOR W.ROSE 80 g;354106;Lahor;0,0800;kg;0,89;11,13;;;0,89;3850105176929;Kozmetika
SERUM GARNIER GLOW 30 ml;354121;Garnier;0,0300;l;12,49;416,33;;;11,99;3600542433327;Kozmetika
SERUM GARNIER H.ALOE 30 ml;354122;Garnier;0,0300;l;12,49;416,33;;;11,99;3600542432924;Kozmetika
KRUH ZADARSKI C 700 g PAK.REZ.;354143;;0,7000;kg;1,09;1,56;;;1,09;3858884929101;Hrana
KAVA BARCAFFE PE.NOISETE 140 g;354151;Barcaffe;0,1400;kg;;25,64;3,59;4,49;3,98;3838471045339;Piæa
ŠAMPON OLIVAL RICINUS 250 ml;354159;Olival;0,2500;L;6,29;25,16;;;5,89;3858892693902;Kozmetika
ŠAMPON OLIVAL KOPRIVA 250 ml;354160;Olival;0,2500;L;6,29;25,16;;;5,89;3858892693919;Kozmetika
SERUM AFRODITA COLLAGE. 30 ml;354208;Afrodita;0,0300;l;17,99;599,67;;;17,99;3831070657767;Kozmetika
MEDENI KOLAÈ SA KAKAOM 100 g;354210;;0,1000;kg;;24,70;2,47;3,09;3,09;8594071653156;Hrana
MEDENI KOLAÈ SA ORAHOM 100 g;354211;;0,1000;kg;;24,70;2,47;3,09;3,09;8594071653132;Hrana
MEDENI KOLAÈ BEZ GLUTENA 100 g;354212;;0,1000;kg;;26,30;2,63;3,29;3,29;8594071653170;Hrana
KREMA AFRODITA COLLAGEN  50 ml;354228;Afrodita;0,0500;l;17,59;351,80;;;17,59;3831070658450;Kozmetika
KREMA AFRODITA COLA.SUH  50 ml;354229;Afrodita;0,0500;L;17,59;351,80;;;17,59;3831070658467;Kozmetika
SIR PODRAV.SLICE PRESID.150 g;354238;President;0,1500;kg;3,19;21,27;;;3,19;3850355007066;Hrana
SIR GOUDA SLIC.PRESIDENT 150 g;354240;President;0,1500;kg;3,19;21,27;;;3,19;3850355007080;Hrana
SIR GOUDA PRESIDENT SAND.120 g;354242;President;0,1200;kg;2,79;23,25;;;2,79;3850355007103;Hrana
ZUB.PAS.PLIDENTA SENSITI.75 ml;354254;Plidenta;0,0750;L;2,29;30,53;;;2,25;3856007908712;Kozmetika
TORTA LEDOLINA LEDO 650 g;354280;Ledo;0,6500;kg;11,49;17,68;;;11,49;3850116042596;Hrana
SIR RIBANAC PRESIDENT 40 g;354294;President;0,0400;kg;1,49;37,25;;;1,49;3850355007608;Hrana
SIR RIBANAC PRESIDENT 100 g;354296;President;0,1000;kg;3,25;32,50;;;3,25;3850355007622;Hrana
CEDEVITA LIMUN 900 g;354327;Cedevita;0,9000;kg;6,69;7,43;;;5,79;3850322015001;Piæa
CEDEVITA BAZGA LIMUN 900 g;354329;Cedevita;0,9000;kg;6,69;7,43;;;5,79;3850322015049;Piæa
CEDEVITA NARANÈA 900 g ;354330;Cedevita;0,9000;kg;6,69;7,43;;;5,79;3850322014981;Piæa
CEDEVITA LIMETA 900 g;354333;Cedevita;0,9000;kg;6,69;7,43;;;5,79;3850322015025;Piæa
SIRUP BAK.BLAGO ŠLJIVA CIM.1 L;354344;Vlastite potrebe;1,0000;l;2,99;2,99;;;2,99;3858893550112;Piæa
SIRUP BAK.BLAGO LIMUN KOPR.1 L;354347;Vlastite potrebe;1,0000;l;2,99;2,99;;;2,99;3858893550129;Piæa
SOJADE BOROVNICA 150 g;354399;;0,1500;kg;1,99;13,27;;;1,99;3273221093831;Hrana
SOJADE NATURAL 150 g;354400;;0,1500;kg;1,79;11,93;;;1,79;3273221093787;Hrana
ZUB.PA.ORAL-B FRESH .2x75 ml;354404;Oral B;0,1500;l;6,49;43,27;;;6,59;8700216482592;Kozmetika
TJ.MARODI CONCHIGLIETTE 400 g;354405;;0,4000;kg;2,99;7,48;;;2,99;3859888666740;Hrana
ÈIPS OD LEÆE SPAR VRHNJE 90 g;354407;SPAR;0,0900;kg;1,99;22,11;;;1,99;9100000914503;Hrana
ŠAMPON OLIVAL ÈIÈAK 250 ml;354408;Olival;0,2500;L;6,29;25,16;;;5,89;3858892693896;Kozmetika
UMA.TIKKA MASALA PATAK´S 450 g;354409;Pataks;0,4500;kg;5,79;12,87;;;5,79;5011308303446;Hrana
TJESTEN.MARODI ALFABETO 400 g;354410;;0,4000;kg;2,99;7,48;;;2,99;3859888666757;Hrana
JEÈAM MJEŠAVINA LEDO 400 g;354411;Ledo;0,4000;kg;3,09;7,73;;;3,09;3850116041445;Hrana
PESTO POLLI SICILIANA 190 g;354412;Polli;0,1900;kg;2,99;15,74;;;3,19;8001310810800;Hrana
Fritule rinfuza;354422;;1,0000;kg;10,79;10,79;;;10,79;3859890208396;Hrana
SIR PR.GRAND OVAL TRAPIS.500 g;354447;;0,5000;kg;7,49;14,98;;;7,49;3850355007165;Hrana
SIR TILZIT PRESID.SLICE 150 g;354449;;0,1500;kg;3,19;21,27;;;3,19;3850355007141;Hrana
Kolaè crno bijeli 130 g;354458;;0,1300;kg;1,69;13,00;;;1,59;3859893089176;Hrana
Kolaè ledeni vjetar  180 g;354459;;0,1800;kg;1,55;8,61;;;1,55;3859893089206;Hrana
RIBLJA JUHA DESPAR 350 g;354468;Despar;0,3500;kg;5,29;15,11;;;5,29;9100000907413;Hrana
UMAK OD ŠKOLJKI DESPAR 400 g;354469;Despar;0,4000;kg;4,49;11,23;;;4,49;9100000907390;Hrana
REFILL GLADE NARANÈA 20 ml;354499;Glade;0,0200;L;6,29;314,50;;;7,39;5000204334487;Sredstva za èišæenje
ELETRI.REFIL GLADE RELAX 20 ml;354500;Glade;0,0200;L;6,29;314,50;;;7,39;5000204334517;Sredstva za èišæenje
Sir Podravec President;354519;President;1,0000;kg;11,99;11,99;;;11,49;3850355007455;Hrana
SIR RIBANAC PRESIDENT 3X40 g;354540;President;0,1200;kg;3,79;31,58;;;3,69;3850355006618;Hrana
KRPA MAGIÈNA 40*40 cm CRYSTAL;354542;;1,0000;kom;5,69;5,69;;;5,69;3858882683760;Proizvodi za kuæanstvo
SIR TOAST CHEDDAR PRESID.150 g;354547;President;0,1500;kg;1,99;13,27;;;1,79;3228022210055;Hrana
SIR TOAST EMMENT.PRES.150 g;354549;President;0,1500;kg;1,99;13,27;;;1,79;3228022210062;Hrana
MAJONEZA CHILI ZVIJEZDA 85 g;354563;Zvijezda;0,0850;kg;1,25;14,71;;;1,19;3856015324689;Hrana
REGENERATOR GLISS 200 ml;354564;Gliss Kur;0,2000;L;4,69;23,45;;;4,69;9000100662987;Kozmetika
NAPITAK SPAR ZOB BARISTA 1 L;354566;SPAR;1,0000;l;2,39;2,39;;;2,39;9100000962290;Piæa
TRAKE DESPAR ZA DEPIL.AC. 16/1;354568;Despar;16,0000;kom;1,19;0,07;;;1,11;8001300935582;Kozmetika
BOMB.RICOLA GINGER ORANGE 40 g;354571;Ricola;0,0400;kg;1,59;39,75;;;1,59;7610700028131;Hrana
MEDENA TORTA BEZ GLUTENA 800 g;354587;;0,8000;kg;;14,99;11,99;14,99;14,99;8594071650872;Hrana
VINO MUŠKAT ORMOŽ OTT. 0,75 L ;354634;;0,7500;L;7,99;10,65;;;9,99;3830078701748;Piæa
ÈOK.DORINA CIJ.LJEŠNJAK 220 g;354675;Dorina;0,2200;kg;4,99;22,68;;;3,79;3850102520381;Hrana
ÈOK.DORINA SJEC.LJEŠNJAK 220 g;354676;Dorina;0,2200;kg;3,49;15,86;;;4,49;3850102522323;Hrana
KREM.ZORINA MAST ZA LICE 50 ml;354685;ZORINA MAST;0,0500;L;12,49;249,80;;;12,49;3857500100368;Kozmetika
MED S-BUDGET CVJETNI 900 g;354728;S-Budget;0,9000;kg;5,70;6,33;;;6,59;3856021220371;Hrana
MED S-BUDGET CVJETNI 1200 g;354730;S-Budget;1,2000;kg;8,59;7,16;;;8,59;3856021220395;Hrana
KREKER SPAR SLANI 3X75 g;354751;SPAR;0,2250;kg;1,49;6,62;;;1,49;9100000782591;Hrana
UM.BEN´S ORIG.SL.KISELI 400 g;354773;;0,4000;kg;;7,48;2,99;3,99;3,99;4002359017322;Hrana
UM.BEN´S ORIG.SL.KIS.ANA.400 g;354774;;0,4000;kg;;7,48;2,99;3,99;3,99;4002359017209;Hrana
RIŽA BEN´S ORIG.DUG.ZR.250 g  ;354776;;0,2500;kg;;7,16;1,79;2,39;2,39;5410673007452;Hrana
RIŽA BEN´S ORIG.DUGO ZR.500 g ;354777;;0,5000;kg;;5,98;2,99;3,99;3,99;5410673007476;Hrana
RIŽA BEN´S ORI.DU.ZR.PAR.500 g;354779;;0,5000;kg;;5,50;2,75;3,69;3,69;5410673007490;Hrana
RIŽA BEN´S INTEGRAL.PARB.500 g;354780;;0,5000;kg;;6,28;3,14;4,19;4,19;5410673007667;Hrana
RIŽA BEN´S ORI.INTEG.PAR.500 g;354783;;0,5000;kg;;6,28;3,14;4,19;4,19;5410673007407;Hrana
SI SUŠILO ZA RUBLJE,4 RAZINE;354803;SIMPEX;1,0000;kom;29,99;29,99;;;29,99;9100000814148;Proizvodi za kuæanstvo
MLIJ.LACTO OIL LACTOVIT 400 ml;354823;Lactovit;0,4000;L;5,49;13,73;;;5,79;8411135354807;Kozmetika
LIZAL.USKRŠNJA POP UP 10 g;354834;;0,0100;kg;1,79;179,00;;;0,49;8714786286382;Hrana
KEKS OREO REMIX KUP./VAN 157 g;354845;Oreo;0,1570;kg;2,19;13,95;;;2,19;7622201505059;Hrana
HRENOVKE PILEÆE S BUDGET 100 g;354848;S-Budget;0,1000;kg;0,79;7,90;;;0,85;3856021219832;Hrana
KAVA MLJEVENA S BUDGET 250 g;354882;S-Budget;0,2500;kg;3,89;15,56;;;3,89;9100100131459;Piæa
KRASTAVCI NATUR PUR DEL.330 g;354900;Spar Natur pur;0,1850;kg;3,59;19,41;;;3,59;9100000960326;Hrana
SET ZA ÈIŠÆENJE PODOVA CLEAN;354906;;1,0000;kom;68,89;68,89;;;68,89;4006501521019;Proizvodi za kuæanstvo
SAPUN LAHOR AQUA 80 g;354941;Lahor;0,0800;kg;0,89;11,13;;;0,89;3850105177193;Kozmetika
SIRUP MARASKA BOROVNICA 1 L;354942;Maraska;1,0000;l;2,99;2,99;;;2,99;3850158105020;Piæa
SIRUP MARASKA JABUKA BAZGA 1 L;354944;Maraska;1,0000;l;2,99;2,99;;;2,99;3850158105044;Piæa
SIRUP MARAS.LE.ÈAJ BRESKVA 1 L;354945;Maraska;1,0000;l;2,99;2,99;;;2,99;3850158105082;Piæa
SIRUP MARASKA LIMUN 1 L;354946;Maraska;1,0000;l;2,99;2,99;;;2,99;3850158105129;Piæa
SIRUP MARASKA MALINA 1 L;354947;Maraska;1,0000;l;2,99;2,99;;;2,99;3850158105068;Piæa
SIRUP MARASKA NARANÈA 1 L;354948;Maraska;1,0000;l;2,99;2,99;;;2,99;3850158105006;Piæa
PIVO BALTAZAR 0,5 L;354952;;0,5000;l;2,39;4,78;;;2,39;3859893357275;Piæa
FLIPS TIP TOP CUBICS 100 g;354958;Tip Top;0,1000;kg;1,59;15,90;;;1,59;3856021303302;Hrana
NAPIT.BOOM BOX ZOB.BARIS.1 L ;354987;Boom Box;1,0000;l;3,49;3,49;;;3,29;3858890478778;Piæa
NAPIT.BOOM BOX ZOB.BAD.500 ml;354988;Boom Box;0,5000;l;2,09;4,18;;;1,99;3858890478792;Piæa
NAPIT.BOOM BOX ZOB.LJEŠ.500 ml;354989;Boom Box;0,5000;l;2,09;4,18;;;1,99;3858890478815;Piæa
SP ÈETKA ZA PRANJE BOCA,28077;354998;Splendid;1,0000;kom;3,05;3,05;;;3,05;9100000897998;Proizvodi za kuæanstvo
VOÆNA ZAB.BEBI.JAB.JAG.KR.90 g;355033;Bebivita;0,0900;kg;1,19;13,22;;;1,1;4018852035084;Hrana
NAPITAK HIPP VODA JAB.500 ml;355034;Hipp;0,5000;l;1,82;3,64;;;1,82;4062300395572;Piæa
NAPITAK HIPP JAB.CR.GRO.500 ml;355035;Hipp;0,5000;l;1,82;3,64;;;1,82;4062300393639;Piæa
ZOB.KAŠA LJEŠ.ÈOKO.BOOM B.60 g;355051;Atlantic Trade;0,0600;kg;0,99;16,50;;;0,99;3858890478075;Hrana
ZOB.KAŠA KOKOS ÈOKOLA.B.B.60 g;355056;Atlantic Trade;0,0600;kg;0,99;16,50;;;0,99;3858890478112;Hrana
ZOB.KAŠA MALINA VANIL.B.B.60 g;355057;Atlantic Trade;0,0600;kg;0,99;16,50;;;0,99;3858890478136;Hrana
HRANA ZA MAÈKE FEL.PIL.4X85 g;355068;Felix;0,3400;kg;2,79;8,21;;;2,79;7613287491640;Proizvodi za kuæanstvo
HRANA ZA MAÈ.FEL.GOV.PI.4X85 g;355069;Felix;0,3400;kg;2,79;8,21;;;2,79;7613287491695;Proizvodi za kuæanstvo
HRANA ZA MAÈKE FEL.LOS.4X85 g;355070;Felix;0,3400;kg;2,79;8,21;;;2,79;7613287491725;Proizvodi za kuæanstvo
HRANA ZA MAÈKE FEL.RIBA 4X85 g;355071;Felix;0,3400;kg;2,79;8,21;;;2,79;7613287491770;Proizvodi za kuæanstvo
HRANA ZA MAÈKE FEL.PIL.MR.85 g;355072;Felix;0,0850;kg;0,79;9,29;;;0,79;7613287490223;Proizvodi za kuæanstvo
HRANA ZA MAÈKE FEL.GOV.RA.85 g;355075;Felix;0,0850;kg;0,79;9,29;;;0,79;7613287490179;Proizvodi za kuæanstvo
HRANA ZA MAÈKE FELIX ZEC 85 g;355079;Felix;0,0850;kg;0,79;9,29;;;0,79;7613287487773;Proizvodi za kuæanstvo
HRANA ZA MAÈKE FELIX PILE.85 g;355083;Felix;0,0850;kg;0,79;9,29;;;0,79;7613287490117;Proizvodi za kuæanstvo
HRANA ZA MAÈKE FELIX GOVE.85 g;355086;Felix;0,0850;kg;0,79;9,29;;;0,79;7613287489593;Proizvodi za kuæanstvo
HRANA ZA MAÈKE FELIX PILE.85 g;355090;Felix;0,0850;kg;0,79;9,29;;;0,79;7613287489975;Proizvodi za kuæanstvo
HRANA ZA MAÈKE FELIX LOS.85 g;355091;Felix;0,0850;kg;0,79;9,29;;;0,79;7613287489999;Proizvodi za kuæanstvo
HRANA ZA MAÈKE FEL.RIB.12X85 g;355094;Felix;1,0200;kg;6,79;6,66;;;6,79;7613287495419;Proizvodi za kuæanstvo
HRANA ZA MAÈKE FEL.ME.12X85 g;355095;Felix;1,0200;kg;6,79;6,66;;;6,79;7613287495280;Proizvodi za kuæanstvo
HRANA ZA MAÈKE FEL.MESO 4X85 g;355097;Felix;0,3400;kg;2,79;8,21;;;2,79;7613287491749;Proizvodi za kuæanstvo
SP METLA SIRKOVA;355099;Splendid Nature;1,0000;kom;9,99;9,99;;;9,99;9100000759982;Proizvodi za kuæanstvo
SPAR ENJOY VI.MALINA LIM.0,5 L;355113;SPAR enjoy;0,5000;l;1,35;2,70;;;1,32;9100000045306;Piæa
VINO BLATO ROSE R. ZOI  0,75 L;355117;;0,7500;L;8,29;11,05;;;9,59;3859888154773;Piæa
VINO BLATO MERLOT ZOI  0,75 L;355118;;0,7500;L;6,79;9,05;;;7,59;3859888154810;Piæa
ÈOK.FIG.HOLLOW USKRS 35 g;355121;Ferrero;0,0350;kg;1,29;36,86;;;0,49;80848349;Hrana
ZAÈIN NATUR PUR KIM BIO 50 g;355125;Natur pur;0,0500;kg;3,99;79,80;;;3,99;9100000939063;Hrana
ZAÈ.NATUR PUR ORIGANO BIO 14 g;355127;Natur pur;0,0140;kg;3,99;285,00;;;3,99;9100000939100;Hrana
ZAÈ.NATUR PUR PERŠIN BIO 16 g ;355130;Natur pur;0,0160;kg;3,99;249,38;;;3,99;9100000939049;Hrana
ZAÈIN MJ.VEGETA PODR.BIO 120 g;355135;Vegeta;0,1200;kg;2,69;22,42;;;2,79;3856020245337;Hrana
TJE.ZL.POLJE JUŠ.REZANCI 250 g;355136;Zlato Polje;0,2500;kg;1,99;7,96;;;1,99;3838700011463;Hrana
TJE.ZL.POLJE VALJANI REZ.400 g;355137;Zlato Polje;0,4000;kg;2,79;6,98;;;2,79;3838700010480;Hrana
VINO ROSE MATUŠKO SELC. 0,75 L;355139;;0,7500;L;12,02;16,03;;;12,02;3859889396752;Piæa
VINO MATUŠKO POŠIP 0,75 L;355140;;0,7500;L;11,92;15,89;;;11,92;3859889396455;Piæa
OMEKŠ.SPLEND.SOMMERF.1,5L;355145;Splendid;1,5000;L;2,99;1,99;;;2,98;9100000156965;Sredstva za èišæenje
OMEKŠ.SPLEN.STERNENHIMMEL 1,5L;355146;Splendid;1,5000;L;2,99;1,99;;;2,98;9100000156880;Sredstva za èišæenje
OMEKŠ.SPLEND.FRISCH BRISE 1,5L;355147;Splendid;1,5000;L;2,99;1,99;;;2,98;9100000156941;Sredstva za èišæenje
ŽITAR.ENCIAN CHOCO BALLS 250 g;355148;Encian;0,2500;kg;2,69;10,76;;;2,69;3858890104516;Hrana
KREMA TIP MASCARP.VEGAN 250 g;355157;;0,2500;kg;2,39;9,56;;;2,39;5999884968092;Hrana
PANIR.KLJEŠTA RAKA VICI 250 g;355158;Vici;0,2500;kg;2,39;9,56;;;2,39;4770190036900;Hrana
PRIPRAVAK ZA KUH.HALTA 500 ml;355161;Halta;0,5000;L;2,09;4,18;;;1,99;8004172000495;Hrana
VINO KG VRANAC 2 L;355165;;2,0000;L;4,59;2,30;;;4,59;3859891270101;Piæa
SOL FINISH 1,2 kg;355169;Finish;1,2000;kg;2,39;1,99;;;2,39;4002448046424;Sredstva za èišæenje
MUFFIN FREE FROM 60 g;355179;SPAR free from;0,0600;kg;1,59;26,50;;;1,59;3856021220456;Hrana
MUFFIN FREE FROM KAKAO 60 g;355180;SPAR free from;0,0600;kg;1,59;26,50;;;1,59;3856021220463;Hrana
JOG.BIO PROBI.BIFIDUS NP 1 kg;355185;Natur pur;1,0000;kg;2,69;2,69;;;2,59;9100000965635;Hrana
FERIM.BIO PROIZ.ZOB/BOR.400 g;355187;Natur pur;0,4000;kg;2,29;5,73;;;2,29;9100000964430;Hrana
ULO.LIBRES.DNEV.EXTR.LONG 54/1;355188;Libresse;54,0000;kom;2,75;0,05;;;2,59;7322541471853;Toaletne potrepštine
SPUŽVA PURACT.COL.4/1 VILEDA;355189;;4,0000;kom;5,29;1,32;;;5,29;4023103208049;Proizvodi za kuæanstvo
KRPA MICROFIB.COLOR 2/1,VILEDA;355190;;2,0000;kom;6,79;3,40;;;6,79;4023103168565;Proizvodi za kuæanstvo
KRPA MICROFIB.COLOR 3/1,VILEDA;355191;;3,0000;kom;8,36;2,79;;;8,36;4023103228634;Proizvodi za kuæanstvo
SPAR VITAM.ZRNCA NARANÈA 200 g;355194;SPAR marka kvalitete;0,2000;kg;1,49;7,45;;;1,46;3856021219474;Piæa
SPAR VITAM.ZRNCA LIMUN 200 g;355195;SPAR marka kvalitete;0,2000;kg;1,49;7,45;;;1,46;3856021219498;Piæa
Osliæ filet;355196;;1,0000;kg;20,99;20,99;;;16,99;3856024302296;Hrana
DEO SPR.NIVEA MEN DEEP 150 ml;355201;Nivea;0,1500;l;4,99;33,27;;;4,99;9005800379517;Kozmetika
PILE.PAN.MINI FILE SB 900 g;355202;S-Budget;0,9000;kg;8,99;9,99;;;8,99;3856021219511;Hrana
PILE.PANIRANI ODRESCI SB 900 g;355204;S-Budget;0,9000;kg;8,99;9,99;;;8,99;3856021219535;Hrana
ŠAMP.ELSEVE HYALURON 250 ml;355207;Elseve;0,2500;l;4,49;17,96;;;4,39;3600524029500;Kozmetika
PUD.PROTEIN ÈOK.ZOTT 200 g ;355208;Zott;0,2000;kg;1,19;5,95;;;1,19;4014500519142;Hrana
LOPATICA ZA SMEÆE S METLICOM;355209;;1,0000;kom;3,31;3,31;;;3,31;3859893097249;Proizvodi za kuæanstvo
PUD.PROTEIN VAN. ZOTT 200 g;355210;Zott;0,2000;kg;1,19;5,95;;;1,19;4014500519180;Hrana
JOG.VOÆ. PROTEIN ZOTT 200 g;355211;Zott;0,2000;kg;1,19;5,95;;;1,19;4014500519159;Hrana
REG.ELSEV.HYALURON  200 ml;355214;Elseve;0,2000;l;4,49;22,45;;;4,39;3600524029753;Kozmetika
DATULJA MAZAFATI 600 g;355215;;0,6000;kg;3,55;5,92;;;2,76;3872084015051;Hrana
MASKA ELSEVE HYALURON 300 ml;355216;Elseve;0,3000;l;6,95;23,17;;;6,95;3600524033552;Kozmetika
LOPATICA ZA SMEÆE ;355217;;1,0000;kom;3,58;3,58;;;3,58;3859893097355;Proizvodi za kuæanstvo
SERUM ELSEVE HYALURON 150 ml;355218;Elseve;0,1500;l;6,99;46,60;;;6,99;3600524032425;Kozmetika
ÈIPS LAY´S SLANI 200 g;355220;Lays;0,2000;kg;2,99;14,95;;;2,99;8606017377511;Hrana
ÈETKA ZA RUKE S RUKOHVATOM;355221;;1,0000;kom;2,12;2,12;;;2,12;3859893097287;Proizvodi za kuæanstvo
ÈIPS LAY´S PIK.PAPRIKA 200 g;355222;Lays;0,2000;kg;2,99;14,95;;;2,99;8606017377535;Hrana
NAMAZ PREMIUM SUŠ.RAJÈ.180 g;355228;SPAR PREMIUM;0,1800;kg;2,89;16,06;;;2,89;8001300243359;Hrana
NAMAZ PREMIUM CRNE MASL.180 g;355230;SPAR PREMIUM;0,1800;kg;2,89;16,06;;;2,89;8001300243328;Hrana
NAMAZ PREMIUM TUNA 180 g;355231;SPAR PREMIUM;0,1800;kg;4,09;22,72;;;4,09;8001300243373;Hrana
UNIVER.MARAMICE SPLENDID 80/1;355254;Splendid;80,0000;kom;1,98;0,02;;;1,98;9100000947228;Sredstva za èišæenje
MAR.ZA KUPAONICU SPLENDID 50/1;355255;Splendid;50,0000;kom;;0,03;1,29;1,59;1,59;9100000947259;Sredstva za èišæenje
BISKV. ROLINO LJEŠNJAK  222 g;355268;DESPAR;0,2220;kg;1,69;7,61;;;1,69;8001300804550;Hrana
ŠAMP.ELSEVE HYALURON 400 ml;355271;Elseve;0,4000;L;5,89;14,73;;;5,89;3600524029883;Kozmetika
OSLIÆ FILE CAPE.MSC SPAR 500 g;355282;SPAR;0,5000;kg;5,49;10,98;;;4,80;3856021219825;Hrana
PIVO GARDEN MILKSHA.IPA 0,33 L;355304;;0,3300;l;;5,36;1,77;2,22;2,22;3859893153303;Piæa
BUÐOLA S BUDGET NAREZAK 100 g;355323;S-Budget;0,1000;kg;2,79;27,90;;;2,79;3856021220098;Hrana
TJEST.MARODI STELLINE 400 g;355326;;0,4000;kg;2,99;7,48;;;2,99;3859888666771;Hrana
TJEST.PREMIUM FILINI 250 g;355344;Premium;0,2500;kg;1,59;6,36;;;1,59;8001300400592;Hrana
TJEST.PREMIUM STELLINE 250 g;355345;Premium;0,2500;kg;1,59;6,36;;;1,59;8001300400615;Hrana
TJEST.PREMIUM FARFALLINE 250 g;355346;Premium;0,2500;kg;1,59;6,36;;;1,59;8001300400608;Hrana
BRAŠNO PREMIUM TIP 0 1 kg;355349;Premium;1,0000;kg;1,89;1,89;;;1,85;8001300400851;Hrana
DET.FAKS SUPERAKTIV 3,51 kg;355361;Faks;3,5100;kg;19,91;5,67;;;16,99;3850105176646;Sredstva za èišæenje
ŠAM.SCHA.CHAMOM.EXTR.400 ml;355376;Schauma;0,4000;l;2,99;7,48;;;2,79;9000101627428;Kozmetika
ŠAMP.SYOSS DRY DARK 200 ml;355385;Syoss;0,2000;l;6,49;32,45;;;6,49;9000101658477;Kozmetika
BOJA PALETTE ICC 10-19 SREB.;355401;Palette;1,0000;kom;4,25;4,25;;;4,25;9000101606942;Kozmetika
BOJA PALETTE ICC 12-21 SREB.;355402;Palette;1,0000;kom;4,25;4,25;;;4,25;9000101607062;Kozmetika
SPREJ SYOSS ZAŠ.TOPLINE 200 ml;355410;Syoss;0,2000;kom;5,49;27,45;;;5,69;9000101049299;Kozmetika
BOJA LIVE URBEN METALIC U69;355413;LIVE;1,0000;kom;7,95;7,95;;;7,95;9000101202779;Kozmetika
USK.ZEC SPEC.MILKA 90 g;355415;Milka;0,0900;kg;2,42;26,89;;;0,99;7622201821265;Hrana
ENJOY KARAMEL VAFL 80 g;355416;SPAR enjoy;0,0800;kg;1,29;16,13;;;1,29;9100000786544;Hrana
SOK SPAR NP BIO 100% JABUK.1 L;355421;SPAR Natur*pur;1,0000;l;2,59;2,59;;;2,59;9100000947440;Piæa
KAPSULE DG NESQIUK 256 g;355425;Nesquik;0,2560;kg;5,49;21,45;;;6,49;7613033160141;Piæa
KAPSULE DG CA.MACHIATO 146,5 g;355426;;0,1465;kg;5,49;37,47;;;6,49;7613037788884;Piæa
KAPSULE DG ESPRESSO 88 g;355428;;0,0880;kg;5,49;62,39;;;6,49;7613037931136;Piæa
SIR GORGO.DOLCE DOP PREM.200 g;355437;DESPAR Premium;0,2000;kg;3,29;16,45;;;3,29;8001300651574;Hrana
TJESTEN.MARODI FILINI 400 g ;355452;;0,4000;kg;2,99;7,48;;;2,99;3859888666764;Hrana
JOG.FANTASIA ÈOKO.ZVJEZD.102 g;355453;Danone;0,1020;kg;0,99;9,71;;;0,99;5900643047361;Hrana
JOGURT FANTASIA VIŠNJA 118 g;355454;Danone;0,1180;kg;0,99;8,39;;;0,99;5900643047347;Hrana
VINO BABICH SAUVIGNON 0,75 L;355503;;0,7500;L;10,65;14,20;;;10,65;9414603101100;Piæa
VINO KUPINOVO ÈOKA 0,75 L;355504;;0,7500;L;6;8,00;;;6;8606106842012;Piæa
ÈOK.KANDI DARK NUT BDŠ 80 g;355508;Kandit;0,0800;kg;3,49;43,63;;;3,49;3856024803694;Hrana
SRED.ZA KAMENAC DURGOL 750 ml;355511;Durgol;0,7500;L;;5,67;4,25;5,37;5,37;7610243009710;Sredstva za èišæenje
SALVETA DAISY,33x33cm,20/1;355516;;1,0000;kom;1,99;1,99;;;1,99;5901646032231;Proizvodi za kuæanstvo
SALVETA DAISY,33x33cm,20/1;355518;;1,0000;kom;1,99;1,99;;;1,99;5901646048560;Proizvodi za kuæanstvo
SALVETA DAISY,33x33cm,20/1;355519;;1,0000;kom;1,99;1,99;;;1,99;5901646030053;Proizvodi za kuæanstvo
SALVETA DAISY,33x33cm,20/1;355521;;1,0000;kom;1,99;1,99;;;1,99;5901646032217;Proizvodi za kuæanstvo
TORTA SLAVLJENICA LEDO 650 g;355565;Ledo;0,6500;kg;9,39;14,45;;;9,99;3850116042626;Hrana
SRED.FROSCH ZA MRLJE 75 ml;355575;Frosch;0,0750;L;2,12;28,27;;;2,12;4001499923746;Sredstva za èišæenje
BOMB.MARSH.BBQ SPAR 300 g;355578;SPAR;0,3000;kg;2,49;8,30;;;2,49;9100000827544;Hrana
LIGNJA FROZY NEOÈ.PATAG.500 g;355587;Frozy;0,5000;kg;7,25;14,50;;;7,25;3858891045191;Hrana
JADRANS.KOZICE OÈIŠÆENE 250 g;355588;Frozy;0,2500;kg;7,19;28,76;;;6,99;3858891045214;Hrana
LIG.PATA.KOLUT.I.KRAKOVI 400 g;355589;Frozy;0,4000;kg;6,99;17,48;;;6,99;3858891045016;Hrana
BRISAÈ 2U1  SPRAY ;355600;;1,0000;kom;16,99;16,99;;;16,99;8010402406333;Proizvodi za kuæanstvo
DET.ORNEL GOLDEN DREAM 2,34 kg;355658;Ornel;2,3400;kg;10,59;4,53;;;10,59;3850105180124;Sredstva za èišæenje
ŠAM.SCHAUMA KIDS RASP 400 ml;355660;Schauma;1,0000;kom;3,99;3,99;;;3,79;9000101657593;Kozmetika
ŠAM.SCHAUMA KIDS BLUE 400 ml;355661;Schauma;1,0000;kom;3,99;3,99;;;3,79;9000101657715;Kozmetika
ÈOKO.NESTLE ZA KUH. LAIT 170 g;355668;Nestle;0,1700;kg;;20,53;3,49;3,79;4,49;7613035587793;Hrana
NEKTAR  HAPPY DAY BRESKVA 1 L;355670;Happy Day;1,0000;l;2,29;2,29;;;2,39;9008700181747;Piæa
NEKTAR  HAPPY DAY ANANAS 1 L;355672;Happy Day;1,0000;l;2,29;2,29;;;2,39;9008700181808;Piæa
NEKTAR HAPPY DAY VIŠNJA 1 L;355673;Happy Day;1,0000;l;2,29;2,29;;;2,39;9008700181846;Piæa
PIVO ZMAJSKA PIVOV.PILS 0,5 L;355677;;0,5000;l;2,42;4,84;;;2,42;3858895210144;Piæa
PIVO ZMAJSKO THERAPY 0,5 L;355680;;0,5000;l;2,62;5,24;;;2,62;3858895210168;Piæa
PIVO ZMAJSKO PALE ALE 0,5 L;355681;;0,5000;l;2,48;4,96;;;2,48;3858895210069;Piæa
VIT.VODA OSHEE MAGNESI.0,555 L;355685;;0,5550;l;1,69;3,05;;;1,69;5908260250515;Piæa
VIT.VODA OSHEE VITAM.C 0,555 L;355687;;0,5550;l;1,69;3,05;;;1,69;5908260250027;Piæa
VIT.VODA OSHEE MINERAL.0,555 L;355689;;0,5550;l;1,69;3,05;;;1,69;5908260250522;Piæa
OSHEE IZOTONIC ORANGE 0,75 L;355693;;0,7500;l;1,69;2,25;;;1,69;5908260257651;Piæa
OSHEE IZOTONIC  LEMON  0,75 L;355694;;0,7500;l;1,69;2,25;;;1,69;5908260251550;Piæa
OSHEE IZOTON.MULTIFRUIT 0,75 L;355695;;0,7500;l;1,69;2,25;;;1,69;5908260251963;Piæa
VINO PLAVAC BIB 3 L BARRIQUE;355721;;3,0000;L;10,99;3,66;;;10,99;3859893940026;Piæa
KEKS JAFFA KOLAÈ CH.BROW.75 g;355759;Jaffa;0,0750;kg;0,99;13,20;;;0,99;8600114009160;Hrana
SIR DIMSI SLIC.PRESIDENT 150 g;355768;President;0,1500;kg;3,19;21,27;;;3,19;3850355007127;Hrana
SPAR VR. ZA ZAMR.400ml D. LOCK;355869;SPAR marka kvalitete;40,0000;kom;1,59;0,04;;;1,59;9100000911205;Proizvodi za kuæanstvo
SPAR VREÆI.ZA ZAMRZ.1L D. LOCK;355870;SPAR marka kvalitete;20,0000;kom;1,69;0,08;;;1,69;9100000911229;Proizvodi za kuæanstvo
SPAR VREÆI.ZA ZAMRZ.3L D. LOCK;355872;SPAR marka kvalitete;15,0000;kom;1,99;0,13;;;1,99;9100000911243;Proizvodi za kuæanstvo
SPAR VREÆI.ZA ZAMRZ.6L D. LOCK;355873;SPAR marka kvalitete;10,0000;kom;1,99;0,20;;;1,99;9100000911267;Proizvodi za kuæanstvo
VINO HERCEGO BLATINA 0,75 L;355921;;0,7500;L;4,69;6,25;;;4,69;3870083000566;Piæa
NAPOLITANKE GULL.VANIL.BŠ.60 g;355932;Gullon;0,0600;kg;1,19;19,83;;;1,19;8410376058819;Hrana
NAPOLITANKE GULLON ÈOK.BŠ.60 g;355934;Gullon;0,0600;kg;1,19;19,83;;;1,19;8410376058826;Hrana
NAPIT.ALPRO NOT MILK 3,5% 1 L;355993;Alpro;1,0000;L;3,89;3,89;;;3,99;5411188134985;Piæa
KUKURUZ ŠEÆERAC 400 g +;355994;;0,4000;kg;2,19;5,48;;;2,19;3859891493371;Hrana
CIKLA KUHANA 500 g;355996;;0,5000;kg;1,59;3,18;;;1,59;3859891496723;Hrana
ÈAJ EKO ÐUMBIR LIM.TRAVOM 40 g;355998;Darvitalis;0,0400;kg;3,99;99,75;;;3,99;3858890834000;Piæa
ÈAJ KONOPLJ.MENTA  25 g;356013;;0,0250;kg;3,98;159,20;;;3,98;3859893683145;Piæa
ULJE PANETE KERATIN 100 ml;356055;Pantene;0,1000;l;6,49;64,90;;;7,99;8006540124758;Kozmetika
GRAŠAK DESPAR 400 g;356073;Despar;0,2700;kg;1,59;5,89;;;1,59;8001300243571;Hrana
POSL.PEDIG.JUMBONE MAXI 180 g;356080;Pedigree;0,1800;kg;2,19;12,17;;;2,19;5998749140017;Proizvodi za kuæanstvo
ÈOKOLADNI  MIX  KOLAÈA 500 g;356084;;0,5000;kg;5,29;10,58;;;5,29;3870622000026;Hrana
 MIX KUGLICE  500 g;356085;;0,5000;kg;4,63;9,26;;;4,63;3870622000361;Hrana
BOBI STIX PIZZA 35 g;356124;Bobi;0,0350;kg;0,54;15,43;;;0,54;3858891590844;Hrana
PRAL.MILKA GOOD LUCK MOU.110 g;356129;Milka;0,1100;kg;4,79;43,55;;;3,69;7622210598707;Hrana
TAB.ZA ÈIŠÆENJE DURGOL 10 KOM;356147;Durgol;10,0000;kom;5,49;0,55;;;5,49;7640170983135;Sredstva za èišæenje
MILK SHAKE RAZ.OKUSI SB 230 ml;356170;S-Budget;0,2300;L;0,99;4,30;;;0,92;9100000939735;Piæa
HREN LUDBREŠKI S JABUKOM 200 g;356171;;0,2000;kg;2,99;14,95;;;2,99;3859893697067;Hrana
PIVO HEINEKEN LIMENKA 6x0,5 L;356206;Heineken;3,0000;l;;2,63;7,89;8,77;8,77;3830001716016;Piæa
GRIZ BELRISO ÈOK/CIMET 130 g;356226;Zott;0,1300;kg;0,89;6,85;;;0,89;4014500519456;Hrana
GRIZ BELRISO JAG/ŠUM.VOÆ.130 g;356228;Zott;0,1300;kg;0,89;6,85;;;0,89;4014500519463;Hrana
NAMAZ PHILADELP.PROTEIN 175 g;356232;Philadelphia;0,1750;kg;3,39;19,37;;;3,39;7622201637071;Hrana
REG.SCHAUMA 7HERBS 250 ml;356259;Schauma;0,2500;L;2,99;11,96;;;2,79;9000101658088;Kozmetika
REG.SCHAUMA REPAIR&C 250 ml;356262;Schauma;0,2500;L;2,99;11,96;;;2,79;9000101658163;Kozmetika
KAKAO PRAH S-BUDGET 250 g;356273;S-Budget;0,2500;kg;4,98;19,92;;;5,99;9100000963976;Hrana
SIR PEC.ROMAN.DOP DESPAR 200 g;356293;Despar;0,2000;kg;5,99;29,95;;;5,99;8001300683452;Hrana
KREKER VIC SLANI 150 g;356301;Vic;0,1500;kg;;6,60;0,99;1,29;1,29;3850102522040;Hrana
ÈETK.CURAPROX  CS3960 SUPERSOF;356311;Curaprox;1,0000;kom;5,79;5,79;;;5,25;7612412396003;Kozmetika
PERECI SLANI ENJOY 100 g;356312;SPAR enjoy;0,1000;kg;1,09;10,90;;;1,15;3856021220418;Hrana
PUTNI SET CURAPROX;356313;Curaprox;1,0000;KOM;11,99;11,99;;;11,99;7612412428889;Kozmetika
TONIK  AFRODITA COLLAGE.100 ml;356358;Afrodita;0,1000;l;11,49;114,90;;;11,49;3831070659136;Kozmetika
STUDENTSKI MIKS S BUDGET 200 g;356365;S-Budget;0,2000;kg;2,24;11,20;;;1,99;9100000780009;Hrana
ZUB.PAS.KALODONT ZEOLIT 75 ml;356386;Kalodont;0,0750;l;;22,53;1,69;1,99;1,79;3850105178558;Kozmetika
RIŽA SCOTTI VENERE 500 g;356387;Scotti;0,5000;kg;2,99;5,98;;;4,59;8001860187735;Hrana
RIŽA SCOTTI VENERE 230 g;356388;Scotti;0,2300;kg;2,49;10,83;;;3,45;8001860187711;Hrana
RIŽA SCOTTI VENERE POKE 230 g;356389;Scotti;0,2300;kg;2,49;10,83;;;3,45;8001860187704;Hrana
KEKS JAFFA NAR.XXL 600 g;356411;Jaffa;0,6000;kg;3,49;5,82;;;3,29;8600114010463;Hrana
SOL KUHINJ.TUZLA KAMENA 500 g;356412;Tuzlanska Sol;0,5000;kg;0,49;0,98;;;0,46;3870009000038;Hrana
CRNI BAKALAR FILET LEDO 400 g;356429;Ledo;0,4000;kg;;18,73;7,49;9,99;9,99;3850116048710;Hrana
GAZI.PIÆE COCKTA BLONDIE 1,5 L;356430;Cockta;1,5000;l;1,85;1,23;;;1,45;3838471047326;Piæa
Škamp rep;356431;;1,0000;kg;17,99;17,99;;;18,99;;Hrana
GAZI.PIÆE COCKTA BLONDIE 0,5 L;356432;Cockta;0,5000;l;1,25;2,50;;;1,22;3838471047302;Piæa
KREMA VEET ZA DEP.SENSI.200 ml;356434;Veet;0,2000;L;8,49;42,45;;;7,99;5997321774695;Kozmetika
VL.MARAM.BIBO KAMILICA 4X80 ;356456;Bibo;320,0000;kom;4,49;0,01;;;4,49;3859890063520;Toaletne potrepštine
VINO CHARDONNAY BORTOLI 0,75 L;356496;;0,7500;L;4,89;6,52;;;4,27;9300752305707;Piæa
VINO MUŠKAT GC FM 0,75 L;356497;;0,7500;L;6,27;8,36;;;6,27;8004305093073;Piæa
VINO PINOT GRIGIO 0,75 L FM;356498;;0,7500;L;6,27;8,36;;;6,27;8004305093028;Piæa
LIKER MALIBU 1 L;356499;;1,0000;L;22,79;22,79;;;21,82;5010284100025;Piæa
PJEN.VINO FRAN.STELLA 0,75 L;356500;;0,7500;L;13,52;18,03;;;13,52;3857500010384;Piæa
VINO ROSSO PLAVAC 5 L BIB;356502;;5,0000;L;17,19;3,44;;;17,19;3859893940019;Piæa
SLAD.MAJESTIC KING LEDO 100 ml;356503;Ledo;0,1000;L;2,79;27,90;;;2,79;3850116039527;Hrana
ŠUNKA PUREÆA PEÈENA 100 g;356543;Pik;0,1000;kg;2,89;28,90;;;2,59;3850139522150;Hrana
ÈOK.KINDER BUENO MULTI.107,5 g;356547;Kinder;0,1075;kg;2,69;25,02;;;2,49;8000500383056;Hrana
PINCA SA ÈOKO KOMAD.PAK. 100 g;356551;;0,1000;kg;1,29;12,90;;;1,29;3850151241596;Hrana
SR.DR.BECKMANN ZA PEÆNI.375 ml;356555;Dr. Beckmann;0,3750;l;4,39;11,71;;;3,99;4008455620817;Sredstva za èišæenje
SPR.NIVE.SUN KIDS SPF50+270 ml;356557;Nivea;0,2700;l;21,99;81,44;;;23,99;9005800352190;Kozmetika
SLAD.SILK MILK LEDO 6x65 ml;356563;Ledo;0,3900;L;5,99;15,36;;;5,99;3850116048543;Hrana
SLAD.KING MAJEST.LEDO 3x100 ml;356565;King;0,3000;L;6,99;23,30;;;6,99;3850116039640;Hrana
LASAGNE BOLOGNESE LEDO 450 g ;356576;Ledo;0,4500;kg;4,99;11,09;;;3,99;3850116990163;Hrana
DET. JAR RED FRUITS 905 ml;356603;Jar;0,9050;l;;4,96;4,49;5,49;5,49;8006540355503;Sredstva za èišæenje
PAS.CURAPROX KIDS JAGODA 60 ml;356604;Curaprox;0,0600;L;7,59;126,50;;;7,49;7612412429657;Kozmetika
PAS.CURAPROX KIDS MENTA 60 ml;356606;Curaprox;0,0600;L;7,59;126,50;;;7,49;7612412429633;Kozmetika
ÈETKICA CURAPROX BABY 1/1;356608;Curaprox;1,0000;KOM;5,79;5,79;;;5,25;7612412428100;Toaletne potrepštine
DET. JAR CITRUS 905 ml;356609;Jar;0,9050;l;5,49;6,07;;;5,49;8006540355428;Sredstva za èišæenje
DET. JAR RED FRUIT 650 ml;356610;Jar;0,6500;l;2,99;4,60;;;2,89;8006540355466;Sredstva za èišæenje
DET. JAR CITRUS 650 ml;356612;Jar;0,6500;l;3,99;6,14;;;3,99;8006540355381;Sredstva za èišæenje
VL.TP BIBO SENSITIVE 60/1 ;356614;Bibo;60,0000;kom;1,59;0,03;;;1,59;3859890063742;Toaletne potrepštine
VL.MAR.BIBO S MASLINOM 60/1;356617;Bibo;60,0000;kom;1,25;0,02;;;1,25;3859890063339;Toaletne potrepštine
ULOŠCI ALWAYS ULTRA NIGHT 24/1;356625;Always;24,0000;kom;4,45;0,19;;;4,45;8006540093764;Toaletne potrepštine
ULOŠCI ALWAYS ULTRA MAXI 6/1;356629;Always;6,0000;kom;1,50;0,25;;;1,50;8006540538258;Toaletne potrepštine
SIRUP S-BUDGET MULTIVITAMI.1 L;356632;S-Budget;1,0000;l;2,19;2,19;;;2,42;3856021221101;Piæa
SAPUN LAHOR NATURAL 80 g;356634;Lahor;0,0800;kg;0,89;11,13;;;0,89;3850105177049;Kozmetika
SAPUN LAHOR AROMATHERAPY 80 g;356635;Lahor;0,0800;kg;0,89;11,13;;;0,89;3850105177162;Kozmetika
SIRUP S-BUDGET BAZGA 1 L;356637;S-Budget;1,0000;l;2,19;2,19;;;2,42;3856021220968;Piæa
SIRUP S-BUDGET VIŠNJA 1 L;356638;S-Budget;1,0000;l;2,79;2,79;;;2,42;3856021220944;Piæa
SIRUP S-BUDGET BRUSNICA 1 L;356639;S-Budget;1,0000;l;2,19;2,19;;;2,42;3856021220784;Piæa
SIRUP S-BUDGET JABUKA/BAZG.1 L;356640;S-Budget;1,0000;l;1,99;1,99;;;2,42;3856021220821;Piæa
SIRUP S-BUDGET L.ÈAJ BRESK.1 L;356641;S-Budget;1,0000;l;2,19;2,19;;;2,42;3856021220845;Piæa
SIRUP S-BUDGET LIMUN/LIMET.1 L;356642;S-Budget;1,0000;l;1,99;1,99;;;2,42;3856021220869;Piæa
SIRUP S-BUDGET BOROVNICA 1 L;356643;S-Budget;1,0000;l;2,49;2,49;;;2,42;3856021220760;Piæa
SIRUP S-BUDGET JABUKA 1 L;356644;S-Budget;1,0000;l;2,19;2,19;;;2,42;3856021220807;Piæa
SIRUP S-BUDGET MARELICA 1 L;356646;S-Budget;1,0000;l;2,19;2,19;;;2,42;3856021220906;Piæa
SIRUP S-BUDGET NARANÈA 1 L;356647;S-Budget;1,0000;l;2,19;2,19;;;2,42;3856021220920;Piæa
SIRUP S-BUDGET MALINA 1 L;356648;S-Budget;1,0000;l;2,19;2,19;;;2,42;3856021220883;Piæa
SIRUP S-BUDGET LIMUN/LIMET.3 L;356651;S-Budget;3,0000;l;4,39;1,46;;;6,27;3856021221026;Piæa
SIRUP S-BUDGET BOROVNICA 3 L;356652;S-Budget;3,0000;l;4,39;1,46;;;6,27;3856021220982;Piæa
SIRUP S-BUDGET L.ÈAJ BRESK.3 L;356653;S-Budget;3,0000;l;4,39;1,46;;;6,27;3856021221002;Piæa
NEK.HAPPY DAY JAGODA 35% 1 L;356663;Happy Day;1,0000;l;2,29;2,29;;;2,39;9008700181785;Piæa
LEDEN.ÈAJ YIPPY BRESKVA 0,33 L;356667;;0,3300;l;1,39;4,21;;;1,39;9008700200998;Piæa
KRUH TAMNI SA SJEMENKAMA 500 g;356668;;0,5000;kg;5,09;10,18;;;4,59;3859893454189;Hrana
PIÆE GRIN MALINA 0,5 L LIMENKA;356682;;0,5000;L;2,02;4,04;;;2,02;3858895210205;Piæa
PIÆE GRIN LIMETA 0,5 L LIM;356684;;0,5000;L;2,02;4,04;;;2,02;3858895210229;Piæa
KAVA MLJEVENA S BUDGET 500 g;356693;S-Budget;0,5000;kg;6,79;13,58;;;6,79;9100100155004;Piæa
KAP.S-BUDGET BEZ KOFEINA 156 g;356695;S-BUDGET;0,1560;kg;8,79;56,35;;;8,49;9100000963914;Piæa
ZAÈ.PARIKA DIMLJENA KOT.100 g ;356696;Kotanyi;0,1000;kg;3,39;33,90;;;3,05;9001414204948;Hrana
ZAÈ.PAPAR CRNI ZRNO KOTA.100 g;356697;Kotanyi;0,1000;kg;4,49;44,90;;;3,98;9001414006948;Hrana
ZAÈ.PAPAR CRNI MLJ.KOTA.120 g ;356698;Kotanyi;0,1200;kg;5,19;43,25;;;4,64;9001414007174;Hrana
OSLIÆ BEZ GLAVE LEDO 400 g;356699;Ledo;0,4000;kg;3,90;9,75;;;3,90;3850116048659;Hrana
VEGG.SPAR KAISERKRAINER 175 g;356700;SPAR;0,1750;kg;3,49;19,94;;;3,49;9100000949604;Hrana
ZAÈ.PAP.ŠARENI ZRNO KOTA.100 g;356701;Kotanyi;0,1000;kg;5,19;51,90;;;4,64;9001414208526;Hrana
ZAÈ.PAPAR ŠARENI ZRNO VEG.14 g;356714;Podravka;0,0140;kg;1,49;106,43;;;1,49;3856020202644;Hrana
ZAÈ.KURKUMA VEGETA PODR.110 g;356715;Podravka;0,1100;kg;2,79;25,36;;;2,79;3856020256326;Hrana
ZAÈ.SOL MORSKA VEG.MAES.100 g;356718;Podravka;0,1000;kg;1,99;19,90;;;2,79;3856020222314;Hrana
ZAÈ.PERŠIN LIST VEGETA MA.30 g;356719;Podravka;0,0300;kg;2,79;93,00;;;2,79;3856020256265;Hrana
ZA.VEG.NAT.GRILL CLASSIC 100 g;356720;Podravka;0,1000;kg;2,19;21,90;;;2,19;3856020251611;Hrana
ZAÈ.VEG.NATUR PILETINA 100 g;356721;Podravka;0,1000;kg;2,19;21,90;;;2,19;3856020251581;Hrana
ZAÈ.VEG.NAT.AZIJSKA JELA 30 g;356722;Podravka;0,0300;kg;1,19;39,67;;;1,19;3856020237608;Hrana
ZAÈ.CIMET VEGETA MAESTRO 70 g;356724;Podravka;0,0700;kg;2,89;41,29;;;2,89;3856020203092;Hrana
ZAÈ.PAPAR CRNI VEG.MAEST.50 g;356726;Podravka;0,0500;kg;2,39;47,80;;;2,39;3850104294822;Hrana
ZAÈ.ÈEŠNJAK VEG.MAESTRO 55 g;356728;Podravka;0,0550;kg;2,59;47,09;;;2,59;3856020233143;Hrana
KREMA AFRODITA SPF 50 50 ml;356730;Afrodita;0,0500;l;15,99;319,80;;;15,99;3831070658955;Kozmetika
ŠTAPIÆI ULKER  CLIP SIR 100 g;356735;Ulker;0,1000;kg;1,14;11,40;;;1,09;5941664000416;Hrana
MLIJEKO  MEDIHELP LF50+ 200 ml;356736;MediHelp;0,2000;L;6,99;34,95;;;6,99;9100000960258;Kozmetika
MLI.MEDIHELP KIDS LF50+ 200 ml;356738;MediHelp;0,2000;L;6,99;34,95;;;6,99;9100000016634;Kozmetika
LOSION MEDIHEL POS.SUNÈ. 200ml;356739;MediHelp;0,2000;L;2,99;14,95;;;2,99;9100000960289;Kozmetika
ŠAM.H&S DEEP CLEAN 300 ml;356753;Head&Shoulders;0,3000;l;5,79;19,30;;;5,79;8006540524640;Kozmetika
ZUB.PAS.BIOREPAIR WHITE 75 ml;356760;BIOREPAIR;0,0750;l;4,39;58,53;;;4,49;8017331073773;Kozmetika
ZUB.PAS.BIOREPAIR ZAŠ.75 ml;356761;BIOREPAIR;0,0750;l;4,39;58,53;;;4,49;8017331076651;Kozmetika
ŠUM.TABL.MULTIVITA VIT.C 80 g;356794;Multivita;0,0800;kg;2,49;31,13;;;1,99;8606013060547;Hrana
KAPSULE MULT.MAG.375 CITR.20/1;356795;Multivita;20,0000;kom;6,19;0,31;;;4,99;3858881248908;Hrana
TABL.MULTIVITA VIT.C 500 20/1;356797;Multivita;20,0000;kom;6,19;0,31;;;4,99;3858881249028;Hrana
KAPSULE MULTIVITA K2D3 15/1;356798;Multivita;15,0000;kom;6,19;0,41;;;4,99;3858881248960;Hrana
AJVAR PODRAV.PEÈ.PAPR.BL.290 g;356810;Podravka;0,2900;kg;4,69;16,17;;;4,49;3856020253714;Hrana
OMEK.DESPAR MEDITERRANEI 750ml;356814;Despar;0,7500;L;1,59;2,12;;;1,59;8001300891031;Sredstva za èišæenje
AGAR VEGGIE 2,5 g;356815;SPAR Veggie;0,0020;kg;2,39;1195,00;;;2,39;9100000913902;Hrana
DENTASTIX PED.CHE.CH.MAXI 68 g;356816;Pedigree;0,0680;kg;1,79;26,32;;;1,43;4008429136405;Proizvodi za kuæanstvo
DENTASTIX PED.CHE.CH.MINI 68 g;356817;Pedigree;0,0680;kg;1,79;26,32;;;1,43;4008429136382;Proizvodi za kuæanstvo
MAÈJA METVICA DREAMIES 60 g;356819;Dreamies;0,0600;kg;1,79;29,83;;;1,79;5998749142875;Proizvodi za kuæanstvo
ŠAMPON SYOSS MEN  440 ml;356820;Syoss;0,4400;l;4,99;11,34;;;4,49;9000101277395;Kozmetika
ROLL ON L´ANGELICA LINFA 50 ml;356826;L'Angelica;0,0500;l;1,99;39,80;;;2,45;8017331077344;Kozmetika
ROLL ON L´ANGELICA PURE  50 ml;356828;L´Angelica;0,0500;l;1,99;39,80;;;2,45;8017331076958;Kozmetika
ROLL ON L´ANGELICA PURE  50 ml;356829;L'Angelica;0,0500;l;1,99;39,80;;;2,45;8017331076910;Kozmetika
OMEK.DESPAR VANILIJA 750 ml;356832;Despar;0,7500;L;1,59;2,12;;;1,59;8001300891246;Sredstva za èišæenje
OMEK.DESPAR ORHIDEJA 750 ml;356834;Despar;0,7500;L;1,59;2,12;;;1,59;8001300891239;Sredstva za èišæenje
IND.ORAH SIROVI S BUDGET 400 g;356836;S-Budget;0,4000;kg;5,30;13,25;;;4,49;3856021221620;Hrana
DEO SPREJ  MADLENE  75 ml;356843;MADLENE;0,0750;L;1,89;25,20;;;1,89;5997001715116;Kozmetika
DEO SPREJ  MADLENE MYST. 75 ml;356845;MADLENE;0,0750;L;1,89;25,20;;;1,89;5997001715123;Kozmetika
DEO SPREJ  MADLENE WHITE 75 ml;356847;MADLENE;0,0750;L;2,09;27,87;;;2,09;5997001715178;Kozmetika
KVASAC DOLCELA SUHI INST.100 g;356849;Podravka;0,1000;kg;1,29;12,90;;;1,29;3850104266034;Hrana
PAP.RUÈ.DESPAR 2SL 2/1;356857;Despar;2,0000;kom;2,59;1,30;;;2,55;8001300812142;Proizvodi za kuæanstvo
BOJA EXCELLENCE NUDES BLACK 1U;356869;LOREAL;1,0000;kom;9,99;9,99;;;9,25;3600523998135;Kozmetika
BOJA EXCELLENCE NUDES BROWN 4U;356870;LOREAL;1,0000;kom;9,99;9,99;;;9,25;3600523998166;Kozmetika
BOJA EXCELLENCE NUDES SVJ.S 5U;356871;LOREAL;1,0000;kom;9,99;9,99;;;9,25;3600523998173;Kozmetika
BOJA EXCELLENCE NUDES D.BLO 6U;356872;LOREAL;1,0000;kom;9,99;9,99;;;9,25;3600523998180;Kozmetika
BOJA EXCELLENCE NUDES BLOND.7U;356873;LOREAL;1,0000;kom;9,99;9,99;;;9,25;3600523998203;Kozmetika
BOJA EXCELLENCE NUDES S.PLA.8U;356874;LOREAL;1,0000;kom;9,99;9,99;;;9,25;3600523998210;Kozmetika
BOJA EXCELLENCE NUDES V.BLO 9U;356875;LOREAL;1,0000;kom;9,99;9,99;;;9,25;3600523998227;Kozmetika
BOJA EXCELLENCE NUDES BLON.10U;356876;LOREAL;1,0000;kom;9,99;9,99;;;9,25;3600523998234;Kozmetika
PEL.VIOLETA FEELING MIDI 64/1;356883;Violeta;64,0000;KOM;17,99;0,28;;;17,99;3870128031586;Toaletne potrepštine
PEL.VIOLETA FEELING MAXI 58/1;356884;Violeta;58,0000;KOM;17,59;0,30;;;17,59;3870128031616;Toaletne potrepštine
JOG. DUKATOS KOKOS 150 g ;356891;Dukat;0,1500;kg;;6,60;0,99;1,09;1,09;3850354016946;Hrana
JOGURT DUKATOS VANILIJA 150 g;356893;Dukat;0,1500;kg;;6,60;0,99;1,09;1,09;3850354016984;Hrana
BRIT.WILKIN.EXTRA 3 ESSE.3/1;356964;Wilkinson;3,0000;kom;3,09;1,03;;;3,09;4027800320202;Kozmetika
BRIT.WILKIN.EXTRA 3 ESSE.3/1;356965;Wilkinson;3,0000;kom;3,09;1,03;;;3,09;4027800105502;Kozmetika
SLAD.PLAZMA MULTIP.LEDO 678 ml;356992;Ledo;0,6780;L;7,99;11,78;;;7,99;3850116059204;Hrana
ŠEÆER CIMET DOLCELA 3X10 g;357011;Podravka;0,0300;kg;0,99;33,00;;;0,99;3850104275685;Hrana
PRELJ.ZA TORTE CRVENI 3x13 g;357013;Podravka;0,0390;kg;2,25;57,69;;;2,25;3850104275692;Hrana
DOLCELA MJEŠ.COOKIE 40 g;357017;Podravka;0,0400;kg;1,39;34,75;;;0,99;3856020249281;Hrana
DOLCELA MJEŠ.BROWNIE 40 g;357023;Podravka;0,0400;kg;1,39;34,75;;;0,99;3856020249229;Hrana
ZUB.PASTA AQUAFRESH NATU.75 ml;357037;Aquafresh;0,0750;l;3,89;51,87;;;3,89;5054563121424;Kozmetika
TOST OLZ OD PŠENI.BRAŠNA 500 g;357039;;0,5000;kg;3,49;6,98;;;3,49;9005300011535;Hrana
TOST OLZ HOTEL 750 g;357040;;0,7500;kg;4,59;6,12;;;4,59;9005300800368;Hrana
MLIJEÈNI KRUŠÈIÆ S ÈOKOL 210 g;357041;;0,2100;kg;4,39;20,90;;;4,39;9005300010934;Hrana
JUMBO ROLA S-BUDGET 2SL 1/1;357051;S-Budget;1,0000;kom;3,49;3,49;;;2,79;3856021221804;Proizvodi za kuæanstvo
TOAL.PAP.S BUDGET 3 SLOJA 10/1;357052;S-Budget;10,0000;kom;2,49;0,25;;;2,59;3856021221828;Toaletne potrepštine
LOSION BODY BIOBAZA SIL.250 ml;357068;Biobaza;0,2500;L;4,49;17,96;;;3,49;3856020905675;Kozmetika
SLADOLED SNICKERS 6x45,6 g;357094;Snickers;273,6000;g;4,99;0,02;;;4,99;5000159541336;Hrana
SLADOLED MARS 6x40 g;357095;Mars;0,2400;kg;4,99;20,79;;;4,99;5000159541459;Hrana
OSLIÆ FILET LEDO 400 g;357097;Ledo;0,4000;kg;5,29;13,23;;;5,29;3850116048598;Hrana
PIL.PRSA U OV.SLIM&FIT 400 g;357100;Perutnina;0,4000;kg;3,45;8,63;;;3,15;3850220154055;Hrana
Šunka seljaèka S Budget;357102;S-Budget;1,0000;kg;16,99;16,99;;;16,99;3856021221538;Hrana
VODA CETINA  PRIR.MINERALN.1 L;357109;Cetina;1,0000;l;,8;0,80;;;0,8;3859890129875;Piæa
ENJOY SENDVIÈ TRAM.PRŠUT 170 g;357115;SPAR enjoy;0,1700;kg;2,79;16,41;;;2,59;3856021221682;Hrana
ENJOY SENDVI.TRAMEZ.TUNA 150 g;357116;SPAR enjoy;0,1500;kg;2,49;16,60;;;1,99;3856021221705;Hrana
ENJOY SENDV.TRAMEZ.KULEN 160 g;357117;SPAR enjoy;0,1600;kg;2,79;17,44;;;1,99;3856021221729;Hrana
ENERG.NAPITAK HELL ZERO 0,25 L;357123;;0,2500;l;1,09;4,36;;;1,09;5999884034445;Piæa
SERUM DIVLJI PREMIUM HIJ 30 ml;357137;DIVLJI CVIT;0,0300;L;14,30;476,67;;;14,30;3859893393976;Kozmetika
PIL.DIVLJI CVIT PREMIUM 50 ml ;357140;DIVLJI CVIT;0,0500;KG;14,99;299,80;;;14,99;3859893393952;Kozmetika
GRAN.DOUBLE ÈOKO.BOOM BO.300 g;357142;Atlantic Trade;0,3000;kg;3,99;13,30;;;3,59;3858890478372;Hrana
ŠAM.FRU.HAIR FOOD KA.M 350 ml;357143;Garnier;0,3500;L;5,39;15,40;;;5,19;3600542432696;Kozmetika
GRAN.DOUBLE ÈOKO.BOOM BOX 60 g;357144;Atlantic Trade;0,0600;kg;1,09;18,17;;;0,99;3858890478396;Hrana
GRAN.KOK.BADEM BI.ÈOK.VAN.60 g;357146;Atlantic Trade;0,0600;kg;1,09;18,17;;;0,99;3858890478334;Hrana
ÈUPAVCI S-BUDGET 350 g;357153;S-BUDGET;0,3500;kg;4,29;12,26;;;3,69;3856021221231;Hrana
ÈUPAVCI SPAR 480 g;357155;SPAR marka kvalitete;0,4800;kg;4,59;9,56;;;5,79;3856021219443;Hrana
ZAÈIN KOTANYI GUACAMOLE 25 g;357174;Kotanyi;0,0250;kg;1,79;71,60;;;1,69;9001414037157;Hrana
ZAÈIN KOTANYI TZATZIKI 25 g;357175;Kotanyi;0,0250;kg;1,79;71,60;;;1,69;9001414037133;Hrana
ZAÈIN KOTANYI HARISSA 20 g;357178;Kotanyi;0,0200;kg;1,79;89,50;;;1,69;9001414035511;Hrana
ZAÈIN KOTANYI KEBAB 25 g;357179;Kotanyi;0,0250;kg;1,79;71,60;;;1,69;9001414034958;Hrana
FLIPS CHIO CHEESE TUBES 70 g;357190;Chio;0,0700;kg;1,49;21,29;;;1,69;5996253000711;Hrana
TJ.N.PUR PENNE SLANUTAK 250 g ;357194;Spar Natur pur;0,2500;kg;2,19;8,76;;;2,19;9100000948058;Hrana
TJ.NA.PUR FUSILLI GRAŠAK 250 g;357195;SPAR Natur*pur;0,2500;kg;2,19;8,76;;;2,19;9100000948072;Hrana
TJ.N.P.SPAGH.CRVENA LEÆA 250 g;357196;SPAR Natur*pur;0,2500;kg;2,19;8,76;;;2,19;9100000948034;Hrana
PILEÆA PRSA POLI KIDS 220 g;357216;Poli;0,2200;kg;1,99;9,05;;;1,99;3838977042627;Hrana
DRŠKA TELESKOPSKA 75-135cm;357222;;1,0000;kom;12,39;12,39;;;12,39;4006501566737;Proizvodi za kuæanstvo
TJ.REZ.USKI NARANÈ.BATAT 200 g;357223;;0,2000;kg;2,89;14,45;;;2,89;3858893350088;Hrana
TJ.REZ.USKI BATAT INT.BR.200 g;357224;;0,2000;kg;2,89;14,45;;;2,89;3858893350118;Hrana
TJ.RE.US.BAT.I SJEM.BUND.200 g;357226;;0,2000;kg;2,89;14,45;;;2,89;3858893350101;Hrana
TJ.REZ.US.LJUBIÈA.BATAT 200 g;357227;;0,2000;kg;2,89;14,45;;;2,89;3858893350095;Hrana
TJ.REZA.USKI PIR BATAT 200 g ;357228;;0,2000;kg;2,89;14,45;;;2,89;3858893350125;Hrana
PLOÈICA NUTTY BARICA 50 g;357237;;0,0500;kg;2,35;47,00;;;2,14;3857500109675;Hrana
ÈETKA ZA WC S PODLOŠ.TENDANCE;357246;;1,0000;kom;3,98;3,98;;;3,98;3700462480637;Proizvodi za kuæanstvo
ÈETKA ZA WC S PODLOŠ.TENDANCE;357247;;1,0000;kom;3,98;3,98;;;3,98;3664323113563;Proizvodi za kuæanstvo
ÈETKA ZA WC S PODLOŠ.TENDANCE;357249;;1,0000;kom;3,98;3,98;;;3,98;3700462480705;Proizvodi za kuæanstvo
SPREJ RAID LET. INSEK. 400 ml;357250;Raid;0,4000;L;5,89;14,73;;;6,59;5000204252033;Proizvodi za kuæanstvo
RAID SPREJ OSE/STRŠLJAN 400 ml;357251;Raid;0,4000;L;4,39;10,98;;;4,39;5000204252583;Proizvodi za kuæanstvo
SPR.RAID GMIZ.INSEK. 400 ml;357253;Raid;0,4000;L;6,79;16,98;;;6,79;5000204252002;Proizvodi za kuæanstvo
SPREJ RAID INSEKT. 400ml;357255;Raid;0,4000;L;7,39;18,48;;;7,49;5000204203066;Proizvodi za kuæanstvo
OSLIÆ FILET LEDO 800 g;357264;Ledo;0,8000;kg;;10,61;8,49;10,49;10,49;3850116048628;Hrana
Mortadela sa pistacijom Despar;357265;Despar;1,0000;kg;10,89;10,89;;;10,89;0800130604785;Hrana
Kuhana šunka Despar;357267;Despar;1,0000;kg;10,89;10,89;;;10,89;0080013034605;Hrana
OS.PIÆE TOCO NARANÈ.MRKVA1,5 L;357272;;1,5000;l;1,69;1,13;;;1,69;3858890878790;Piæa
KROAS.KAKAO KRE.S-BUDGET 800 g;357273;S-BUDGET;0,8000;kg;2,39;2,99;;;2,69;3856021220715;Hrana
OS.PIÆE TOCO NAR.AVOKADO 1,5 L;357275;;1,5000;l;1,69;1,13;;;1,69;3858890878974;Piæa
KEKS MOTO KAKAO-MLIJEKO 192 g;357276;Moto;0,1920;kg;1,99;10,36;;;1,99;3850102522705;Hrana
OS.PIÆE TOCO MULTIVITAMI.1,5 L;357277;;1,5000;l;1,69;1,13;;;1,69;3858890878615;Piæa
ÈIPS OD LEÆE CHIO VRHNJE 65 g;357280;Chio;0,0650;kg;1,99;30,62;;;1,99;3856021305290;Hrana
ÈIPS OD LEÆE CHIO PAPRIKA 65 g;357282;Chio;0,0650;kg;1,99;30,62;;;1,99;3856021305276;Hrana
MJEŠ.GRICK.CHIO MINI 100 g ;357283;Chio;0,1000;kg;;11,90;1,19;1,39;1,34;4000522060915;Hrana
KUK.MIK.PEÆ.CHIO SIR 80 g;357284;Chio;0,0800;kg;1,09;13,63;;;1,09;3856021305191;Hrana
PERECI CHIO 80 g;357285;Chio;0,0800;kg;;13,63;1,09;1,29;1,29;4000522060311;Hrana
VINO ORAHO.PINOT NOIR  0,75 L;357290;;0,7500;L;6,29;8,39;;;5,52;3858889833182;Piæa
VINO KG CAB.SAUVIGNON 2 L;357291;;2,0000;L;4,45;2,23;;;4,45;3858891543000;Piæa
Sir Leæevaèki tvrdi;357292;;1,0000;kg;21,99;21,99;;;21,99;21414080000004;Hrana
RUM DIPLOMATICO RESE.12Y 0,7 L;357299;;0,7000;L;44,49;63,56;;;44,49;7594003620059;Piæa
OS.PIÆE TOCO NARANÈ.MRKVA0,5 L;357309;;0,5000;l;1,05;2,10;;;1,05;3858890878820;Piæa
OS.PIÆE TOCO NAR.AVOKADO 0,5 L;357310;;0,5000;l;1,05;2,10;;;1,05;3858890879001;Piæa
BLAZINICE LOLA ALOE VERA 40/1;357315;Lola;40,0000;kom;3,89;0,10;;;3,89;3858881109315;Toaletne potrepštine
BLAZINICE LOLA ARGAN 40/1;357317;Lola;40,0000;kom;3,89;0,10;;;3,89;3858881109308;Toaletne potrepštine
SLAD.TOBLERONE ŠTAPIÆ 90 ml;357318;Toblerone;0,0900;L;2,35;26,11;;;2,35;8436575297279;Hrana
OS.PIÆE TOCO MULTIVITAMI.0,5 L;357319;;0,5000;l;1,05;2,10;;;1,05;3858890878646;Piæa
PEL.GAÆ.VIOLETA 12-17kg 48/1;357327;Violeta;48,0000;kom;15,79;0,33;;;15,92;3870128031807;Toaletne potrepštine
SLAD.BOUNTY PRUTIÆ 51,6 g;357328;Mars;0,0516;kg;1,89;36,63;;;1,89;5000159483049;Hrana
SLAD.MONTE KORNET120 ml;357330;Zott;0,1200;L;2,29;19,08;;;2,29;4014500519357;Hrana
SLAD.MONTE ŠTAPIÆ ZOTT 110 ml;357331;Zott;0,1100;L;2,29;20,82;;;2,29;4014500519302;Hrana
SOMERSBY MANGO LIME 0,33 L;357337;Somersby;0,3300;l;1,68;5,09;;;1,68;3858887583683;Piæa
SOMERSBY MANGO LIME 0,5 L;357342;Somersby;0,5000;l;1,78;3,56;;;1,78;3858887584185;Piæa
SOMERSBY KRUŠKA.0,5 L LIM.;357349;Somersby;0,5000;l;1,78;3,56;;;1,78;3858887583850;Piæa
MLIJ.LAGAN.JUTRO DUKA.3,8%1 L ;357356;Dukat;1,0000;L;1,99;1,99;;;1,99;3850354017042;Hrana
ZOBENA KAŠA NATUR PUR 500 g;357374;Natur pur;0,5000;kg;2,09;4,18;;;2,09;9100000027241;Hrana
Salama sandwich chilli Jeli;357380;Jeli;1,0000;kg;14,69;14,69;;;14,69;3858892724262;Hrana
LAK TAFT ZA KOSU UL.STR.250 ml;357418;Taft;0,2500;L;3,55;14,20;;;2,99;4012800706002;Kozmetika
LAK TAFT ZA KOSU ULTIMA.250 ml;357419;Taft;0,2500;L;3,55;14,20;;;2,99;9000100923071;Kozmetika
LAK TAFT ZA KOSU POW.CA.250 ml;357422;Taft;0,2500;L;3,55;14,20;;;2,99;9000100477505;Kozmetika
LAK TAFT ZA KOSU GLANZ 250 ml;357423;Taft;0,2500;L;3,55;14,20;;;2,99;4012800702844;Kozmetika
SOK FRUCTAL JAGODA  1 L;357425;Fructal;1,0000;l;;1,59;1,59;1,99;1,89;3838945040327;Piæa
SOK FRUCTAL JABUKA MALINA 1 L;357427;Fructal;1,0000;l;;1,51;1,51;1,89;1,89;3838945040204;Piæa
NEKTAR JUICY MULTIVITAMIN  2 L;357435;Juicy;2,0000;l;3,19;1,60;;;3,29;3858890979817;Piæa
NEKTAR JUICY JABUKA 2 L;357437;Juicy;2,0000;l;3,19;1,60;;;3,29;3858890979787;Piæa
PERECI KVIKI MAXI SLANI 200 g;357438;Kviki;0,2000;kg;;7,15;1,43;1,79;1,79;3856020254889;Hrana
MASKA  ZA LICE MIZON JAGODA;357440;Mizon;1,0000;KOM;1,99;1,99;;;1,99;8809663752330;Kozmetika
MASKA  ZA LICE MIZON AC.BOBICE;357444;Mizon;1,0000;KOM;1,99;1,99;;;1,99;8809663752408;Kozmetika
BOMBONI GUM.HERBA EUKALIP.90 g;357445;Sumi;0,0900;kg;1,09;12,11;;;1,19;3838700040678;Hrana
KAVA BCF NC KAPSULE COL.55 g;357447;;0,0550;kg;;79,82;4,39;5,49;4,69;3838471047067;Piæa
MASKA  ZA LICE MIZON VITAMIN;357448;Mizon;1,0000;KOM;1,99;1,99;;;1,99;8809663752354;Kozmetika
MASKA BEAUSTA NOÆNA 20 ml;357450;Beausta;0,0200;L;3,99;199,50;;;3,99;8809577460796;Kozmetika
MASKA BEAUSTA UGLJEN 20 ml;357451;Beausta;0,0200;L;3,99;199,50;;;3,99;8809577461229;Kozmetika
MASKA BEAUSTA ZLATNA 20 ml;357454;Beausta;0,0200;L;3,99;199,50;;;3,99;8809577461212;Kozmetika
VRH ZA KUH.DUKAT LIG.10% 500 g;357455;Dukat;0,5000;kg;3,49;6,98;;;3,39;3850354017172;Hrana
MASKA BEAUSTA T-ZONA 15 ml;357456;Beausta;0,0150;L;3,99;266,00;;;3,99;8809577461243;Kozmetika
VRHNJE ZA KUH.DUK.20%MM 500 g;357457;Dukat;0,5000;kg;3,49;6,98;;;3,39;3850354017158;Hrana
KREMA BB BEAUSTA N.BEIGE 15 ml;357461;Beausta;0,0150;L;;132,67;1,99;3,19;3,99;8809577460857;Kozmetika
PJENA BEAUSTA ZA LICE 20 ml;357462;Beausta;0,0200;L;;74,50;1,49;2,39;2,99;8809577461236;Kozmetika
KAVA HAUSBRANDT Q.ROSSA 500 g;357463;Hausbrandt;0,5000;kg;;24,78;12,39;15,49;11,99;8006980153356;Piæa
ÈAJNA NAREZAK S BUDGET 100 g;357464;S-Budget;0,1000;kg;1,59;15,90;;;1,59;3856021219856;Hrana
ŠAMPINJONI 1 kg;357466;;1,0000;kg;3,29;3,29;;;3,29;3859890284239;Hrana
RAJ.PASIRANA NATUR PUR 500 g;357502;Natur pur;0,5000;kg;1,39;2,78;;;1,39;9100000969701;Hrana
JUHA MAMINA PODRAVKA 60 g;357525;Podravka;0,0600;kg;1,39;23,17;;;1,49;3856020255800;Hrana
JUHA KREM PILEÆA PODRAVKA 64 g;357528;Podravka;0,0640;kg;1,39;21,72;;;1,39;3856020255831;Hrana
ENE.PIÆE RB MAREL.JAGOD.0,25 L;357555;Red Bull;0,2500;l;1,69;6,76;;;1,69;90448836;Piæa
GAZIRANO PIÆE ORANGINA 1,25 L;357557;Orangina;1,2500;l;2,65;2,12;;;2,59;3877000209613;Piæa
MAJONEZA THOMY DELI.TUBA 280 g;357577;Thomy;0,2800;kg;3,29;11,75;;;3,29;7613287084491;Hrana
SLAD.GRUVI PISTACIJA 4x75 ml;357582;;0,2400;L;;18,71;4,49;5,99;5,99;8005840008928;Hrana
OSLIÆ LEDO BEZ GLAVE 800 g;357584;Ledo;0,8000;kg;;7,49;5,99;7,79;7,79;3850116048680;Hrana
VINO CHATEAU GRA.DESIR 0,75 L ;357593;;0,7500;L;5,72;7,63;;;5,72;3500610100512;Piæa
KAVA NP BIO LATTE MACC.235 ml;357656;Natur pur;0,2350;L;1,19;5,06;;;1,19;9100000442891;Piæa
ÆEVAPI JUNEÆI I OVÈIJI 900 g;357664;;0,9000;kg;9,99;11,10;;;8,29;3859893068492;Hrana
VL.MAR.ASEPSOLETA FRESH 20/1 ;357666;Asepsoleta;20,0000;KOM;1,79;0,09;;;1,79;3856007908439;Toaletne potrepštine
SALAMA S PARMEZANOM 75 g;357681;Sorger;0,0750;kg;2,39;31,87;;;2,69;9002055002269;Hrana
MAST SVINJSKA DR. PIGLEY 1 kg;357693;DR.PIGLEY;1,0000;kg;2,20;2,20;;;2,20;3859892348441;Hrana
FLIPS POM BAR ORIGINAL 100 g;357706;Pom Bär;0,1000;kg;1,79;17,90;;;1,79;3856021305238;Hrana
MLINCI S NARANÈ. BATATOM 200 g;357737;;0,2000;kg;2,12;10,60;;;2,39;3858893350026;Hrana
MLINCI S LJUBIÈ. BATATOM 200 g;357738;;0,2000;kg;2,59;12,95;;;2,59;3858893350033;Hrana
PILEÆA PRSA JELI 350 g;357745;Jeli;0,3500;kg;3,75;10,71;;;3,75;3858892724392;Hrana
PUREÆA PRSA DELIKATES 350 g;357746;Jeli;0,3500;kg;4,49;12,83;;;4,09;3858892724378;Hrana
VINO ZINFANDEL 770 MI.0,75 L;357751;;0,7500;L;;5,32;3,99;4,99;4,99;3263280102391;Piæa
BOLOGNESE UMAK PODRAVKA 300 g;357762;Podravka;0,3000;kg;3,59;11,97;;;3,39;3856020257392;Hrana
TUNA PAŠTETA EVA KAPARI 95 g;357765;Eva;0,0950;kg;1,89;19,89;;;1,89;3856020256234;Hrana
TUNA PAŠT.SUŠ.RAJÈICA EVA 95 g;357766;Eva;0,0950;kg;1,89;19,89;;;1,79;3856020256203;Hrana
MJ.POV.GULAŠ I PAPRIKAŠ 120 g;357792;;0,1200;kg;2,25;18,75;;;2,25;3859893838095;Hrana
MJ.POVR.ZA JUHE I VARIVA 120 g;357794;;0,1200;kg;2,25;18,75;;;2,25;3859893838118;Hrana
SLAD.MACHO MULTIP.LEDO 6x75 ml;357795;Ledo;0,4500;L;8,99;19,98;;;7,99;3850116042350;Hrana
GLJIVE SUŠENE VRGANJ 20 g;357796;;0,0200;kg;3,98;199,00;;;3,98;3859893838057;Hrana
RIŽOTO GLJIVE MIX VG FRY.200 g;357797;;0,2000;kg;2,19;10,95;;;2,78;3859893838019;Hrana
CELER 500 g;357800;;0,5000;kg;2,49;4,98;;;2,49;8032282532179;Hrana
RIŽ.MEDITERAN MIX VG FRY 200 g;357801;;0,2000;kg;1,99;9,95;;;2,12;3859893838002;Hrana
RIŽOTO DOMAÆI MIX VG FRY.200 g;357802;;0,2000;kg;1,99;9,95;;;2,12;3859893838026;Hrana
Pileæa prsa Jeli;357834;Jeli;1,0000;kg;9,99;9,99;;;9,99;3858892724316;Hrana
PUNJENA PLJESKAVICA 465 g;357836;;0,4650;kg;4,59;9,87;;;4,19;3858890183429;Hrana
BANJALUÈKI ÆEVAPÈIÆI 500 g;357841;Vajda;0,5000;kg;4,79;9,58;;;3,79;3858890801316;Hrana
SAPUN TEKUÆI DESPAR XME 500 ml;357842;Despar;0,5000;L;1,69;3,38;;;1,39;8001300902386;Kozmetika
SORBET LIMETA SPAR PREM.480 ml;357876;SPAR PREMIUM;0,4800;L;5,99;12,48;;;5,99;9100000735351;Hrana
SLA.GROŽÐE SPAR PREMIUM 480 ml;357877;SPAR PREMIUM;0,4800;L;5,99;12,48;;;5,99;9100000960432;Hrana
SLA.SPAR EISS.KOKOS/BAD.480 ml;357958;SPAR;0,4800;L;4,99;10,40;;;4,99;9100000716336;Hrana
SL.SPAR EISSALON LJEŠNJ.480 ml;357960;SPAR;0,4800;L;4,99;10,40;;;4,99;9100000962900;Hrana
AVOKADO 500 g;357973;;0,5000;kom;2,29;4,58;;;2,29;8713807005650;Hrana
SPIRALA DESPAR PR.KOM.10/1;357975;Despar;10,0000;kom;1,19;0,12;;;1,19;8001300911746;Proizvodi za kuæanstvo
VL.MAR.BAB.VIOLETA WATER 3x56;357976;Violeta;168,0000;kom;5,99;0,04;;;5,99;3870128018198;Toaletne potrepštine
SRED.FINISH ÈIST.CITRUS 250 ml;357992;Finish;0,2500;L;4,09;16,36;;;3,99;4002448066248;Sredstva za èišæenje
UMAK BURGER THOMY TUBA 170 g ;358007;Thomy;0,1700;kg;;11,71;1,99;2,49;2,49;8445290255532;Hrana
VINO KUPINOVO INCANTO 0,75 L;358022;;0,7500;L;14,39;19,19;;;12,88;3858891170282;Piæa
VINO LA CA.CHIANTI DOCG 0,75 L;358029;;0,7500;L;9,39;12,52;;;7,42;8004300128541;Piæa
PJ.VINO BOTE.POETI ROSE.0,75 L;358030;;0,7500;L;13,49;17,99;;;13,49;8005829986230;Piæa
MJEŠ.ZEL.POVRÆA ZA JUHU 400 g;358031;Bonduelle;0,4000;kg;1,99;4,98;;;1,99;3083681068818;Hrana
MJEŠ.POVR.S BUNDEVOM 400 g;358032;Bonduelle;0,4000;kg;1,99;4,98;;;1,99;3083681068801;Hrana
CEREALI S BUND.I HELJDOM 400 g;358033;Bonduelle;0,4000;kg;;4,48;1,79;1,95;2,79;3083681138634;Hrana
CEREALI SA ZEL.MAH.I JEÈ.400 g;358034;Bonduelle;0,4000;kg;2,79;6,98;;;2,79;3083681138603;Hrana
BEE BALM BIOBAZA 4,5 g;358039;Biobaza;1,0000;kom;2,19;2,19;;;2,19;3856020900120;Kozmetika
BOM.HARIBO GUM.MIAMI FIZZ 85 g;358048;Haribo;0,0850;kg;1,59;18,71;;;1,59;8426617359850;Hrana
NAPOLITANKE JAFFA CREME 360 g;358049;Jaffa;0,3600;kg;2,79;7,75;;;2,79;8600114010609;Hrana
VODKA TITO S 0,7 L;358051;;0,7000;L;24,99;35,70;;;24,99;0619947000112;Piæa
JABUKA PINK LADY 800 g;358052;;0,8000;kg;2,99;3,74;;;2,99;8007886008542;Hrana
LIKER PELINKOVAC 1 L DALMACI.;358053;;1,0000;L;14,02;14,02;;;14,02;3858892460061;Piæa
LIKER PELINKOVAC ANTIQUE 0,1 L;358054;;0,1000;L;2,75;27,50;;;2,75;3850112111814;Piæa
RAKIJA BADEL WILLIAMS 0,7 L;358056;;0,7000;L;21,05;30,07;;;21,08;3850112123091;Piæa
RAKIJA VINOPLOD LOZA 1 L;358057;;1,0000;L;14,02;14,02;;;14,02;3858892460405;Piæa
RAKIJA DALM.ŠLJIVOVICA 0,5 L;358058;;0,5000;L;8,18;16,36;;;8,18;3858892460610;Piæa
LIKER DALM.ORAHOVAC 1 L;358059;;1,0000;L;13,02;13,02;;;13,02;3858892460115;Piæa
BOTANIKA DEH.NARANÈA 20 g;358066;;0,0200;kg;5,3;265,00;;;5,3;;Piæa
Donut Enjoy sa šare.mrvic.57 g;358085;SPAR enjoy;0,0570;kg;0,62;10,88;;;0,62;1009;Hrana
VRHNJE ZA KUH.FREE FROM 200 ml;358114;SPAR free from;0,2000;L;1,39;6,95;;;1,39;8001300632658;Hrana
PEL.VIOLETA COTT.JUNIOR 5 48/1;358120;Violeta;48,0000;kom;17,99;0,37;;;17,99;3870128031944;Toaletne potrepštine
KRUH FINI DOMAÆI PAK.REZ.700 g;358176;;0,7000;kg;2,48;3,54;;;2,24;3856016906549;Hrana
CAPPUCCINO JACOBS VANIL.96 g;358186;Jacobs;0,0960;kg;4,40;45,83;;;4,40;;Piæa
KOBAS. ISTAR. ZA PEÈENJE 300 g;358218;Pisinium;0,3000;kg;5,99;19,97;;;5,99;3858894290468;Hrana
PIVO ERDINGER BRAU.LAGER 0,5 L;358323;Erdinger;0,5000;l;1,77;3,54;;;2,09;4005873210255;Piæa
VOÆNI PIRE NP.JAB.BAN.PIR 90 g;358325;Spar Natur pur;0,0900;kg;,89;9,89;;;0,89;9100000892696;Hrana
TONIC TH.HENRY WILD BER.0,75 L;358327;;0,7500;l;;5,32;3,99;5,02;5,02;4251760801796;Piæa
VOÆNI PIRE NP.JAB.JAG.BAN.90 g;358329;Spar Natur pur;0,0900;kg;,89;9,89;;;0,89;9100000892733;Hrana
NAPITAK SPAR SOJA BARIS.BŠ.1 L;358332;SPAR;1,0000;l;1,69;1,69;;;1,69;9100000968216;Piæa
GAZ.P. XIXO TUTTI FRUIT.0,25 L;358337;;0,2500;l;,79;3,16;;;0,79;5999571050598;Piæa
KETCHUP PODRA.JALAPENO 500 g;358339;Podravka;0,5000;kg;1,99;3,98;;;1,99;3856020255961;Hrana
ENER.PIÆE HELL LUBENICA 0,25 L;358343;;0,2500;l;1,09;4,36;;;1,09;5999571050673;Piæa
SLAD.SPAR VEGGIE KAVA 480 ml;358379;SPAR Veggie;0,4800;L;5,49;11,44;;;4,99;9100000962474;Hrana
RUKAVICA ZA ÈIŠÆ.DLAKA QVIXO;358380;;1,0000;kom;8,39;8,39;;;8,39;3858893213161;Proizvodi za kuæanstvo
SLAD.SPAR VEGGIE NOUG.480 ml;358381;SPAR Veggie;0,4800;L;5,49;11,44;;;4,99;9100000962436;Hrana
SLAD.S-BUDGET MINI BAR 8x50 ml;358382;S-Budget;0,4000;L;3,29;8,23;;;2,99;9100000074955;Hrana
HRANA ZA MALE PSE PILET.800 g ;358390;;0,8000;kg;6,39;7,99;;;6,39;8009470060004;Proizvodi za kuæanstvo
HRANA ZA MALE PSE JANJE.800 g ;358391;;0,8000;kg;6,39;7,99;;;6,39;8009470059886;Proizvodi za kuæanstvo
HRANA ZA MALE PSE PILE.1,5 kg ;358392;;1,5000;kg;9,99;6,66;;;9,99;8009470060011;Proizvodi za kuæanstvo
HRANA ZA MALE PSE ZEÈET.100 g;358393;;0,1000;kg;1,09;10,90;;;1,09;8009470060561;Proizvodi za kuæanstvo
HRANA ZA MALE PSE TUNA 100 g;358394;;0,1000;kg;1,09;10,90;;;1,09;8009470060585;Proizvodi za kuæanstvo
HRANA ZA MALE PSE JANJE.100 g;358395;;0,1000;kg;1,09;10,90;;;1,09;8009470060554;Proizvodi za kuæanstvo
HRANA ZA PSE JANJETINA 150 g;358396;;0,1500;kg;1,49;9,93;;;1,39;8009470008648;Proizvodi za kuæanstvo
HRANA ZA PSE PILETINA 150 g;358398;;0,1500;kg;1,49;9,93;;;1,39;8009470008662;Proizvodi za kuæanstvo
HRANA ZA PSE PURETINA 150 g;358399;;0,1500;kg;1,49;9,93;;;1,39;8009470008655;Proizvodi za kuæanstvo
HRANA ZA MALE PSE TUNA 150 g;358400;;0,1500;kg;1,49;9,93;;;1,39;8009470008679;Proizvodi za kuæanstvo
POSLASTICA ZA PSE WANPY 100 g ;358402;;0,1000;kg;3,99;39,90;;;3,99;6927749810353;Proizvodi za kuæanstvo
POSLASTICA ZA PSE WANPY 100 g ;358403;;0,1000;kg;3,99;39,90;;;3,59;6927749810636;Proizvodi za kuæanstvo
POSLASTICA ZA PSE WANPY 100 g ;358404;;0,1000;kg;3,99;39,90;;;3,99;6927749820048;Proizvodi za kuæanstvo
POSLASTICA ZA PSE WANPY 100 g ;358405;;0,1000;kg;3,99;39,90;;;3,59;6927749810919;Proizvodi za kuæanstvo
HRANA ZA STERI.MAÈKE PIL.400 g;358407;;0,4000;kg;3,59;8,98;;;3,39;8009470060097;Proizvodi za kuæanstvo
HRANA ZA MLADE MAÈKE PIL.400 g;358409;;0,4000;kg;3,59;8,98;;;3,59;8009470060103;Proizvodi za kuæanstvo
HRANA ZA ODRAS.MAÈKE PIL.400 g;358411;;0,4000;kg;3,59;8,98;;;3,59;8009470060110;Proizvodi za kuæanstvo
HRANA ZA ODRAS.MAÈKE LOS.100 g;358413;;0,1000;kg;,89;8,90;;;0,89;8009470061759;Proizvodi za kuæanstvo
HRANA ZA ODRAS.MAÈKE GOV.100 g;358414;;0,1000;kg;,89;8,90;;;0,89;8009470061780;Proizvodi za kuæanstvo
HRANA ZA MLA.MAÈKE TUNA 100 g;358415;;0,1000;kg;,89;8,90;;;0,89;8009470061797;Proizvodi za kuæanstvo
HRANA ZA STERI.MAÈKE ZEÈ.100 g;358416;;0,1000;kg;,89;8,90;;;0,89;8009470061773;Proizvodi za kuæanstvo
SIR KOZJI I OVÈJI 100 g;358417;;0,1000;kg;3,09;30,90;;;2,99;5902431275192;Hrana
KRUH RAŽENI MIJEŠA.SPAR 500 g;358422;SPAR marka kvalitete;0,5000;kg;1,69;3,38;;;1,79;9100000948911;Hrana
TARALLI CLASSIC  PREMIUM 400 g;358423;SPAR Premium;0,4000;kg;2,79;6,98;;;2,79;8001300502296;Hrana
SIR OVÈJI REZANI 100 g;358427;;0,1000;kg;3,49;34,90;;;3,49;5902431270975;Hrana
KOB.S TARTUF.ISTAR.SPAR 135 g;358430;SPAR REMIUM;0,1350;kg;4,99;36,96;;;6,29;3856021216572;Hrana
ISTARSKI MIX NAREZ.SPAR 150 g;358431;SPAR REMIUM;0,1500;kg;6,99;46,60;;;7,09;3856021216596;Hrana
CVIJET TIKVE 100 g;358458;;0,1000;kg;2,39;23,90;;;2,49;8052879779909;Hrana
HRANA ZA STER.MAÈKE PIL.1,5 kg;358464;;1,5000;kg;10,99;7,33;;;10,39;8009470059817;Proizvodi za kuæanstvo
HRANA ZA SRE.VEL.PSE PIL.3 kg ;358465;;3,0000;kg;15,99;5,33;;;15,99;8009470060028;Proizvodi za kuæanstvo
MAÐARICA S BUDGET 400 g;358470;S-BUDGET;0,4000;kg;3,99;9,98;;;4,39;3856021221217;Hrana
TUNA SALATA RIO MARE KVI.160 g;358472;Rio Mare;0,1600;kg;4,68;29,25;;;4,68;8004030835023;Hrana
HRENOVKE GAVR.U SL.VODI 570 g;358478;Gavrilovic;0,3000;kg;5,59;18,63;;;5,59;3858890207576;Hrana
KAŠICA FRUT.JAB.ŠLJI.KRU.100 g;358480;Fructal;0,1000;kg;1,39;13,90;;;1,39;3838945439619;Hrana
KEKSIÆI KEKSOLINO KAKAO 140 g;358488;Lino;0,1400;kg;1,69;12,07;;;1,79;3856020254827;Hrana
KEKSIÆI KEKSOLINO MULTIG.140 g;358490;Lino;0,1400;kg;1,69;12,07;;;1,79;3856020254858;Hrana
AJVAR PODR.PEÈ.PAP.LJUTI 290 g;358492;Podravka;0,2900;kg;4,69;16,17;;;4,49;3856020253745;Hrana
MINI KOBASICA S BUDGET 200 g;358493;S-Budget;0,2000;kg;4,49;22,45;;;4,64;9100000973623;Hrana
ULJE MASL.EX.DJ.MEDITER 0,75 L;358494;;0,7500;L;;10,65;7,99;9,99;9,99;3859891230587;Hrana
ŠEÆER MLJEVENI AGRAGOLD 500 g;358495;Agragold;0,5000;kg;1,39;2,78;;;1,59;9007829025055;Hrana
PAŠTETA ARGETA KOKO.ÈAJNA 45 g;358502;Argeta;0,0450;kg;,89;19,78;;;0,89;38380525;Hrana
NAP.JAFFA CREME GOLD 215 g;358525;Jaffa;0,2150;kg;1,99;9,26;;;1,99;8600114010432;Hrana
NAP.JAFFA STIX LIMUN 160 g;358526;Jaffa;0,1600;kg;1,69;10,56;;;1,69;8600114010692;Hrana
SALVETE SRETAN ROÐENDAN 20/1;358571;;20,0000;kom;2,65;0,13;;;2,65;3858887180875;Proizvodi za kuæanstvo
PREZERV.YOU&ME 12/1 SENSITIVE ;358604;;12,0000;kom;5,99;0,50;;;5,99;8594068382588;Toaletne potrepštine
POMM.FRITES REBRAST.S-BUD.1 kg;358605;S-Budget;1,0000;kg;2,89;2,89;;;2,89;9100000969381;Hrana
GEL TU.L´ANGELICA 500 ml ;358607;L'Angelica;0,5000;l;2,59;5,18;;;2,99;8017331082133;Kozmetika
NEKTAR MARASKA JABUKA  C  1 L;358611;Maraska;1,0000;L;1,79;1,79;;;1,65;3850158605056;Piæa
NEKTAR MARASKA NARANÈA 1 L;358612;Maraska;1,0000;L;2,85;2,85;;;1,95;3850158605001;Piæa
ŽIT.ENCIAN CHOCO MEDVJED.250 g;358623;Encian;0,2500;kg;2,69;10,76;;;2,69;3858890104554;Hrana
JAJA OMEGA 3 SPAR VITAL M 10/1;358624;SPAR Vital;10,0000;kom;3,19;0,32;;;2,99;3856021221583;Hrana
ZUB.PASTA BIOREPAIR 75 ml;358684;BIOREPAIR;0,0750;l;4,39;58,53;;;4,49;8017331097182;Kozmetika
ÈOK.LION MINI VREÆICA 198 g;358700;Lion;0,1980;kg;4,09;20,66;;;4,49;7613034675842;Hrana
ABRAZIV.SRED.ARF CREAM 400 ml;358706;Arf;0,4000;L;1,89;4,73;;;1,89;3850105181626;Sredstva za èišæenje
ABR.SRED.ARF CIT.CREAM 400 ml;358707;Arf;0,4000;L;1,89;4,73;;;1,89;3850105181596;Sredstva za èišæenje
SREDSTVO ARF STAKLO 650 ml ;358708;Arf;0,6500;l;1,75;2,69;;;1,75;3850105181015;Sredstva za èišæenje
SRE.ARF STAKLO ANTISTAT.650 ml;358709;Arf;0,6500;l;1,75;2,69;;;1,75;3850105181107;Sredstva za èišæenje
SRED.ARF STAKLO CITRUS 650 ml;358710;Arf;0,6500;l;1,85;2,85;;;1,75;3850105181077;Sredstva za èišæenje
SRED.ZA ÈIŠÆ.ARF DEOBAD 650 ml;358712;Arf;0,6500;l;2,55;3,92;;;2,55;3850105181190;Sredstva za èišæenje
SREDSTVO ARF BLIC 650 ml;358714;Arf;0,6500;l;3,29;5,06;;;3,29;3850105181251;Sredstva za èišæenje
SREDSTVO ARF DEOBAD 650 ml;358716;Arf;0,6500;l;2,55;3,92;;;2,55;3850105181046;Sredstva za èišæenje
SIR GRIKIOS KOCKA 270 g ;358730;;0,2700;kg;2,49;9,22;;;2,49;5902431277004;Hrana
VL.MAR.SPAR SENSIT.60/1;358757;SPAR;60,0000;kom;1,29;0,02;;;1,29;8710671202710;Toaletne potrepštine
SRED.BECK.ZA ÈIŠ.TEPIHA 650 ml;358762;Dr. Beckmann;0,6630;l;5,39;8,13;;;5,39;4008455572017;Sredstva za èišæenje
BOOM BURGER 300 g;358792;;0,3000;kg;4,89;16,30;;;4,59;3850139280623;Hrana
PREZERVATIVI YOU&ME RIBBED 3/1;358794;Vulkan;3,0000;kom;1,79;0,60;;;2,55;8594068382557;Toaletne potrepštine
NAPOL.MANNER BRESKVA 185 g;358802;Manner;0,1850;kg;1,79;9,68;;;1,59;9000331628363;Hrana
NAPOL.MANNER MALINA 185 g;358803;Josef Manner & Comp. Ag;0,1850;kg;1,79;9,68;;;1,59;9000331628356;Hrana
NAPOL.MANNER NARANÈA 185 g;358804;Manner;0,1850;kg;1,79;9,68;;;1,59;9000331628370;Hrana
INST.JUHA POD.GOVEÐI OKUS 75 g;358809;Podravka;0,0750;kg;0,69;9,20;;;0,69;3856020258054;Hrana
ÈOK.KNOPPERS NUTBAR KOKOS 40 g;358810;Knoppers;0,0400;kg;0,69;17,25;;;0,79;40144474;Hrana
ÈOK.KNOPP.NUTBAR KIKIRIKI 40 g;358811;Knoppers;0,0400;kg;0,69;17,25;;;0,79;40144467;Hrana
INS.JUHA POD.KOKOŠJI OKUS 75 g;358812;Podravka;0,0750;kg;0,69;9,20;;;0,69;3856020257996;Hrana
INS.JUHA POD.POVRTNI OKUS 75 g;358813;Podravka;0,0750;kg;;7,87;0,59;0,69;0,69;3856020258115;Hrana
INS.JUHA POD.GOVEÐI OKUS 375 g;358814;Podravka;0,3750;kg;2,69;7,17;;;2,69;3856020258399;Hrana
IN.JUHA POD.KOKOŠJI OKUS 375 g;358815;Podravka;0,3750;kg;2,69;7,17;;;2,69;3856020258337;Hrana
IN.JUHA POD.POVRTNI OKUS 375 g;358817;Podravka;0,3750;kg;2,69;7,17;;;2,69;3856020258368;Hrana
GEL ZA KOSU WET LOOK 225 ml;358818;Professional style;0,2250;L;1,89;8,40;;;1,89;5908241729474;Kozmetika
GEL ZA KOSU EXTRA STR. 225 ml;358820;Professional style;0,2250;L;1,89;8,40;;;1,89;5908241795707;Kozmetika
OSVJEŽ.PIÆE FRUC NARANÈA 1,5 L;358826;;1,5000;l;1,72;1,15;;;1,72;3838945031554;Piæa
OSVJEŽA.PIÆE FRUC VIŠNJA 1,5 L;358830;;1,5000;l;2,29;1,53;;;1,72;3838945016209;Piæa
ZUB.PASTA PARODONTAX 75 ml;358852;Parodontax;0,0750;kg;;79,87;5,99;7,49;6,99;5054563120496;Kozmetika
RAMA NAMAZ BUTTERY 400 g;358853;Rama;0,4000;kg;1,99;4,98;;;1,99;8719200265127;Hrana
ZUB.PASTA PARODONTAX 75 ml;358854;Parodontax;0,0750;kg;;79,87;5,99;7,49;6,99;5054563120113;Kozmetika
ŠAM.BIOBAZA KIDS 250 ml;358856;Biobaza;0,2500;L;4,69;18,76;;;3,99;3856020916848;Kozmetika
ŠAM.BIOBAZA KIDS 250 m;358857;Biobaza;0,2500;L;4,69;18,76;;;3,99;3856020916824;Kozmetika
ROLL ON BOROTALCO SOFT 50 ml;358858;Borotalco;0,0500;L;3,99;79,80;;;3,50;80816614;Kozmetika
DEO SPR.BOROTALCO SOFT 150 ml;358860;Borotalco;0,1500;L;3,99;26,60;;;3,50;8002410045079;Kozmetika
RI.RIOPAK DUGO ZR.PARBOIL.1 kg;358871;Rio Pak;1,0000;kg;2,25;2,25;;;2,25;3859888279582;Hrana
VINO VRH.CAB.SAUVIGNON 0,75 L;358876;;0,7500;L;;10,65;7,99;8,99;9,22;3858889832253;Piæa
PJ.VINO 20 RIGHE 0,75 L EX.DRY;358884;;0,7500;L;3,79;5,05;;;3,74;8006870013296;Piæa
PJ.VINO 20 RIGHE 0,75 L ROSE;358886;;0,7500;L;3,74;4,99;;;3,74;8006870013302;Piæa
VINO MIMI KISS 0,75 L;358889;;0,7500;L;7,69;10,25;;;7,42;8057190500317;Piæa
VINO MIMI KISS ROSE 0,75 L;358894;;0,7500;L;7,69;10,25;;;7,42;8057190500331;Piæa
SIR MLADI KOLUT SV.DUJE 300 g;358895;;0,3000;kg;4,99;16,63;;;4,49;3859893220623;Hrana
PESTO STAR GENOVESE 190 g;358897;;0,1900;kg;3,19;16,79;;;2,99;80037019;Hrana
PESTO STAR RICOT,TARTUF 185 g;358898;;0,1850;kg;3,19;17,24;;;2,99;8000050025611;Hrana
UM.PESTO TIGULLIO RAJÈ.190 g;358899;;0,1900;kg;3,19;16,79;;;2,99;8000050024645;Hrana
GIN HAWK 0,5 L;358902;;0,5000;L;17,92;35,84;;;17,92;3859890672821;Piæa
LIKER SPRITZ ROLL APER.0,75 L;358903;;0,7500;L;8,89;11,85;;;7,99;8007531114536;Piæa
LIKER INCANTO MED 0,5 L 18%;358904;;0,5000;L;13,49;26,98;;;13,22;3858891172484;Piæa
LIKER INCANTO VIŠNJA 0,5 L 18%;358905;;0,5000;L;13,79;27,58;;;13,22;3858891172422;Piæa
JE.U ÈAŠI SAIKEBON PILET.93 g;358907;;0,0930;kg;2,19;23,55;;;1,99;8000050021651;Hrana
LIKER INCANTO BOROV.0,5 L 18%;358908;;0,5000;L;13,79;27,58;;;13,22;3858891172507;Piæa
LIKER INC.TERANINO 0,5 L 18%;358909;;0,5000;L;14,89;29,78;;;14,48;3858891172743;Piæa
LIKER MAR.ORAH.ÈOK.0,7 L;358910;;0,7000;L;12,02;17,17;;;12,02;3850158406141;Piæa
VINO S BUDGET BIJELO 1,5 L;358911;S-BUDGET;1,5000;L;2,59;1,73;;;2,59;9100000789088;Piæa
JE.U ÈAŠI SAIKEBON POVRÆE 93 g;358919;;0,0930;kg;2,19;23,55;;;1,99;8000050022955;Hrana
JE.U ÈAŠI SAIKEBON GOVED.93 g;358920;;0,0930;kg;2,19;23,55;;;1,99;8000050021644;Hrana
JEL.U ÈAŠI SAIKEBON GOVED.60 g;358921;;0,0600;kg;1,39;23,17;;;1,39;8000050019436;Hrana
JEL.U ÈAŠI SAIKEBON PILET.60 g;358922;;0,0600;kg;1,39;23,17;;;1,39;8000050019429;Hrana
JE.U ÈAŠI SAIKEBON POVRÆE 60 g;358924;;0,0600;kg;1,39;23,17;;;1,39;8000050019443;Hrana
KAJMAK S BUDGET 250 g;358931;S-BUDGET;0,2500;kg;2,49;9,96;;;2,79;3831115329192;Hrana
OME.ORNEL GOLDEN DREAM 1,6 L;358956;Ornel;1,6000;L;3,99;2,49;;;3,99;3850105182104;Sredstva za èišæenje
NAMAZ LINO LADA DUO PODR.700 g;358991;Podravka;0,7000;kg;6,59;9,41;;;6,59;3856020259884;Hrana
NAMAZ LINO LADA MILK POD.700 g;358992;Podravka;0,7000;kg;6,59;9,41;;;6,59;3856020259945;Hrana
NAMAZ LINO LADA GOLD POD.650 g;358994;Podravka;0,6500;kg;6,59;10,14;;;6,59;3856020259914;Hrana
OSVJEŽ.PIÆE FRUC NARANÈA 0,5 L;359009;Fructal;0,5000;l;1,02;2,04;;;1,02;3838945031547;Piæa
OSVJEŽA.PIÆE FRUC VIŠNJA 0,5 L;359016;Fructal;0,5000;l;1,29;2,58;;;1,02;3838945016216;Piæa
INSEKTICI.BIOKILL EXTRA 375 ml;359017;Biokill;0,3750;L;5,95;15,87;;;5,95;3838980105333;Proizvodi za kuæanstvo
SOK HAPPY DAY MULTIVITAMIN 1 L;359023;Happy Day;1,0000;l;2,09;2,09;;;2,09;9008700215312;Piæa
KRANJSKA IVANEÈKA PREM. 400 g;359058;IMISIMO;0,4000;kg;4,79;11,98;;;4,79;3859893866029;Hrana
HREN.FRANK.IVANEÈKI 275 g;359059;IMISIMO;0,2750;kg;3,29;11,96;;;3,29;3859893866036;Hrana
INSTAN.KAVA NES.CRE.LAT.150 g;359061;Nescafe;0,1500;kg;2,99;19,93;;;2,99;8445290099785;Piæa
SOK HAPPY DAY BOROVNICA  1 L;359123;Happy Day;1,0000;l;2,39;2,39;;;2,39;9008700215299;Piæa
SOK HAPPY DAY JAGODA  0,2 L;359125;Happy Day;0,2000;l;0,79;3,95;;;0,79;9008700215787;Piæa
SOK HAPPY DAY NARANÈA  0,2 L;359126;Happy Day;0,2000;l;0,75;3,75;;;0,75;9008700237819;Piæa
SOK HAPPY FAMILY JABUKA 0,2 L;359128;Happy Day;0,2000;l;0,75;3,75;;;0,75;9008700218207;Piæa
Dalmatinska buðola del.Pivac;359151;Pivac;1,0000;kg;;19,99;19,99;22,89;22,89;3858881618046;Hrana
PANETTONE CLASSICO VEGAN 750 g;359181;DESPAR;0,7500;kg;17,99;23,99;;;8,49;8001300803256;Hrana
PECIVO BIJELO BEZ GLUTE. 120 g;359315;;0,1200;kg;2,79;23,25;;;2,79;3859893064210;Hrana
ROLADA LJEŠNJAK 250 g;359367;;0,2500;kg;1,69;6,76;;;1,69;8001585002115;Hrana
HRANA ZA MAÈKE ONE SENS.800 g;359369;One;0,8000;kg;5,59;6,99;;;5,59;7613035467903;Proizvodi za kuæanstvo
HRANA ZA MAÈKE ONE ADULT 800 g;359370;One;0,8000;kg;5,59;6,99;;;5,59;7613035467866;Proizvodi za kuæanstvo
PAŠTETA LINO PILEÆA CREAM 50 g;359371;Lino;0,0500;kg;0,79;15,80;;;0,89;3856020259426;Hrana
TUNA PAŠTETA LINO CREAM 50 g;359372;Lino;0,0500;kg;0,99;19,80;;;1,20;3856020259396;Hrana
ÈOKOL.VEGGIE MALINA 75 g;359403;SPAR Veggie;0,0750;kg;2,39;31,87;;;2,39;9100000971841;Hrana
ŽVAKE ORBIT WHITE RASPBER.14 g;359459;Orbit;0,0140;kg;0,99;70,71;;;0,99;50173747;Hrana
ORBIT REFRESHERS TROPIC.15,6 g;359461;Orbit;0,0156;kg;0,99;63,46;;;0,99;4009900540520;Hrana
PECIV.ELEPHANT TWIST LUK 160 g;359464;Elephant;0,1600;kg;1,89;11,81;;;1,59;5949040203505;Hrana
PECIV.ELEP.TWIST RAJÈ.-K.160 g;359467;Elephant;0,1600;kg;1,89;11,81;;;1,59;5949040203673;Hrana
MUESLI S-BUDGET ÈOKOLADA 500 g;359470;S-Budget;0,5000;kg;2,49;4,98;;;2,99;9100000692920;Hrana
POWER MOZZA SANA 200 g;359498;Sana;0,2000;kg;2,65;13,25;;;2,65;3858892321966;Hrana
POWER GREEK SANA 200 g;359501;Sana;0,2000;kg;2,99;14,95;;;2,99;3858892322031;Hrana
POWER TRAPI SANA 200 g;359505;Sana;0,2000;kg;2,65;13,25;;;2,91;3858892322017;Hrana
KAVA HELL ENERG.CARAMEL 250 ml;359590;;0,2500;L;1,69;6,76;;;1,46;5999571050611;Piæa
ŠUNKA SCHWARZWALD S BUDG.300 g;359598;S-Budget;0,3000;kg;5,19;17,30;;;5,19;3856021221767;Hrana
ŠUNKA SELJAÈKA  S BUDGET 300 g;359600;S-Budget;0,3000;kg;5,19;17,30;;;5,19;3856021221781;Hrana
VL.MAR.PRETTY BABY CLASS. 80/1;359613;Pretty Baby;80,0000;kom;1,49;0,02;;;1,49;9100000947174;Toaletne potrepštine
VL.MAR.PRETTY BABY VODA  80/1;359614;Pretty Baby;80,0000;kom;1,99;0,02;;;1,99;9100000854830;Toaletne potrepštine
VLAŽNI TP.ZEWA SENSITIVE 80/1;359617;Zewa;80,0000;kom;3,29;0,04;;;3,29;7322541395050;Toaletne potrepštine
TJ.BAR.INTEG.SPAGHETTINI 500 g;359621;Barilla;0,5000;kg;2,99;5,98;;;3,09;8076809583275;Hrana
LIZALICA MALOW JELLY COMP.10 g;359648;Fizzy;0,0100;kg;0,80;80,00;;;0,80;3395503171546;Hrana
ŠTAP.SALTAS SPICY PEANUT 40 g;359665;Koestlin;0,0400;kg;0,59;14,75;;;0,75;3856014103094;Hrana
VAFLI KOESTLIN RUM 26 g;359686;Koestlin;0,0260;kg;0,49;18,85;;;0,49;3856014103810;Hrana
ULJE MEDITERAN ZVIJEZDA 490 ml;359692;Zvijezda;0,4900;L;2,09;4,27;;;2,09;3856015326355;Hrana
PJE.AFRODITA YOU.&PURE 150 ml ;359696;Afrodita;0,1500;l;8,49;56,60;;;8,49;3831070658825;Kozmetika
MICELAR. VODICA GARNIER 400 ml;359734;Garnier;0,4000;L;7,89;19,73;;;7,59;3600542467650;Kozmetika
GEL ZA LICE GARNIER  200 ml;359736;Garnier;0,2000;l;7,99;39,95;;;7,99;3600542586108;Kozmetika
KREM.GARNIER  50 ml;359738;Garnier;0,0500;l;8,49;169,80;;;8,99;3600542471039;Kozmetika
ELMEX ZP SENS PLUS COM PR 75ML;359743;Elmex;0,0750;l;5,79;77,20;;;5,39;8718951476974;Kozmetika
VINO MILIÈIÆ POŠIP 0,75L;359749;;0,7500;L;9,02;12,03;;;9,02;3859888400214;Piæa
PANDORO  PREMIUM 1000 g;359762;SPAR Premium;1,0000;kg;;11,24;11,24;14,99;5,99;9100000809120;Hrana
GRAN.SANTE BROWN.TREŠNJA 300 g;359768;Sante;0,3000;kg;3,99;13,30;;;3,99;5900617042255;Hrana
GRAN.SANTE ORAŠ.PLOD.MED 300 g;359770;Sante;0,3000;kg;3,99;13,30;;;3,99;5900617037152;Hrana
ENER.PIÆE SB CLASSIC XXL 0,5 L;359791;S-Budget;0,5000;l;1,19;2,38;;;1,09;9100000049588;Piæa
SIR FETA S BUDGET 200 g;359802;S-Budget;0,2000;kg;3,29;16,45;;;3,49;9100000003665;Hrana
SPRAY SUN KISS SENS.ZF50 150ml;359826;Sun Kiss;0,1500;L;7,99;53,27;;;7,99;9100000053325;Kozmetika
ULJE MAS.EX.DJ.FARC100% 250 ml;359855;;0,2500;L;4,99;19,96;;;4,99;8007153007223;Hrana
MAR. SPLENDID ZA DEZINF. 40/1;359869;Splendid;40,0000;kom;1,49;0,04;;;1,49;9100000018010;Sredstva za èišæenje
ÈETKA ZA WC S PODLOŠ,TENDANCE;359906;;1,0000;kom;15,92;15,92;;;15,92;3664323148992;Proizvodi za kuæanstvo
TOFFIFEE BIJELA ÈOKOLADA 125 g;359925;Toffifee;0,1250;kg;1,99;15,92;;;2,92;4014400932959;Hrana
HIG.MARAMICE MEDIHELP 10/1;359948;MediHelp;10,0000;kom;0,89;0,09;;;0,89;9100000965000;Toaletne potrepštine
ÈOK.ÈOKSA SALTED PEANUT 67 g;359982;Èoksa;0,0670;kg;1,39;20,75;;;1,49;3850102522637;Hrana
ÈOK.ÈOKSA BANANA & KEKS 68 g;359984;Èoksa;0,0680;kg;1,39;20,44;;;1,49;3850102001606;Hrana
ÈOK.ÈOKSA CREAMY MILK 68 g;359989;Èoksa;0,0680;kg;1,39;20,44;;;1,49;3850102001613;Hrana
OMEK.ORNEL CALMING 1,6 L;359993;Ornel;1,6000;l;3,99;2,49;;;3,99;3850105182074;Sredstva za èišæenje
VINO PETRAÈ GRAŠEVINA 0,75 L;359994;;0,7500;L;10,62;14,16;;;10,62;3859890234012;Piæa
OME.ORNEL VIOLET 1,6 L;359996;Ornel;1,6000;l;3,99;2,49;;;3,99;3850105182197;Sredstva za èišæenje
OMEK.ORNEL JASMIN&COTTON 1,6 L;359997;Ornel;1,6000;l;3,99;2,49;;;3,99;3850105182135;Sredstva za èišæenje
OMEK.ORNEL GOLDEN DREAM 800 ml;359998;Ornel;0,8000;l;2,19;2,74;;;2,60;3850105181893;Sredstva za èišæenje
VINO PINOT GRIGIO FRIU.0,75 L;359999;;0,7500;L;5,34;7,12;;;5,34;8006870011209;Piæa
OME.ORNEL BABY&SENSITIV.800 ml;360000;Ornel;0,8000;l;1,99;2,49;;;2,60;3850105181770;Sredstva za èišæenje
VI.CAB.SUV.TERRE SICIL.0,75 L;360001;;0,7500;L;5,34;7,12;;;5,34;8006870011162;Piæa
OMEK.ORNEL CALMING 800 ml;360002;Ornel;0,8000;l;1,99;2,49;;;2,60;3850105181862;Sredstva za èišæenje
NAPITAK OATLY ZOB BARISTA 1 L ;360030;Oatly;1,0000;l;3,09;3,09;;;3,09;7394376623042;Piæa
NAPITAK OATLY ZOB VANIL.1 L ;360034;Oatly;1,0000;l;2,69;2,69;;;2,69;7394376619267;Piæa
NAPITAK OATLY ZOB BARIS.500 ml;360038;Oatly;0,5000;l;1,99;3,98;;;1,99;7394376617904;Piæa
NAPITAK OATLY ZOB ORI.BIO 1 L ;360039;Oatly;1,0000;l;2,69;2,69;;;2,69;7394376615894;Piæa
BILJ.KRE.KUH.OATLY BIO 250 ml;360040;Oatly;0,2500;l;1,69;6,76;;;1,69;7394376615931;Piæa
SRE.SPLENDID ULTRAPOWER 750 ml;360042;Splendid;0,7500;L;1,89;2,52;;;1,89;3856021222085;Sredstva za èišæenje
VL.MAR.PRETTY BABY SENS. 80/1;360044;Pretty Baby;80,0000;kom;1,29;0,02;;;1,29;9100000947198;Toaletne potrepštine
BILJ.KREMA KUH.VEG.KOK.200 ml;360045;SPAR Veggie;0,2000;L;1,99;9,95;;;1,99;9100000973487;Piæa
VOÆ.PIRE NP.JAB.BAN.PIR 4X90 g;360049;SPAR Natur*pur;0,3600;kg;3,09;8,58;;;3,09;9100000970691;Hrana
UNIV.MAR.SPLENDID ZA POD. 15/1;360052;Splendid;15,0000;kom;1,29;0,09;;;1,29;3856021221842;Sredstva za èišæenje
VOÆ.PIRE NP.JAB.JAG.BAN.4X90 g;360054;SPAR Natur*pur;0,3600;kg;3,09;8,58;;;3,09;9100000970752;Hrana
MAR. SPLEN. PARKET I LAM. 15/1;360058;Splendid;15,0000;kom;1,79;0,12;;;1,79;3856021221866;Sredstva za èišæenje
VINO S BUDGET CRNO 1,5 L;360059;S-BUDGET;1,5000;L;2,59;1,73;;;2,59;9100000789101;Piæa
TEK.BOMB.TRINKETTO 70 ml;360079;Ajax;0,0700;l;0,75;10,71;;;0,75;8005533010504;Hrana
ÈOK.MILKA CHOCO WAFER 270 g;360080;Milka;0,2700;kg;6,79;25,15;;;6,79;7622201677879;Hrana
DOLC.LIMUNSKA KISELINA 75 g;360082;Podravka;0,0750;kg;1,59;21,20;;;1,59;3856020259853;Hrana
KINESKA MJEŠAVINA LEDO 400 g;360085;Ledo;0,4000;kg;3,49;8,73;;;2,79;3850116053400;Hrana
CARSKA MJEŠAVINA LEDO 400 g;360087;Ledo;0,4000;kg;2,29;5,73;;;2,29;3850116053318;Hrana
GRAŠAK-MRKVA LEDO 400 g;360089;Ledo;0,4000;kg;1,99;4,98;;;1,99;3850116053370;Hrana
BLITVA BRIKETI LEDO 650 g;360090;Ledo;0,6500;kg;3,79;5,83;;;3,49;3850116053042;Hrana
ŠPINAT BRIKETI LEDO 650 g;360091;Ledo;0,6500;kg;3,79;5,83;;;3,49;3850116053288;Hrana
JACKFRUIT VEGGIE 400 g;360092;SPAR Veggie;0,4000;kg;3,49;8,73;;;3,49;9100000158211;Hrana
ŠPINAT LEDO 400 g;360093;Ledo;0,4000;kg;1,99;4,98;;;1,99;3850116053257;Hrana
MAHUNA ŽUTA LEDO 400 g;360095;Ledo;0,4000;kg;1,99;4,98;;;1,99;3850116053226;Hrana
MAHUNA ZELENA LEDO 400 g ;360097;Ledo;0,4000;kg;1,99;4,98;;;1,99;3850116053196;Hrana
GRAŠAK LEDO 400 g;360098;Ledo;0,4000;kg;1,99;4,98;;;1,99;3850116053165;Hrana
BROKULA LEDO 400 g;360099;Ledo;0,4000;kg;2,79;6,98;;;2,39;3850116053103;Hrana
ŠPAROGE S-BUDGET 330 g;360102;S-Budget;0,2050;kg;2,99;14,59;;;2,99;9100000707006;Hrana
BOB LEDO 400 g;360103;Ledo;0,4000;kg;2,79;6,98;;;2,99;3850116053073;Hrana
BOROVNICA LEDO 300 g;360104;Ledo;0,3000;kg;4,49;14,97;;;4,89;3850116053646;Hrana
HRANA ZA MAÈKE MOL.PREM.300 g;360105;Molly;0,3000;kg;2,69;8,97;;;2,69;9100000971780;Proizvodi za kuæanstvo
ŠUMSKO VOÆE LEDO 300 g;360106;Ledo;0,3000;kg;4,09;13,63;;;3,49;3850116053585;Hrana
VIŠNJA LEDO 300 g;360107;Ledo;0,3000;kg;3,99;13,30;;;2,99;3850116053554;Hrana
MALINA LEDO 300 g;360108;Ledo;0,3000;kg;4,99;16,63;;;4,49;3850116053615;Hrana
EL.REFIL AIRWICK 19 ml ;360109;Airwick;1,0000;KOM;5,59;5,59;;;5,59;5999109545909;Sredstva za èišæenje
PLOÈICA SP.HP.BAN.TAM.ÈOK.45 g;360110;SPAR;0,0450;kg;1,69;37,56;;;1,59;3831115327501;Hrana
AGAR VEGGIE 30 g;360116;SPAR Veggie;0,0300;kg;2,19;73,00;;;2,19;9100000912219;Hrana
GEL.CALGON HYGIENE 750 ml;360118;Calgon;0,7500;L;8,99;11,99;;;8,99;5997321701769;Sredstva za èišæenje
SRED.FINISH ÈISTILO 2X250 ml;360123;Finish;0,5000;L;8,29;16,58;;;8,29;5999109582652;Sredstva za èišæenje
SPREJ VANISH OXI ACTION 500 ml;360126;Vanish;0,5000;L;6,39;12,78;;;6,45;5997321744674;Sredstva za èišæenje
KAVA U ZRNU SEGAFR.ESPRES.1 kg;360141;Segafredo;1,0000;kg;24,49;24,49;;;24,49;9001810003701;Piæa
MLJE.KAVA SEGAFREDO CASA 250 g;360142;Segafredo;0,2500;kg;6,29;25,16;;;6,29;8003410344117;Piæa
ŽITARICE NESTLE LION 600 g;360144;Nestlé;0,6000;kg;6,29;10,48;;;6,29;5900020025579;Hrana
ŽIT.NESTLE COOKIE CRISP 625 g;360145;Nestlé;0,6250;kg;6,29;10,06;;;6,29;5900020018342;Hrana
GRANOLA NESTLE CHOCO 300 g;360163;Nestlé;0,3000;kg;4,79;15,97;;;4,69;7613035619425;Hrana
GRANOLA NESTLE HONEY 300 g;360164;Nestlé;0,3000;kg;4,79;15,97;;;4,69;7613035619456;Hrana
LIKER BOGATI TERANINO 0,7 L;360178;;0,7000;l;20,05;28,64;;;20,18;3859889132503;Piæa
MARCIPAN ZENTIS BELM.NOUG.40 g;360179;Zentis;0,0400;kg;;24,75;0,99;1,25;1,29;4062432001808;Hrana
MARCIPAN ZENT.BELM.CLASS.40 g;360180;Zentis;0,0400;kg;;24,75;0,99;1,25;1,29;4062432001709;Hrana
BOTANIKA DEHIDRIRAN.NARAN.20 g;360185;;0,0200;kg;5,3;265,00;;;5,3;3858893370468;Piæa
NAMAZ HUMUS VEGGIE XXL 300 g;360186;SPAR Veggie;0,3000;kg;2,99;9,97;;;2,99;9100000741888;Hrana
TOFU DIMLJENI BIO VEGGIE.250 g;360190;SPAR Veggie;0,2500;kg;2,65;10,60;;;2,65;9100000739489;Hrana
NAMAZ.VEGGIE.LEÆA-CURRY.125 g;360192;SPAR Veggie;0,1250;kg;1,59;12,72;;;1,59;9100000153674;Hrana
KLICE ALFA ZELJE ROTKVIC 100 g;360197;;0,1000;kg;1,79;17,90;;;1,79;3859892862077;Hrana
TJESTEN.DRUID PENNE B.G.400 g;360201;;0,4000;kg;2,79;6,98;;;2,69;3859893608025;Hrana
TJEST.DRUID FUSILLE B.G.250 g;360205;;0,2500;kg;1,99;7,96;;;1,99;3859893608001;Hrana
PIROVE FRULICE MASL.ULJE 200 g;360208;;0,2000;kg;4,99;24,95;;;4,49;3859893972003;Hrana
PIROVE FRULICE KURKUMA 200 g;360209;;0,2000;kg;4,99;24,95;;;4,49;3859893972010;Hrana
SNACK SA SJEMENKAMA 100 g;360210;;0,1000;kg;3,59;35,90;;;3,09;3859893972027;Hrana
ZOBENE BOMBICE BAD.BRUS.200 g;360211;;0,2000;kg;4,99;24,95;;;4,49;3859893972034;Hrana
PLOÈICA SP.HP.KOK.TAM.ÈOK.45 g;360212;SPAR Qualitätsmarke;0,0450;kg;1,69;37,56;;;1,59;3831115327525;Hrana
LASAGNE BARILLA BEZ GLUT.250 g;360217;Barilla;0,2500;kg;4,49;17,96;;;4,49;8076809576352;Hrana
PLOÈICA CORNY PROTEIN.ÈOK.50 g;360219;Corny;0,0500;kg;1,94;38,80;;;1,94;4011800295011;Hrana
PLOÈICA CORNY PROTEIN.KOK.50 g;360221;Corny;0,0500;kg;1,94;38,80;;;1,94;4011800295110;Hrana
KAŠICA HIPPIS JAB.KRUŠ.100 g;360226;Hipp;0,1000;kg;1,35;13,50;;;1,35;4062300364677;Hrana
KAŠICA HIPP JABUKA DOJEN.125 g;360229;Hipp;0,1250;kg;1,15;9,20;;;1,15;4062300297036;Hrana
DJEÈJI KEKS HIPP 180 g;360230;Hipp;0,1800;kg;3,58;19,89;;;3,58;9062300137276;Hrana
HRANA ZA PSE PED.MINI PE.500 g;360232;Pedigree;0,5000;kg;3,29;6,58;;;3,29;5998749143384;Proizvodi za kuæanstvo
TONIK FEVER TR.RASPB.RUH.0,5 L;360236;;0,5000;l;;6,98;3,49;4,29;4,29;5060108453240;Piæa
ÈAJNA KOBASICA 80 g PIVAC ;360253;Pivac;0,0800;kg;1,69;21,13;;;1,59;3858884997131;Hrana
KULEN NAREZAK 80 g PIVAC;360254;Pivac;0,0800;kg;1,69;21,13;;;1,59;3858884997148;Hrana
VL.MAR. POLIBOY KOŽA 20 kom;360313;;20,0000;kom;2,99;0,15;;;2,99;40161747;Sredstva za èišæenje
VL. MAR. POLIBOY EKRAN 30 kom;360316;;30,0000;kom;3,49;0,12;;;3,49;4016100293019;Sredstva za èišæenje
LEDEN.ÈAJ SPAR LUBENICA 0,33 L;360317;SPAR;0,3300;l;,69;2,09;;;0,69;9100000044248;Piæa
LEDENI ÈAJ SPAR VIŠNJA 0,33 L;360318;SPAR;0,3300;l;,69;2,09;;;0,69;9100000044156;Piæa
NEKTAR S-BUDGET MARELI.6x0,2 L;360322;S-Budget;1,2000;l;2,09;1,74;;;2,35;8056149082270;Piæa
NEKTAR S-BUDG.BRESKVA 6x0,2 L;360323;S-Budget;1,2000;l;2,35;1,96;;;2,35;8056149082294;Piæa
NEKTAR S-BUDGET KRUŠKA 6x0,2 L;360325;S-Budget;1,2000;l;2,35;1,96;;;2,35;8056149082287;Piæa
KOBASICA LJUTA PIK 300 g;360340;Pik;0,3000;kg;;14,30;4,29;4,49;4,49;3850139173994;Hrana
PUDER FELCE AZZURA 200 g ;360359;Felce Azzurra;0,2000;kg;2,95;14,75;;;2,95;8001280026225;Kozmetika
TJESTENINA SPAR FUSILLI 500 g;360375;SPAR;0,5000;kg;1,19;2,38;;;1,19;9100000700786;Hrana
TJESTENINA SPAR GNOCCHI 500 g;360377;SPAR;0,5000;kg;1,39;2,78;;;1,39;9100000700847;Hrana
TJEST.SPAR TORTIGLIONI 500 g;360378;SPAR;0,5000;kg;1,39;2,78;;;1,39;9100000700823;Hrana
TJEST.SPAR PENNE RIGATE 500 g;360379;SPAR;0,5000;kg;1,19;2,38;;;1,19;9100000700885;Hrana
TJESTENINA SPAR GOMITI 500 g;360380;SPAR;0,5000;kg;1,39;2,78;;;1,39;9100000700809;Hrana
TJEST.SPAR FREGOLA SARDA 500 g;360381;SPAR;0,5000;kg;1,39;2,78;;;1,39;9100000913278;Hrana
SLAD.GRUVI BOROVNICA 4x75 ml;360383;;3,0000;L;;1,50;4,49;5,99;5,99;8005840020111;Hrana
MAJONEZA DELIKATES 85 g;360384;Zvijezda;0,0850;kg;1,19;14,00;;;1,09;3856015325228;Hrana
ŠUNKA U OVITKU SLJEME 350 g;360385;Sljeme;0,3500;kg;3,05;8,71;;;3,79;3850139522754;Hrana
TEM.JUŠNI GOVEÐI S-BUDG.140 g;360387;S-Budget;0,1400;kg;1,99;14,21;;;1,99;9100000994406;Hrana
TEM.JUŠ.POVRTNI S-BUDG.140 g ;360390;S-Budget;0,1400;kg;1,99;14,21;;;1,99;9100000994420;Hrana
SERUM ZORINA MAST Z.LICE 30 ml;360396;ZORINA MAST;0,0300;L;17,49;583,00;;;17,49;3857500100399;Kozmetika
JUŠNI TEMELJ.DESPAR GOVED.1 L;360398;Despar;1,0000;l;1,69;1,69;;;1,72;8001300243182;Hrana
JUŠNI TEMELJ.DESPAR POVRÆE 1 L;360400;Despar;1,0000;l;1,69;1,69;;;1,72;8001300243199;Hrana
COMPLETE COLOR CREME B91 SREB.;360405;Annyer;1,0000;kom;3,99;3,99;;;4,19;3850177000986;Kozmetika
FLIPS SMOKI XXL 300 g;360414;Smoki;0,3000;kg;1,99;6,63;;;1,99;8600939508145;Hrana
SIR MARGARITA ZA PIZZU 200 g;360416;President;0,2000;kg;2,99;14,95;;;3,55;3850355007769;Hrana
DEO SP.AXE EPIC MUŠ.250 ml;360429;Axe;0,2500;l;6,99;27,96;;;6,49;8720181192166;Kozmetika
GEL ZA TUŠ.AXE EPIC M.250 m;360431;Axe;0,2500;l;2,99;11,96;;;2,99;8720181204081;Kozmetika
SAPUN DOVE BEAUTY  90 g ;360457;Dove;0,0900;kg;;14,89;1,34;1,79;1,79;8720182264664;Kozmetika
SAPUN DOVE CREAM OIL 90 g ;360460;Dove;0,0900;kg;;14,89;1,34;1,79;1,79;8720182258397;Kozmetika
SAPUN DOVE PINK 90 g ;360462;Dove;0,0900;kg;;14,89;1,34;1,79;1,79;8720182259813;Kozmetika
ROLL-ON DOVE TALC. CLEO.50 ml;360466;Dove;0,0500;l;5,20;104,00;;;5,20;59095330;Kozmetika
DEO SPR.AXE  EPIC FRESH 150 ml;360468;Axe;0,1500;l;4,89;32,60;;;4,55;8720181192128;Kozmetika
GEL TU.DOVE SENSITIVE 400 ml ;360491;Dove;0,4000;l;5,99;14,98;;;5,99;8720181225451;Kozmetika
MINIBURGER QUINOA VEGGIE 160 g;360498;SPAR Veggie;0,1600;kg;3,49;21,81;;;3,49;8001300610656;Hrana
BURGER ŠPINAT VEGGIE 160 g;360500;SPAR Veggie;0,1600;kg;3,29;20,56;;;3,29;8001300610595;Hrana
SEITAN VEGGIE BIO 250 g;360503;SPAR Veggie;0,2500;kg;3,49;13,96;;;3,49;8001300611110;Hrana
PIVO ANGELUŠ PALE ALE  0,33 L;360512;;0,3300;l;1,98;6,00;;;1,98;3857500070722;Piæa
PIVO ANGELUŠ PORTER  0,33 L;360513;;0,3300;l;1,98;6,00;;;1,98;3857500070739;Piæa
PIVO ANGELUŠ LAGER  0,33 L;360517;;0,3300;l;1,72;5,21;;;1,72;3857500070746;Piæa
ENJOY BAKALAR KLASIK 150 g;360538;SPAR enjoy;0,1500;kg;;21,27;3,19;4,09;4,09;3856021222399;Hrana
ENJOY BAKALAR S MASLIN.150 g;360539;SPAR enjoy;0,1500;kg;;21,27;3,19;4,09;4,09;3856021222412;Hrana
ENJOY BAKALAR S KAPARIMA 150 g;360541;SPAR enjoy;0,1500;kg;;21,27;3,19;4,09;4,09;3856021222450;Hrana
ENJOY BAKALAR S PAPROM 150 g;360548;SPAR enjoy;0,1500;kg;;21,27;3,19;4,09;4,09;3856021222436;Hrana
ŠAMP.ASEBON JAÈ.RAST 200 ml;360549;Asebon;0,2000;l;6,99;34,95;;;8,99;3856007910159;Kozmetika
VINO ERDUT PINOT GRIGIO 0,75 L;360572;;0,7500;L;7,09;9,45;;;7,99;3859889193962;Piæa
ULJE MJEŠ.REPIÈ. I LANENO 1 L;360632;Gea;1,0000;L;2,19;2,19;;;2,19;3830000149426;Hrana
GEL BIONSEN ZA TUŠ. 650 ml;360633;Bionsen;0,6500;l;2,99;4,60;;;2,99;8017331098356;Kozmetika
GEL BIONSEN  ZA TUŠ. 650 ml;360635;Bionsen;0,6500;l;2,99;4,60;;;2,99;8017331098370;Kozmetika
ODMAŠÆIVAÈ EXPRESS SMAC 650 ml;360647;Smac;0,6500;L;3,79;5,83;;;3,49;8003650026705;Sredstva za èišæenje
SRED.SMAC ZA KAMENAC 650 ml;360648;Smac;0,6500;L;3,79;5,83;;;3,49;8003650026767;Sredstva za èišæenje
SRE.SPLENDID ULTRAPOWER 750 ml;360656;Splendid;0,7500;L;1,69;2,25;;;1,69;3856021222061;Sredstva za èišæenje
GIN BOMBAY SUNSET 0,7 L;360660;;0,7000;L;;31,41;21,99;28,69;27,52;7640175743284;Piæa
VINO FR.MOMJANSKI MUŠKAT 0,5 L;360662;;0,5000;L;13,52;27,04;;;13,52;3857500010377;Piæa
MINI KRAFNA ÈOKO 25 g;360663;;0,0250;kg;0,36;14,40;;;0,36;3838700352276;Hrana
RUM C.GRANDE BLANCO 1 L 37,5%;360666;;1,0000;L;16,52;16,52;;;16,52;8414771850085;Piæa
VODKA OLD PILOTS 0,7 L;360682;;0,7000;L;39,99;57,13;;;36,49;3857500090294;Piæa
VINO OD RIŽE 0,75 L CH.SAKE ;360685;;0,7500;L;12,29;16,39;;;11,97;4017871800031;Piæa
TORTEL.PIR/SIR DIV.PREMI.250 g;360686;Divita;0,2500;kg;2,59;10,36;;;2,59;3831001823810;Hrana
RAVIOLI ŠPINAT RICOTTA 250 g;360687;Divita;0,2500;kg;2,59;10,36;;;2,59;3831001823780;Hrana
RAVIOLI GURMAN.SIREVI 250 g;360688;Divita;0,2500;kg;2,59;10,36;;;2,59;3831001823773;Hrana
RAVIOL.PIR.TARTUFI 250 g;360689;Divita;0,2500;kg;2,59;10,36;;;2,59;3831001823827;Hrana
LOSION MEŠTAR BAGULINA 50 ml;360690;MEŠTAR;0,0500;L;10,61;212,20;;;10,61;3859894057044;Kozmetika
KREMA MEŠTAR PICIGIN 50 ml;360693;MEŠTAR;0,0750;L;10,61;141,47;;;10,61;3859894057006;Kozmetika
GRAN.KOK.BAD.BIJ.ÈOK.B.B.300 g;360713;Boom Box;0,3000;kg;3,99;13,30;;;3,59;3858890479287;Hrana
ZOB.KAŠA MALINA VANI.B.B.300 g;360714;Boom Box;0,3000;kg;3,99;13,30;;;3,59;3858890479263;Hrana
ZOB.KAŠA KOKOS ÈOKOL.B.B.300 g;360715;Boom Box;0,3000;kg;3,99;13,30;;;3,59;3858890479249;Hrana
ZOB.KAŠA LJEŠNJ.ÈOKO.B.B.300 g;360716;Boom Box;0,3000;kg;3,99;13,30;;;3,59;3858890479225;Hrana
KREMA ZA DJECU SHU SHU 75 ml;360736;;0,7500;l;9,55;12,73;;;9,55;3850105182616;Kozmetika
PASTA DJEÈJA SHU SHU 50 ml;360737;;0,5000;l;2,99;5,98;;;4,78;3850105182708;Kozmetika
LOSION ZA DJECU SHU SHU 200 ml;360739;;0,2000;l;11,94;59,70;;;11,94;3850105182647;Kozmetika
NAM.OATLY HAF.-AUF.NATUR 150 g;360742;;0,1500;kg;2,38;15,87;;;2,38;7394376617034;Hrana
DOD.JEL.KORIJEN POVRTNI 340 g;360760;;0,3400;kg;4,19;12,32;;;4,24;3857500125606;Hrana
PIVO 4 MUDRACA 0,33 L PALE ALE;360772;;0,3300;L;2,02;6,12;;;2,02;3857500125705;Piæa
GAZIRANO PIÆE PIPI 1,5 L ;360773;Pipi;1,5000;L;2,29;1,53;;;2,38;3870183100340;Piæa
SORBET JAGODA CROCCANT.500 ml;360784;;0,5000;L;7,99;15,98;;;7,49;3859894052001;Hrana
KREM SLADOL.CROCCANTINO 500 ml;360785;;0,5000;L;7,99;15,98;;;7,49;3859894052063;Hrana
JEGER IVANEÈKI PIKANT 300 g;360787;IMISIMO;0,3000;kg;3,69;12,30;;;3,69;3859893866012;Hrana
RAMA CLASSIC 225 g;360793;Rama;0,2250;kg;1,19;5,29;;;1,19;8719200264915;Hrana
KAVA JM DELISIOSO 56 g KAPSULE;360795;JULIUS MEINL;0,0560;kg;;70,71;3,96;5,29;5,39;9000403933630;Piæa
TAPIOKA KRUH GAU./VLASAC 570 g;360803;;0,5700;kg;7,29;12,79;;;6,69;3859893064326;Hrana
Šunka u ovitku S- budget;360833;S-Budget;1,0000;kg;7,99;7,99;;;7,99;3856021222931;Hrana
INS.KAVA CLASSIC STAKL.200 g;360848;Nestea;0,2000;kg;12,59;62,95;;;11,39;7613032144296;Piæa
KLICE  ÈEŠNJAK 60 g;360868;;0,0600;kg;1,79;29,83;;;1,79;3859892862039;Hrana
CIKLA SALATA VH 750 g;360870;SPAR Vrtovi Hrvatske;0,4000;kg;2,49;6,23;;;2,19;3856021215353;Hrana
KREM SLAD.CROCC.ROG/ÈOK.500 ml;360876;;0,5000;L;7,99;15,98;;;7,49;3859894052124;Hrana
MASLAC IRSKI GOLD SPAR 250 g;360879;SPAR;0,2500;kg;2,99;11,96;;;2,99;9100000086491;Hrana
JOG.ACTIMEL MULTIFRUT 4X100 g;360887;Danone;0,4000;kg;2,69;6,73;;;2,49;5997536110356;Hrana
SLAD.CLASS.SPAR VEGGIE 3x90 ml;360901;SPAR Veggie;0,2700;L;2,99;11,07;;;2,99;3831115330792;Hrana
DRAŽ.CHOCO SELECT.KRAŠ 350 g;360908;Kraš;0,3500;kg;9,74;27,83;;;9,74;3850102002139;Hrana
SPUŽVA AB.2/1,U. FRESH VILEDA;360923;;1,0000;kom;1,99;1,99;;;3,99;4023103200982;Proizvodi za kuæanstvo
RUKAVICE EX.SENS.M VILEDA;360925;;1,0000;kom;4,99;4,99;;;4,99;4023103073937;Proizvodi za kuæanstvo
RUKAVICE EX.SENS.L,VILEDA;360926;;1,0000;kom;4,37;4,37;;;4,37;4023103073944;Proizvodi za kuæanstvo
KREM SLAD.PISTAC.CROCC.500 ml;360944;;0,5000;L;8,99;17,98;;;8,49;3859894052025;Hrana
KREM SLAD.AMARETT.CROCC.500 ml;360952;;0,5000;L;7,99;15,98;;;7,49;3859894052087;Hrana
ÈOK.ADVEN.LINDT MEDVJED.170 g ;360960;Lindt;0,1700;kg;;14,65;2,49;4,99;9,99;4000539766145;Hrana
PARIŠKA KOBASICA 350 g GAVRIL.;360993;Gavrilovic;0,3500;kg;3,75;10,71;;;3,75;3858892724446;Hrana
PARIŠKA KOB. S POVRÆEM 350 g;360994;Gavrilovic;0,3500;kg;3,75;10,71;;;3,75;3858892724460;Hrana
ZUB.PASTA BIOREPAIR ADV.75 ml;361125;BIOREPAIR;0,0750;l;4,39;58,53;;;4,49;8017331064092;Kozmetika
ULJE ZA KOSU ARGAN  60 ml;361127;Olival;0,0600;L;6,99;116,50;;;6,63;3858892694374;Kozmetika
ULJE ZA KOSU AMLA   60 ml;361129;Olival;0,0600;L;5,99;99,83;;;5,31;3858892694381;Kozmetika
ŠAMPON FRUCTIS GROW 400 ml;361162;Garnier;0,4000;L;4,49;11,23;;;4,39;3600541922822;Kozmetika
ŠAMPON FRUCTIS COCONUT  400 ml;361164;Garnier;0,4000;L;4,49;11,23;;;4,39;3600541970557;Kozmetika
BOJA COLOR NATURALS ZA KO.110;361165;Garnier;1,0000;kom;4,99;4,99;;;4,99;3600542427104;Kozmetika
BOJA ZA KO.COLOR SEN.8,12;361168;Garnier;1,0000;kom;5,29;5,29;;;4,99;3600542161121;Kozmetika
BOJA EXCELLENCE NUD.UL.8.11;361172;EXCELLENCE NUDES;1,0000;kom;9,99;9,99;;;9,25;3600523939664;Kozmetika
BOJA ZA KOSU EXCELLENCE 6.41;361182;LOREAL;1,0000;kom;8,99;8,99;;;8,49;3600524143596;Kozmetika
DEO S.MEN EXPERT MAGNES.150 ml;361185;LOREAL;0,1500;L;5,19;34,60;;;4,79;3600524043315;Kozmetika
ÈOK.TUTTI FRUTTI KANDI 210 g;361203;Kandit;0,2100;kg;3,99;19,00;;;3,99;3856024803908;Hrana
ÈOK.KANDIT SJEC.LJEŠNJAK 210 g;361208;Kandit;0,2100;kg;3,99;19,00;;;3,99;3856024803885;Hrana
KIKIRIKI NUTLINE 125 g;361209;Nutline;0,1250;kg;1,59;12,72;;;1,59;3856021305214;Hrana
PEL.GAÆ.VIOLETA DOUB.CARE 52/1;361219;Violeta;52,0000;KOM;15,79;0,30;;;15,92;3870128031777;Toaletne potrepštine
PEL.VIOLETA COTT.JUNIOR+6 44/1;361220;Violeta;44,0000;KOM;17,99;0,41;;;17,99;3870128031975;Toaletne potrepštine
PEL.GAÆ.VIOLETA DOUB.CARE 44/1;361221;Violeta;44,0000;KOM;15,79;0,36;;;15,92;3870128031838;Toaletne potrepštine
ŠAM.BOTANIC THER. 400 ml;361223;Garnier;0,4000;L;4,49;11,23;;;4,49;3600542479912;Kozmetika
REG.BOTANIC THERAPY  200 ml;361224;Garnier;0,2000;L;3,59;17,95;;;3,59;3600542479837;Kozmetika
KEST.PIRE VANIL./RUM SAN 250 g;361226;Sana;0,2500;kg;4,19;16,76;;;3,79;3858892321911;Hrana
LOSOS MAR.LASC.150 g+50 g UMAK;361229;Laschinger;0,1500;kg;;59,93;8,99;12,99;13,27;4010871060078;Hrana
LOSOS LASCHINGER 150 g;361230;Laschinger;0,1500;kg;;59,93;8,99;11,99;11,99;4010871050048;Hrana
LOSOS HLAD.DIMLJENI LASC.200 g;361231;Laschinger;0,2000;kg;12,99;64,95;;;13,27;4010871053353;Hrana
GAZ.PIÆE ORANGINA ZERO 1,25 L ;361242;Orangina;1,2500;L;2,79;2,23;;;2,59;3877000209651;Piæa
SOK HAPPY DAY FAM. JABUKA 1 L;361248;Happy Day;1,0000;L;2,09;2,09;;;2,09;9008700218184;Piæa
PIVO O´HARA RED NITRO 0,44 L;361251;Oharas;0,4400;L;3,72;8,45;;;3,72;5391500602692;Piæa
PIVO O´HARA HAZY IPA 0,44 L;361256;Oharas;0,4400;L;3,72;8,45;;;3,72;5391500602500;Piæa
PIVO O´HARA STOUT NITRO 0,44 L;361259;Oharas;0,4400;L;3,72;8,45;;;3,72;5391500602210;Piæa
VINO ROSSI MUŠKAT ŽUTI 0,5 L;361276;;0,5000;L;15,49;30,98;;;15,49;3859891585311;Piæa
ULOŠ.LIBRESSE ULTRA NIGHT 8/1;361277;Libresse;8,0000;kom;1,49;0,19;;;1,49;7322540960235;Toaletne potrepštine
VIOLETA  BABY ŠAMPON 400 ml;361282;Violeta;0,4000;L;3,95;9,88;;;3,95;3870128030893;Kozmetika
VIOLETA BABY KUPKA 400 ml;361287;Violeta;0,4000;L;3,95;9,88;;;3,95;3870128030923;Kozmetika
VIOLETA ŠAMPON I KUPKA 400 ml;361288;Violeta;0,4000;L;3,95;9,88;;;3,95;3870128030954;Kozmetika
SOK HAPP.DAY JABUKA 100% 1,5 L;361384;Happy Day;1,5000;L;2,89;1,93;;;2,89;90020421;Piæa
NADJEV VIŠNJA PODRAVKA 620 g;361430;Podravka;0,6200;kg;6,39;10,31;;;5,19;3856020257330;Hrana
Povræe mix ribano-Julienne;361431;SPAR enjoy;1,0000;kg;4,49;4,49;;;4,49;;Hrana
NJOKI SVJEŽI ŽITOPROIZ.900 g;361450;Žitoproizvod;0,9000;kg;2,99;3,32;;;2,99;3858881509351;Hrana
ÈOK.KINDER MOMENT.HALLOW.231 g;361492;Ferrero;0,2310;kg;;25,93;5,99;6,99;6,63;8000500392669;Hrana
TABL.JAR ALL IN ONE 67/1;361516;Jar;67,0000;kom;19,99;0,30;;;19,99;8006540749999;Sredstva za èišæenje
TABL.JAR AIO PLATINUM 50/1;361517;Jar;50,0000;kom;19,99;0,40;;;19,99;8006540750193;Sredstva za èišæenje
POVR.ZA FRAN.SALATU LEDO 400 g;361519;Ledo;0,4000;kg;1,99;4,98;;;1,99;3850116053493;Hrana
TABL.JAR PLAT. PLUS BLUE 42/1;361520;Jar;42,0000;kom;20,99;0,50;;;20,99;8006540751503;Sredstva za èišæenje
TABL.JAR AIO PLATINUM 65/1;361521;Jar;65,0000;kom;24,99;0,38;;;24,99;8006540750216;Sredstva za èišæenje
TABL.JAR ALL IN ONE 85/1;361522;Jar;85,0000;kom;24,99;0,29;;;24,99;8006540750063;Sredstva za èišæenje
TABL.JAR PLATINUM PLUS 54/1;361525;Jar;54,0000;kom;20,99;0,39;;;20,99;8006540751299;Sredstva za èišæenje
TABL.JAR PLATINUM PLUS 63/1;361527;Jar;63,0000;kom;26,89;0,43;;;26,89;8006540751350;Sredstva za èišæenje
TABL.JAR ALL IN ONE 46/1;361528;Jar;46,0000;kom;17,49;0,38;;;17,49;8006540749982;Sredstva za èišæenje
GEL ARIEL KAPSULE BLACK 36/1;361529;Ariel;36,0000;kom;14,99;0,42;;;14,99;8001090804204;Sredstva za èišæenje
GEL ARIEL KAPS.COLOR 13/1;361533;Ariel;13,0000;kom;;0,69;8,99;9,99;10,89;8001090726377;Sredstva za èišæenje
GEL ARIEL KAPSULE EXTRA 36/1;361542;Ariel;36,0000;kom;14,99;0,42;;;14,99;8001090804990;Sredstva za èišæenje
GEL TUŠ.NIVEA MEN SEN. 500 ml;361545;Nivea;0,5000;l;;7,58;3,79;4,79;5,99;9005800286570;Kozmetika
ÈOKOL.NAT.PUR ZA KUHANJE 250 g;361581;Natur pur;0,2500;kg;4,99;19,96;;;4,99;9100000972770;Hrana
ULJE BECUTAN SENSITIVE 200 ml;361586;Becutan;0,2000;L;11,94;59,70;;;11,94;5310001268879;Kozmetika
MLIJEKO BECUTAN SEN. 200 ml;361590;Becutan;0,2000;L;7,29;36,45;;;7,29;5310001268602;Kozmetika
VL.MAR.BECUTAN AQUA 56/1;361595;Becutan;56,0000;kom;2,69;0,05;;;2,69;5310001253936;Toaletne potrepštine
PASTA BIOREPAIR JAGODA 50 ml;361597;BIOREPAIR;0,0500;L;2,65;53,00;;;2,65;8017331097120;Kozmetika
REF.BAT.AIRWICK SPRING 250 ml;361606;Airwick;0,2500;L;6,69;26,76;;;6,69;5999109542052;Sredstva za èišæenje
PIVO KÜSS DIE HAND 0,5 L MEDV.;361634;;0,5000;L;2,19;4,38;;;2,29;3859893357466;Piæa
PJEN.ROYAL HI.ROSE BRUT 0,75 L;361647;;0,7500;L;11,42;15,23;;;10,69;3859893869075;Piæa
POK.PAK. BUGATTI SIGNATURE B.;361649;Bugatti;0,2300;l;20,99;91,26;;;28,99;4051395402524;Kozmetika
NAPOL. MANNER MLIJ.ÈOK.125 g;361675;Manner;0,1250;kg;1,49;11,92;;;1,39;9000331625638;Hrana
VINO ROYAL HILL ROSE 0,75 L;361689;;0,7500;L;7,72;10,29;;;7,19;3859893869204;Piæa
VINO ROYAL HILL BLANC  0,75 L;361694;;0,7500;L;8,38;11,17;;;7,79;3859893869013;Piæa
ZAÈ.VEG.POD.250 g +50 g GRATIS;361804;Vegeta;0,3000;kg;2,19;7,30;;;2,19;3850104216466;Hrana
RIŽIN KREKER N.A.MOR.SOL 85 g;361813;Nature Addicts;0,0850;kg;2,52;29,65;;;2,39;3609200010054;Hrana
RIŽIN KREKER N.A.PAPRIKA 85 g;361814;Nature Addicts;0,0850;kg;2,52;29,65;;;2,39;3609200011013;Hrana
FLIPS N.A.GRAŠAK MOR.SOL 50 g;361815;Nature Addicts;0,0500;kg;2,39;47,80;;;2,39;3609200008389;Hrana
KAPS.ILLY CLASS ROAST 120,6 g;361823;Illy;0,1206;kg;;74,88;9,03;11,29;11,29;8003753198149;Piæa
ÈAJ TEEKANNE KAMILICA 22 g;361825;Teekanne;0,0220;kg;1,79;81,36;;;1,59;5901086400119;Piæa
ÈAJ TEEKANNE ST.FRIEND 36 g;361826;Teekanne;0,0360;kg;2,49;69,17;;;2,49;5901086046737;Piæa
ÈOK.SNICKERS CREAMY 36,5 g;361831;Snickers;0,0365;kg;1,19;32,60;;;1,19;5900951310379;Hrana
BOMBONI TIC-TAC JAGODA 18 g;361832;Tic Tac;0,0180;kg;0,79;43,89;;;0,85;80800019;Hrana
KEKSI NUTELLA  41,4 g;361833;Nutella;0,0414;kg;0,95;22,95;;;0,99;8000500359358;Hrana
ÈOK.LINDT LINDOR MILK 100 g;361987;Lindt;0,1000;kg;2,69;26,90;;;2,69;7610400097093;Hrana
KREMA AFRODITA HRANJIVA 50 ml;361991;Afrodita;0,0500;l;11,49;229,80;;;11,49;3831070659600;Kozmetika
ULOŠCI LIBRESSE NORMAL 40/1;362013;Libresse;40,0000;kom;2,99;0,07;;;2,99;7322541195032;Toaletne potrepštine
ULOŠCI LIBRESSE CLIP 36/1;362018;Libresse;36,0000;kom;2,99;0,08;;;2,99;7322540536836;Toaletne potrepštine
MAJONEZA WASABI ZVIJEZDA 85 g;362030;Zvijezda;0,0850;kg;1,25;14,71;;;1,19;3856015326621;Hrana
POK.PAK.NIVEA M.ACTIVE CARE  ;362043;Nivea;1,0000;kom;7,59;7,59;;;7,59;9005800371894;Kozmetika
PANCETA NAREZAK DOBRO 90 g;362076;Dobro;0,0900;kg;3,19;35,44;;;2,89;3850133813292;Hrana
KAVA HAUSBRANDT BEZ KOFEINA;362077;;0,2500;kg;32,99;131,96;;;32,99;8006980651104;Piæa
DEO SP.OLD SPICE NI.PAN.150 ml;362110;Old Spice;0,1500;l;3,49;23,27;;;3,85;8006540377321;Kozmetika
DEO ST.OLD SPICE NIGHT .50 ml;362111;Old Spice;0,0500;l;3,49;69,80;;;3,85;8700216884617;Kozmetika
GEL TUŠ.OLD SPICE NIGHT 400 ml;362112;Old Spice;0,4000;l;2,99;7,48;;;3,85;8700216875615;Kozmetika
GEL T.OLD SPICE WOLFTH. 400 ml;362113;Old Spice;0,4000;l;2,99;7,48;;;3,85;4084500978973;Kozmetika
BJELANJ.TEK.PAST. DESPAR 500 g;362116;Despar;0,5000;kg;1,99;3,98;;;1,99;8001300643739;Hrana
JOGURT ÈVR.3,2% Z BREGOV 180 g;362123;Vindija;0,1800;kg;0,44;2,44;;;0,44;3850108037289;Hrana
PIVO CRAFTER´S HOP.LAGER 0,5 L;362128;;0,5000;L;2,49;4,98;;;2,52;3859893368660;Piæa
OSV.WC SANITAR CITRUS 40 g;362143;Sanitar;0,0400;kg;2,25;56,25;;;2,25;3850111901126;Sredstva za èišæenje
OSV.WC SANITAR RINGS OC.2x40 g;362152;Sanitar;0,0800;kg;3,69;46,13;;;3,71;3850111901140;Sredstva za èišæenje
OSV.WC SANITAR R.CITRUS 2x40 g;362153;Sanitar;0,0800;kg;3,69;46,13;;;3,71;3850111901157;Sredstva za èišæenje
OSV.WC SANITAR R.FLOWER 2x40 g;362154;Sanitar;0,0800;kg;3,69;46,13;;;3,71;3850111901164;Sredstva za èišæenje
NAMAZ VEGAN ALPINESSE 250 g;362164;Meggle;0,2500;kg;2,99;11,96;;;2,99;4034900008503;Hrana
PREMIUM PASTA BOX;362181;SPAR Premium;1,0000;kom;46,99;46,99;;;44,99;;Hrana
ŽITAR.LINO CHOCO CARAMEL 225 g;362201;Lino;0,2250;kg;3,99;17,73;;;3,99;3856020229573;Hrana
BOMBONIJERA MERCI WINTER 250 g;362204;Merci;0,2500;kg;;23,96;5,99;7,99;5,99;4014400933239;Hrana
ŽITAR.LINO HONEY RINGS 225 g;362205;Lino;0,2250;kg;3,99;17,73;;;3,99;3856020229542;Hrana
BOMB.AFTER EIGHT COLLECT.199 g;362215;After Eight ;0,1990;kg;6,47;32,51;;;5,99;8593893784000;Hrana
BRAŠ.RAŽENO T-1250 FARI.900 g;362250;Farina;0,9000;kg;1,49;1,66;;;1,43;3858887101351;Hrana
SPAR VEGGIE ÈUPAVCI 420 g;362275;SPAR Veggie;0,4200;kg;5,49;13,07;;;5,49;3856021223020;Hrana
SIR Emmentaler Spomlek 45% m.m;362280;;1,0000;kg;9,99;9,99;;;9,99;3858890211856;Hrana
NAMAZ ARGETA SLANUTAK 95 g;362282;Argeta;0,0950;kg;1,89;19,89;;;1,89;8606018021826;Hrana
NAMAZ ARGETA CRV.PAPRIKA 95 g;362283;Argeta;0,0950;kg;1,89;19,89;;;1,89;8606018021857;Hrana
NAMAZ ARGETA CRNE MASLINE 95 g;362284;Argeta;0,0950;kg;1,89;19,89;;;1,89;8606018021840;Hrana
NAMAZ ARGETA CHILLI LIMUN 95 g;362285;Argeta;0,0950;kg;1,89;19,89;;;1,89;8606018021833;Hrana
BRAND PRIMA BADEL VAP  0,7 L;362296;Badel;0,7000;L;12,99;18,56;;;13,02;3850112141408;Piæa
LIK. PELINKOV.0,7 L BADEL LUX;362297;Badel;0,7000;L;;17,13;11,99;13,49;14,02;3850112111555;Piæa
ALUMINIJSKA FOLIJA 20 m,VORTEX;362314;;1,0000;kom;3,99;3,99;;;3,99;4823071624168;Proizvodi za kuæanstvo
VREÆICA ZA ZAMRZ.1 L ,VORTEX;362316;;1,0000;kom;3,39;3,39;;;3,39;4823071624373;Proizvodi za kuæanstvo
OMEK.ORNEL JASMINE&COTT 800 ml;362318;Ornel;0,8000;l;2,60;3,25;;;2,60;3850105181923;Sredstva za èišæenje
POK.PAK. LA BELLE W.;362323;JEAN MARC;1,0000;kom;5,10;5,10;;;7,29;5908241729115;Kozmetika
POK.P.JEAN MARC COPACAB.;362328;JEAN MARC;1,0000;kom;5,10;5,10;;;7,29;5908241729016;Kozmetika
DET.FAKS AQUAMARINE 2,34 kg;362338;Faks;2,3400;kg;14,99;6,41;;;13,49;3850105176790;Sredstva za èišæenje
JED.BRIT.WILKINSON XTREME 6+2;362346;Wilkinson;3,0000;kom;9,69;3,23;;;9,69;4027800571482;Kozmetika
VODICA ZUBNA ORAL B GUM 500ml;362354;Oral B;0,5000;L;4,19;8,38;;;4,19;8001090720399;Kozmetika
ZUBNI KONAC ORAL B PRO EX50 m ;362356;Oral B;50,0000;m;3,59;0,07;;;3,59;8700216365604;Kozmetika
SAPUN TEK.AFRODITA CHER.300 ml;362357;Afrodita;0,3000;l;3,49;11,63;;;3,49;3831070659617;Kozmetika
GEL TUŠ AFRODITA ULJNI 250 ml;362358;Afrodita;0,2500;l;2,95;11,80;;;2,95;3831070659273;Kozmetika
PLOÈICA SP.HP KIKIR.KRI.3X30 g;362363;SPAR Qualitätsmarke;0,0900;kg;1,99;22,11;;;1,99;9100000965284;Hrana
MASLINE NATUR PUR KALAM.350 g;362365;Spar Natur pur;0,2000;kg;2,69;13,45;;;2,69;9100000976174;Hrana
MASLINE NATUR PUR ZELENE 350 g;362366;Spar Natur pur;0,2000;kg;2,69;13,45;;;2,69;9100000976198;Hrana
MASLINE NATUR PUR MIX 350 g;362368;Spar Natur pur;0,2000;kg;2,69;13,45;;;2,69;9100000976211;Hrana
SOFT CAKE S-BUDGET JAG.300 g;362373;S-Budget;0,3000;kg;1,99;6,63;;;1,99;9100000973524;Hrana
KOKOS NAPITAK VEGGIE 1 L;362374;SPAR Veggie;1,0000;L;2,49;2,49;;;2,49;9100000977294;Hrana
TP ZEWA DELICATE CARE 3SL.8/1;362387;Zewa;8,0000;kom;2,79;0,35;;;2,79;7322541171739;Toaletne potrepštine
TP ZEWA BRESKVA AT.3SL.8/1;362388;Zewa;8,0000;kom;2,79;0,35;;;2,79;7322541171791;Toaletne potrepštine
PIZZA S-BUD.MARGHERITA 4x300 g;362391;S-Budget;1,2000;kg;6,99;5,83;;;6,99;8056149086964;Hrana
NAM.LINO LADA MILK PODR.350 g;362434;Lino;0,3500;kg;3,29;9,40;;;3,99;3850104267109;Hrana
LIKER MAR.ORAH.ÈOK.0,7 L+2ÈAŠE;362483;Maraska;0,7000;L;;25,70;17,99;18,02;18,02;3850158406172;Piæa
TABL.JAR PLATINUM  75/1;362485;Jar;75,0000;kom;;0,24;17,99;18,99;26,89;8006540750247;Sredstva za èišæenje
ZAÈ.KOT.KRUMPIR ORIG.STYL.80 g;362493;Kotanyi;0,0800;kg;2,99;37,38;;;1,34;9001414206874;Hrana
ZAÈ.KOT.KRUMPIR WEST.STY.80 g;362494;Kotanyi;0,0800;kg;2,99;37,38;;;1,34;9001414206898;Hrana
ZAÈ.KOT.KRUMPIR SWEET POT.80 g;362495;Kotanyi;0,0800;kg;2,99;37,38;;;1,34;9001414206881;Hrana
ISO SPORT AZZUR.1,5 L GAZIRANI;362505;Iso Sport;1,5000;L;;1,34;2,01;2,52;2,52;3850108078411;Piæa
ISO SPORT AZZURRO 1,5 L PET;362507;Iso Sport;1,5000;L;;1,48;2,22;2,78;2,78;3850108073195;Piæa
ISO SPORT LIMUN-GREJP 1,5 L;362508;Iso Sport;1,5000;L;;1,48;2,22;2,78;2,78;3850108073171;Piæa
ISO SPORT LIMUN-GREJP 0,5 L;362509;ISOLA;0,5000;L;;2,06;1,03;1,29;1,35;3850108073164;Piæa
ISO SPORT MANDARINA YUZU 0,5 L;362510;Iso Sport;0,5000;L;;2,38;1,19;1,49;1,49;3850108078565;Piæa
LJEPILO ZA MIŠEVE STOP 135 g;362513;;0,1350;kg;1,59;11,78;;;1,89;3850105201355;Proizvodi za kuæanstvo
ISO SPORT AZZURRO 0,5 L GAZIR.;362515;Iso Sport;0,5000;L;;2,26;1,13;1,42;1,13;3850108078404;Piæa
ISO SPORT AZZURRO 0,5 L NEGAZ.;362516;Iso Sport;0,5000;L;;2,16;1,08;1,35;1,35;3850108073188;Piæa
JOGUR.TEK.0,9% S BUDGET 1000 g;362563;S-BUDGET;1,0000;kg;1,49;1,49;;;1,49;3856021222795;Hrana
MEKSIÈKA MJEŠAVINA LEDO 400 g;362581;Ledo;0,4000;kg;3,49;8,73;;;2,79;3850116053431;Hrana
LIKER  PATRIK TERANINO 0,7 L;362597;Patrik;0,7000;L;;25,70;17,99;22,59;22,59;3859890672913;Piæa
VODKA PRAVDA  0,7 L;362601;;0,7000;L;23,99;34,27;;;23,99;5908234674125;Piæa
RUM SERUM GORGAS GR:RES.0,7 L ;362602;;0,7000;L;39,99;57,13;;;39,82;8595676600033;Piæa
LJEPLJIVA PLOÈA STOP ZA MIŠEVE;362603;;1;;1,99;1,99;;;2,29;3851003197658;Proizvodi za kuæanstvo
TORTILLA ÈIPS CHIO ORIG.110 g;362604;Chio;0,1100;kg;1,99;18,09;;;1,99;4001242106334;Hrana
TORTILLA ÈIPS CHIO NACHO 110 g;362605;Chio;0,1100;kg;1,99;18,09;;;1,99;4001242106341;Hrana
TORTILLA ÈIPS CHIO CHILL.110 g;362607;Chio;0,1100;kg;1,99;18,09;;;1,99;4001242106358;Hrana
ZAMKA ZA ŽOHARE STOP 5/1;362608;;5,0000;kom;3,49;0,70;;;3,79;3855896667410;Proizvodi za kuæanstvo
VINO FAN.BO.PINOT GRIGI.0,75 L;362612;;0,7500;L;6,66;8,88;;;6,66;8009663085302;Piæa
LJEPLJIVI TUNEL STOP;362618;;1,0000;kom;2,59;2,59;;;3,79;3856985541239;Proizvodi za kuæanstvo
VODKA KEGLEVICH CLASSIC 0,7 L;362631;;0,7000;L;10,02;14,31;;;10,02;8000440112365;Piæa
WHISKY TEACHER´S 0,7 L;362632;Teachers;0,7000;L;16,48;23,54;;;16,48;5010093259006;Piæa
ÈOK.SMART.BOŽ.VREÆ.65 g ;362682;Smarties;0,0650;kg;;41,38;2,69;2,99;3,29;8000300408713;Hrana
MIJEŠANO POVRÆE ZA JUHU 400 g;362699;Ledo;0,4000;kg;2,29;5,73;;;2,29;3850116053462;Hrana
ÈOK.KIND.MOMENTS XMASS 184 g;362709;Ferrero;0,1840;kg;;27,12;4,99;6,99;6,49;8000500391471;Hrana
ADV.KALENDAR KIN.184 g;362712;Kinder;0,1840;kg;;8,10;1,49;2,99;9,99;8000500237601;Hrana
GIN MURSKA DEKLA LON.DRY 0,7 L;362730;;0,7000;L;30,52;43,60;;;30,52;3857000002827;Piæa
GIN MURSKA DEKLA OLD TOM 0,5 L;362731;;0,5000;L;31,88;63,76;;;31,88;3859893795015;Piæa
OKRUGLICE SA KAK. KREMOM 600 g;362737;S-Budget;0,6000;kg;2,99;4,98;;;2,39;3856021222238;Hrana
LEDENI ÈAJ OSHEE ZERO 0,555 L;362817;;0,5550;L;1,69;3,05;;;1,69;5908260253431;Piæa
ISOTONIC FLEXWAT.VIŠNJA 0,71 L;362829;;0,7100;L;1,95;2,75;;;2,02;5304000311186;Piæa
ISOTONIC FLEXWAT.LIMUN 0,71 L;362833;;0,7100;L;1,95;2,75;;;2,02;5304000311209;Piæa
PIÆE VOÆNE KAPI JABUKA 1 L;362837;;1,0000;L;0,89;0,89;;;0,89;8606018721078;Piæa
ISO.FLEXWA.ŠUM.VOÆE.0,71 L;362841;;0,7100;L;1,95;2,75;;;2,02;5304000311193;Piæa
ŠAMP.ALPECIN DUPL EFEK.200 ml;362932;Alpecin;0,2000;l;;17,95;3,59;7,96;7,96;4008666210517;Kozmetika
ŠAMP.ALPECIN SPORT COFF.250 ml;362935;Alpecin;0,2500;l;;13,16;3,29;6,63;6,63;4008666217608;Kozmetika
ŠAMP.ALPECIN COFF.BL.ED.250 ml;362940;Alpecin;0,2500;l;7,79;31,16;;;7,79;4008666203663;Kozmetika
JUHA OD GRAHA I MAH.620 g;362983;;0,6200;kg;2,79;4,50;;;2,79;8014190019645;Hrana
ŠAM.FRUCTIS GROW STRO.  400 ml;362996;Garnier;0,4000;l;4,49;11,23;;;4,39;3600542479288;Kozmetika
ŠAMP.ELSEVE SUHO PRANJE 200 ml;362998;Elseve;0,2000;L;6,39;31,95;;;5,99;3600523967087;Kozmetika
MLIJEKO ÈOKOLADNO DUKAT 0,5 L;363004;Dukat;0,5000;L;1,49;2,98;;;1,49;3850354017608;Hrana
SAPUN TEKUÆI DESPAR XME 500 ml;363005;Despar;0,5000;L;1,69;3,38;;;1,39;8001300902393;Kozmetika
SAPUN TEKUÆI DESPAR XME 500 ml;363006;Despar;0,5000;L;1,69;3,38;;;1,39;8001300902379;Kozmetika
MIKROZELENJE ROTKVICE 30 g;363019;;0,0300;kg;1,69;56,33;;;1,69;3859894055170;Hrana
UMAK BECHAMEL B&F DUKAT 200 g;363022;Dukat;0,2000;kg;1,99;9,95;;;1,79;3850354017455;Hrana
UMAK ŠAMPINJON.B&F DUKAT 200 g;363025;Dukat;0,2000;kg;1,99;9,95;;;1,79;3850354017431;Hrana
KESTEN DES.S KAKAOM SANA 80 g;363042;Sana;0,0800;kg;2,39;29,88;;;2,09;3858892322369;Hrana
KESTEN DESER.NARANÈA SANA 80 g;363043;Sana;0,0800;kg;2,39;29,88;;;2,09;3858892322406;Hrana
GOLDEN GLOW SOK 330 ml;363053;;0,3300;L;3,9;11,82;;;3,72;3859894312532;Hrana
UNIV.SRED.SPLENDID ZA POD 1 L;363063;Splendid;1,0000;L;1,39;1,39;;;1,39;3856021221903;Sredstva za èišæenje
UNIV.SRED.SPLENDID ZA POD 1 L;363068;Splendid;1,0000;L;1,39;1,39;;;1,39;3856021221927;Sredstva za èišæenje
RIŽA ZLATO POLJE 3 ŽITA 800 g;363076;Zlato Polje;0,8000;kg;4,69;5,86;;;4,69;3838700354300;Hrana
SRED.SPLENDID ZA ÈIŠ.LAMI.1 L;363079;Splendid;1,0000;L;1,98;1,98;;;1,98;3856021221941;Sredstva za èišæenje
CORNFLAKES NESTLE MED NUT 450g;363085;Nestle;0,4500;kg;4,29;9,53;;;4,29;5900020025692;Hrana
AJVAR SPAR BLAGI 290 g;363114;SPAR;0,2900;kg;3,99;13,76;;;3,99;3856021222351;Hrana
AJVAR SPAR LJUTI 290 g;363116;SPAR;0,2900;kg;3,99;13,76;;;3,99;3856021222375;Hrana
RAKIJA VILJAMOVKA ÐANIÆ 0,5 L;363126;;0,5000;L;35,18;70,36;;;35,18;3859891109876;Piæa
SOK BEBI.JAB.CR.GRO.RIB.500 ml;363127;Bebivita;0,5000;l;2,09;4,18;;;2,02;4018852032762;Piæa
RAKIJA JULIJA ÐANIÆ 0,5 L;363128;;0,5000;L;20,82;41,64;;;20,82;3859893177514;Piæa
VINO KOPER SLATK.REFOŠK 0,75 L;363129;;0,7500;L;9,99;13,32;;;9,99;3830000705592;Piæa
KAŠICA HIPP OBROK PURET.190 g;363130;Hipp;0,1900;kg;2,04;10,74;;;2,04;9062300131298;Hrana
LIKER S-BUDGET KRAUTE.4x0,02 L;363139;S-Budget;0,0800;L;1,49;18,63;;;2,35;9100000973401;Piæa
ÈIPS PAPRIKA S BUDGET 250 g;363146;S-Budget;0,2500;kg;1,59;6,36;;;1,59;3856021222009;Hrana
REF.GLADE AUT JABUKA 269 ml;363176;Glade;0,2690;L;8,99;33,42;;;7,49;5000204414363;Sredstva za èišæenje
BOMB.BEBETO SOUR WORMS 80 g;363244;Bebeto;0,0800;kg;0,99;12,38;;;0,99;8690146659112;Hrana
BOMB.BEBETO LOVELY FRUITS 80 g;363245;Bebeto;0,0800;kg;0,99;12,38;;;0,99;8690146658214;Hrana
KEKS PLAZMA MINI MINI 55 g;363246;Plazma;0,0550;kg;0,89;16,18;;;0,89;8600043033533;Hrana
BOM.GUM.HARIBO PICO BALLA 85 g;363251;Haribo;0,0850;kg;1,59;18,71;;;1,59;8426617119928;Hrana
PISTACIJ.NUTLINE SUHOPRŽ.125 g;363252;Nutline;0,1250;kg;4,39;35,12;;;3,99;5941445676229;Hrana
VAFEL HANUTA 34,5 g;363261;Ferrero;0,0345;kg;1,09;31,59;;;1,09;8000500331774;Hrana
ÈOK.KANDI WHOLE NUTS 220 g;363265;Kandit;0,2200;kg;4,49;20,41;;;4,49;3856024803946;Hrana
NAPOL.NOUGAT KRAŠ 93 g;363330;Kraš;0,0930;kg;0,99;10,65;;;0,99;3850102523399;Hrana
NAPOL.CHOC.CREAM KRAŠ 93 g;363333;Kraš;0,0930;kg;0,99;10,65;;;0,99;3850102523382;Hrana
NAPOL.NOUGAT KRAŠ 187 g;363335;Kraš;0,1870;kg;1,59;8,50;;;1,59;3850102002153;Hrana
NAPOL.CHOC.CREAM KRAŠ 187 g;363337;Kraš;0,1870;kg;1,59;8,50;;;1,59;3850102523405;Hrana
NAPOL.COCOA MILK KRAŠ 187 g;363338;Kraš;0,1870;kg;1,59;8,50;;;1,59;3850102523436;Hrana
NAPOL.LEMON ORANGE KRAŠ 187 g;363339;Kraš;0,1870;kg;1,59;8,50;;;1,59;3850102523429;Hrana
OLOVKE UKRAŠAV.HRANE SPAR 16 g;363345;SPAR;0,0160;kg;;209,38;3,35;4,79;4,79;9100000975702;Hrana
JESTIVE BOJE SPAR 4X10 g 40 g;363347;SPAR;0,0400;kg;;48,75;1,95;2,79;2,79;9100000975740;Hrana
KRUH WASA POPPY SEED 245 g;363355;;0,2450;kg;3,49;14,24;;;3,49;7300400482790;Hrana
KRUH WASA CHIA &SEA SALT 245 g;363356;;0,2450;kg;3,99;16,29;;;3,99;7300400482813;Hrana
NAM.LINO LADA DUO PODR. 900 g;363371;Lino;0,9000;kg;7,99;8,88;;;5,49;3856020262112;Hrana
Sir kozji min.50%m.m. 250 g;363377;;0,2500;kg;;15,96;3,99;5,29;5,29;3830019420516;Hrana
PILEÆI FILE 500 g;363388;Cekin;0,5000;kg;6,35;12,70;;;6,35;3850159110986;Hrana
VREÆE ZA SMEÆE 150L,10/1;363389;;10,0000;kom;3,59;0,36;;;3,19;3858891882031;Proizvodi za kuæanstvo
VREÆE ZA SMEÆE 180L,10/1;363390;;10,0000;kom;4,89;0,49;;;4,39;3858891882048;Proizvodi za kuæanstvo
VREÆE ZA SMEÆE 300L,5/1;363391;;5,0000;kom;4,49;0,90;;;4,49;3858891880778;Proizvodi za kuæanstvo
PRŠUT PREM. REZANI VP 18+;363398;;1,0000;kg;42,29;42,29;;;42,29;3859892733025;Hrana
GRA.SANTE BROWNIE I TREŠ.300 g;363402;Sante;0,3000;kg;4,99;16,63;;;4,99;5900617043481;Hrana
KULEN CRNA SL.SVINJA 1/2;363403;Belje;1,0000;kg;64,99;64,99;;;59,99;3850257053086;Hrana
PIVO 5.ELEMENT ABA LIM. 0,5 L;363441;;0,5000;L;2,05;4,10;;;2,38;3859892222338;Piæa
PIVO 5.ELEMENT IIPA LIM.0,5 L;363442;;0,5000;L;2,45;4,90;;;2,78;3859892222345;Piæa
PIVO 5.ELEMENT LELA LIM.0,5 L;363443;;0,5000;L;2,05;4,10;;;2,32;3859893750342;Piæa
SIPA KOCKICE PERLA 235 g ;363448;Perla;0,2350;kg;7,99;34,00;;;7,99;3858892085271;Hrana
VONGOLE PERLA 750 g;363449;Perla;0,7500;kg;4,99;6,65;;;5,19;3858892085301;Hrana
LIGNJA PATAGONICA PERLA 525 g ;363450;Perla;0,5250;kg;7,29;13,89;;;7,29;3858892085233;Hrana
TEMELJAC OD ŠKAMPA PERLA 450 g;363451;Perla;0,4500;kg;3,99;8,87;;;4,19;3858892086193;Hrana
VL.MAR.PAMPERS FRESH 5X52;363490;Pampers;260,0000;kom;6,59;0,03;;;6,59;8001841078137;Toaletne potrepštine
VL.MAR.PAMPERS SENSIT.5x52;363491;Pampers;260,0000;kom;6,59;0,03;;;6,59;8001841062792;Toaletne potrepštine
TORTA JAFFA  S BUDGET 800 g;363525;S-BUDGET;0,8000;kg;9,59;11,99;;;9,59;3856021223259;Hrana
CROIS.DESPAR TREŠNJA 300 g;363531;DESPAR;0,3000;kg;1,98;6,60;;;1,98;8001300803157;Hrana
CROIS.DESPAR MARELICA 300 g;363532;DESPAR;0,3000;kg;1,98;6,60;;;1,98;8001300803133;Hrana
PANCETA S BUDGET cca. 400 g;363535;S-Budget;1,0000;kg;14,99;14,99;;;14,99;3856021223242;Hrana
GIN TANQUERAY BLACK.ROYA.0,7 L;363551;;0,7000;L;24,99;35,70;;;28,09;5000291025824;Piæa
GIN GORDON´S MEDITE.ORAN.0,7 L;363552;Gordon's;0,7000;L;21,99;31,41;;;21,89;5000289933490;Piæa
VINO CHATEAU THIBAULT 0,75 L;363557;;0,7500;L;5,72;7,63;;;5,72;3272810303382;Piæa
TABL.FINISH ULTIMATE 50/1;363570;Finish;50,0000;kom;15,99;0,32;;;14,99;5908252004829;Sredstva za èišæenje
TJEST.TORTEL.3 VRSTE SIR.450 g;363575;Žitoproizvod;0,4500;kg;3,98;8,84;;;3,98;3858881509290;Hrana
HELJDA O´PLANT NUGGETS 400 g ;363576;O´PLANT;0,4000;kg;3,99;9,98;;;3,99;3856020261207;Hrana
BROKULA O´PLANT NUGGETS 400 g ;363577;O´PLANT;0,4000;kg;3,99;9,98;;;3,99;3856020261269;Hrana
VREÆICE ZA IZMET S-B 12X20 KOM;363605;S-Budget;240,0000;kom;4,99;0,02;;;4,99;8056149088128;Proizvodi za kuæanstvo
SIR LIÈKI POLUTVRDI MIX 600 g;363611;;0,6000;kg;8,99;14,98;;;7,99;3859893929106;Hrana
ZOB.DOBRA KAŠA JAB.CIMET 260 g;363623;Dobra Zobena Kasa;0,2600;kg;;7,50;1,95;3,29;3,29;8595054901097;Hrana
ZOB.DOBRA KAŠA MALINA VAN.65 g;363624;Dobra Zobena Kasa;0,0650;kg;;9,08;0,59;0,99;0,99;8595054904272;Hrana
ZOB.DOBRA KAŠA JAG.CHIA 65 g;363625;Dobra Zobena Kasa;0,0650;kg;;9,08;0,59;0,99;0,99;8595054904883;Hrana
ZOB.DOBRA KAŠA BOR.CHIA 65 g;363627;Dobra Zobena Kasa;0,0650;kg;;9,08;0,59;0,99;0,99;8595054905958;Hrana
ZOB.DOBRA KAŠA BADEM MED 65 g;363628;Dobra Zobena Kasa;0,0650;kg;;8,15;0,53;0,89;0,89;8595054906238;Hrana
NEKTAR FRUCTAL BOROVNICA 1 L;363642;Fructal;1,0000;L;2,59;2,59;;;2,49;3838945509046;Piæa
Inæuni marinirani u sunc.ulju;363652;;1,0000;kg;26,54;26,54;;;26,54;;Hrana
GAZ.PI.COCA CO.Z. BEZ KOF. 1 L;363653;Coca-Cola;1,0000;L;1,59;1,59;;;1,48;5449000195906;Piæa
GAZ.PI.COCA-COLA BEZ KOF.0,5 L;363654;Coca-Cola;0,5000;L;1,25;2,50;;;1,19;5449000201935;Piæa
EN.NAP.MONSTER MONARCH 0,5 L;363655;Monster;0,5000;L;1,95;3,90;;;1,95;5060896622798;Piæa
GIN KELIRO KONOPLJA 0,7 L;363660;;0,7000;L;17,99;25,70;;;19,94;3859893817007;Piæa
VODKA KELIRO KONOPLJA 0,7 L;363662;;0,7000;L;19,94;28,49;;;19,94;3859893817021;Piæa
PAŠTETA POLI PILEÆA KIDS 95 g;363664;Poli;0,0950;kg;0,99;10,42;;;0,99;8606015009636;Hrana
PAŠTETA POLI PILEÆA CLASS.95 g;363665;Poli;0,0950;kg;0,99;10,42;;;0,99;8606015009612;Hrana
HRANA ZA STER.MAÈKE ONE 450 g;363668;One;0,4500;kg;3,99;8,87;;;3,99;8445290073051;Proizvodi za kuæanstvo
HRANA ZA ODRAS.MAÈKE ONE 450 g;363669;One;0,4500;kg;3,99;8,87;;;3,99;8445290095831;Proizvodi za kuæanstvo
HRANA ZA ODRAS.MAÈKE ONE 450 g;363670;One;0,4500;kg;3,99;8,87;;;3,99;8445290095817;Proizvodi za kuæanstvo
ŠUNKA KUHANA VITAL NAR. 100 g;363673;Vital;0,1000;kg;1,79;17,90;;;1,79;3856021222726;Hrana
PAŠTETA LINO PILEÆA 4X50 g;363694;Lino;0,2000;kg;3,19;15,95;;;3,19;3856020259334;Hrana
TUNA PAŠTETA LINO 4X50 g;363696;Lino;0,2000;kg;3,69;18,45;;;3,89;3856020259365;Hrana
KEKS GULLON B.Š.170 g;363697;Gullon;0,1700;kg;1,99;11,71;;;1,99;8410376039733;Hrana
KEKS GULLON CHOCO B.G.225 g;363698;Gullon;0,2250;kg;4,19;18,62;;;4,19;8410376061789;Hrana
PAPRIKA PEPPADEW LJUTA 400 g;363700;Peppadew;0,1400;kg;3,59;25,64;;;3,59;6007788005450;Hrana
PAPRIKA PEPPAD.BL.PIKANT.400 g;363701;Peppadew;0,1400;kg;3,59;25,64;;;3,59;6007788005443;Hrana
ÈAJ BAKINA KAMILICA 45 g;363702;Pampa-tea;30,0000;kom;6,19;0,21;;;6,79;3859891239375;Piæa
ÈAJ AHMAD SLIM 30 g;363709;Ahmad;20,0000;kom;3,32;0,17;;;3,32;0054881020350;Piæa
ÈAJ TEEKANNE ŠIPAK 54 g;363729;Teekanne;0,0540;kg;2,29;42,41;;;1,59;5901086000098;Piæa
KAPSULE FRANCK STRETTO 57 g;363730;Franck;10,0000;kom;4,59;0,46;;;4,59;3850291053646;Piæa
KAPSULE FRANCK SUPERIORE 57 g;363731;Franck;10,0000;kom;4,99;0,50;;;4,99;3850291053660;Piæa
KAPSULE FRANCK 125 GODINA 57 g;363732;Franck;10,0000;kom;4,59;0,46;;;4,59;3850291053677;Piæa
KAPSULE FRANCK CLASSIC 57 g;363734;Franck;10,0000;kom;4,49;0,45;;;4,49;3850291053684;Piæa
LIÈKA SUHA KOBASICA;363742;JADRI TADE;1,0000;kg;18,49;18,49;;;18,49;3857500137203;Hrana
KEKS S.BUD.CHIP COOKIES 225 g;363772;S-Budget;0,2250;kg;1,99;8,84;;;1,89;9100000976259;Hrana
PRELJ.JOGU.ZA SAL.S-BUD.500 ml;363773;S-Budget;0,5000;L;2,19;4,38;;;1,99;9100000976631;Hrana
PRELJ.FRE. ZA SAL.S-BUD.500 ml;363774;S-Budget;0,5000;L;2,19;4,38;;;1,99;9100000976655;Hrana
PJEN.DES. MUNC.JAGODA 128 g;363775;Jaffa;0,1280;kg;1,79;13,98;;;1,33;8600114010012;Hrana
KREKER TAK CLASSIC 115 g;363777;Jaffa;0,1150;kg;;7,74;0,89;1,09;1,09;8600114009474;Hrana
KREKER TAK CORN 135 g;363778;Jaffa;0,1350;kg;;6,59;0,89;1,09;1,09;8600462041973;Hrana
KREKER TAK NORDIC 125 g;363779;Jaffa;0,1250;kg;;7,12;0,89;1,09;1,09;8600462041959;Hrana
Peèenica dimljena Pivac;363807;Pivac;1,0000;kg;9,99;9,99;;;13,99;3858890189926;Hrana
SIR PRESIDENT PICANT 140 g;363811;President;0,1400;kg;2,39;17,07;;;2,09;3850355005659;Hrana
PRALINE SEASHELLS 125 g;363817;;0,1250;kg;5,49;43,92;;;4,59;5400265012667;Hrana
TP.VIOLETA STRONG&SOFT 12/1;363821;Violeta;12,0000;KOM;5,99;0,50;;;5,97;3870128003699;Toaletne potrepštine
VINO GREGORIÆ PORTUGIZA.0,75 L;363836;;0,7500;L;5,99;7,99;;;4,67;3857500128911;Piæa
KLEMENTINA 800 g;363877;;0,8000;kg;1,99;2,49;;;1,99;8427597004075;Hrana
NJOKI VEGAN KRUMP. CIKLA 400 g;363878;;0,4000;kg;;4,98;1,99;2,59;2,59;3859888280991;Hrana
MIKROZELENJE GRAŠAK 30 g;363900;;0,0300;kg;1,69;56,33;;;1,65;3859894055217;Hrana
LIKER PELINKOVAC WINTER 0,7 L;363931;;0,7000;L;;17,13;11,99;12,99;13,02;3850112112095;Piæa
PRE.BILLY BOY PERLGENOPPT 3/1;363943;Billy Boy;3,0000;KOM;2,25;0,75;;;2,65;4008600230908;Toaletne potrepštine
VINO CAB.SAUVIGNON TW BIB 3 L;363963;Touch wine;3,0000;L;9,39;3,13;;;9,39;3859893289170;Piæa
VINO CHA&RKACITELI TW BIB 3 L;363964;Touch wine;3,0000;L;9,39;3,13;;;9,39;3859893289187;Piæa
VINO CAB.SAUVIGNON TW 0,75 L  ;363965;Touch wine;0,7500;L;6,02;8,03;;;5,79;3859893289118;Piæa
Bio tikva butternut ;363966;;1,0000;kg;1,99;1,99;;;1,99;3859893093548;Hrana
VINO CHARDONNAY  T.WINE 0,75 L;363967;Touch wine;0,7500;l;6,02;8,03;;;6,02;3859893289149;Piæa
VINO MERLOT TOUCH WINE 0,75 L;363968;Touch wine;0,7500;l;6,02;8,03;;;6,02;3859893289101;Piæa
VINO ROSE  SHIRAZ TW 0,75 L;363969;Touch wine;0,7500;l;6,02;8,03;;;5,79;3859893289156;Piæa
PEL.TOSAMA EVY BABY 3U1 58/1;363970;Evy baby ;58,0000;KOM;10,62;0,18;;;13,09;8690506520304;Toaletne potrepštine
VINO SWEETY SHIRAZ TW 0,75 L;363971;Touch wine;0,7500;l;5,79;7,72;;;6,02;3859893289323;Piæa
RUM LA HECHICERA 0,7 L;363974;;0,7000;L;41,99;59,99;;;40,48;7707180703013;Piæa
PEL.TOSAMA EVY BABY 3U1 46/1;363975;Evy baby ;46,0000;KOM;10,62;0,23;;;13,09;8683881000288;Toaletne potrepštine
PEL.TOSAMA EVY BABY 3U1 80/1;363976;Evy baby ;80,0000;KOM;10,62;0,13;;;13,09;8683881000264;Toaletne potrepštine
PEL.TOSAMA EVY BABY 3U1 64/1;363977;Evy baby ;64,0000;KOM;10,62;0,17;;;13,09;8690506520250;Toaletne potrepštine
PEL.TOSAMA EVY BABY 3U1 62/1;363978;Evy baby ;62,0000;KOM;10,61;0,17;;;10,61;8690506520175;Toaletne potrepštine
FEFER.POCO LOCO JALAPENO 225 g;363994;Poco Loco;0,2250;kg;3,49;15,51;;;3,44;5412514937188;Hrana
TUNA SALATA SPAR MEKS.160 g;363999;SPAR;0,1600;kg;2,79;17,44;;;2,79;9100000974699;Hrana
TUNA SALATA SPAR KUKURUZ 160 g;364000;SPAR;0,1600;kg;2,79;17,44;;;2,79;9100000974736;Hrana
TUNA SALATA SPAR COUS.160 g;364001;SPAR;0,1600;kg;2,79;17,44;;;2,79;9100000974712;Hrana
SREDSTVO ZA ODVOD RORAX 60 g;364022;Rorax;0,0600;kg;1,29;21,50;;;1,29;4001499168314;Sredstva za èišæenje
SMOO.POWER VITAMIN.S.ENJ.250 g;364052;SPAR enjoy;0,2500;kg;1,79;7,16;;;1,79;9100000988696;Piæa
SMOO.POWER ENERGIE.S.ENJ.250 g;364053;SPAR enjoy;0,2500;kg;1,79;7,16;;;1,79;9100000988610;Piæa
SMOO.POWER CELL-BO.S.ENJ.250 g;364055;SPAR enjoy;0,2500;kg;1,79;7,16;;;1,79;9100000988658;Piæa
SPREJ SANYTOL 150 ml;364056;Sanytol;0,1500;L;3,89;25,93;;;3,19;3045200715009;Sredstva za èišæenje
BOROVNICA S-BUDGET 450 g;364060;S-Budget;0,4500;kg;3,99;8,87;;;3,99;5999033893459;Hrana
VOÆNI MIX S-BUDGET 450 g;364061;S-Budget;0,4500;kg;2,99;6,64;;;2,49;5999033893305;Hrana
KRUH SELJAÈKI 500 g;364062;;0,5000;kg;4,59;9,18;;;4,59;3859893454981;Hrana
PIÆE FRUCTAL GRANDE JABUKA 2 L;364079;Fructal;2,0000;L;2,19;1,10;;;2,19;3838945041027;Piæa
PIÆE FRUCTAL GRANDE ŠU.VOÆ.2 L;364080;Fructal;2,0000;L;2,19;1,10;;;2,19;3838945041034;Piæa
PIÆE FRUCTAL GRAND.NARANÈA 2 L;364081;Fructal;2,0000;L;2,19;1,10;;;2,19;3838945041010;Piæa
NEKTAR FRUCTAL BRES.JAB.0,2 L ;364084;Fructal;0,2000;L;0,65;3,25;;;0,69;3838945040983;Piæa
NEKTAR FRUCTAL BOR.ARONI.0,2 L;364087;Fructal;0,2000;L;0,65;3,25;;;0,69;3838945040976;Piæa
NEKTAR FRUCTAL JAGODA 0,2 L;364088;Fructal;0,2000;L;0,65;3,25;;;0,69;3838945040990;Piæa
NEKTAR FRUCTAL JABUKA 0,2 L;364091;Fructal;0,2000;L;0,65;3,25;;;0,69;3838945040969;Piæa
PIVO GARDEN OBALA 0,44 L;364100;;0,4400;L;;5,68;2,5;2,95;2,95;3858893811268;Piæa
PIVO GARDEN OSEKA 0,44 L;364101;;0,4400;L;;6,18;2,72;3,21;3,21;3858893811275;Piæa
PIVO GARDEN TAMA 0,44 L;364102;;0,4400;L;3,21;7,30;;;3,21;3858893811299;Piæa
PIVO FAKIN IPA 0,5 L;364125;;0,5000;L;2,79;5,58;;;2,79;3859893357152;Piæa
KRUH SUPER SENDVIÈ 375  g;364134;;0,3750;kg;3,18;8,48;;;2,79;9005300010750;Hrana
PJENUŠAC GRIFFIN ZERO 0,75 l;364208;;0,7500;l;29,82;39,76;;;29,82;3859536305458;Piæa
KAVA SUPERBAR HAUSBRANDT 1 kg ;364270;Hausbrandt;1,0000;kg;38,99;38,99;;;38,99;8006980151956;Piæa
VINO ZINFANDEL ROSE 0,75 L;364282;;0,7500;L;5,39;7,19;;;5,39;3263280102414;Piæa
ÈAJ SW.BERRIES 15/1 48 g;364287;;0,0480;kg;6,99;145,63;;;6,99;4006465135772;Piæa
ÈAJ MOROCCAN MINT15/1 36 g;364290;;0,0360;kg;6,99;194,17;;;6,99;4006465136274;Piæa
ÈAJ WELLNESS 15/1 45 g;364291;;0,0450;kg;6,99;155,33;;;6,99;4006465135802;Piæa
ÈAJ WINTER 15/1 48 g;364293;;0,0480;kg;6,99;145,63;;;6,99;4006465136908;Piæa
ÈAJ ROSY ROSE 15/1 42 g;364294;;0,0420;kg;6,99;166,43;;;6,99;4006465137073;Piæa
ÈAJ ROOIBOS ORANGE 15/1 45 g;364295;;0,0450;kg;6,99;155,33;;;6,99;4006465135901;Piæa
ÈAJ FRUITY CAMOMILE 15/1 21 g;364297;;0,0210;kg;6,99;332,86;;;6,99;4006465135673;Piæa
DEO NIVEA ŽENSKI FRESH F.50 ml;364304;Nivea;0,0500;l;4,99;99,80;;;4,99;9005800352312;Kozmetika
ÈAJ GREEN DRAGON 15/1 36 g;364306;;0,0360;kg;6,99;194,17;;;6,99;4006465135475;Piæa
ÈAJ EARL GREY 15/1 34,5 g;364307;;0,0345;kg;6,99;202,61;;;6,99;4006465135079;Piæa
ROLL ON BIOBAZA FLOWER 50 ml;364327;Biobaza;0,0500;L;3,99;79,80;;;3,85;3856020910785;Kozmetika
ROLL ON BIOBAZA GENTLEME.50 ml;364331;Biobaza;0,0500;L;3,99;79,80;;;3,85;3856020911423;Kozmetika
LIKER BABA VIŠNJA 0,7 L;364338;;0,7000;L;12,02;17,17;;;12,02;3877000183432;Piæa
RAKIJA ZLAT.DUNJA 0,7 L;364340;;0,7000;L;21,52;30,74;;;19,99;3870474000465;Piæa
RAKIJA ZLATNA KAJSIJA 0,7 L;364343;;0,7000;L;26,42;37,74;;;26,42;3870474000533;Piæa
UMAK DEVELEY POMMES 250 ml;364364;Develey;0,2500;l;3,19;12,76;;;3,19;4006824994415;Hrana
HRANA ZA PSE SCOT.GOV.PER.3 kg;364407;Scotty;3,0000;kg;5,99;2,00;;;5,99;9100000979908;Proizvodi za kuæanstvo
HRANA ZA MAÈKE MOLL.PIL.1,5 kg;364415;Molly;1,5000;kg;3,89;2,59;;;3,89;9100000979946;Proizvodi za kuæanstvo
HRANA ZA MAÈKE MOLL.GOV.1,5 kg;364416;Molly;1,5000;kg;3,89;2,59;;;3,89;9100000979922;Proizvodi za kuæanstvo
WHISKEY J.W.BLACK LABEL 0,7 L;364458;Johnnie Walker;0,7000;L;33,99;48,56;;;35,49;5000267024202;Piæa
PJENUŠAC PENINA SEC 0,75 L;364460;;0,7500;L;;8,65;6,49;8,22;7,89;3830001601336;Piæa
PELINKOVAC ZELENI MARASKA 1 L ;364477;Maraska;1,0000;L;15,49;15,49;;;15,02;3850158407001;Piæa
KAPSULE JACOBS LUNGO 52 g;364484;Jacobs;0,0520;kg;4,99;95,96;;;5,59;8711000371244;Piæa
KAPSULE JACOBS INTENSE 52 g;364486;Jacobs;0,0520;kg;4,99;95,96;;;5,59;8711000371183;Piæa
KAPSULE JACOBS CLASSIC 52 g;364487;Jacobs;0,0520;kg;4,99;95,96;;;5,59;8711000371176;Piæa
KAPSULE JACOBS RISTRETTO 52 g;364488;Jacobs;0,0520;kg;4,99;95,96;;;5,59;8711000371206;Piæa
INST.KAVA JACOBS MONARCH 2 g;364489;Jacobs;0,0020;kg;0,45;225,00;;;0,35;8711000538012;Piæa
RAKIJA OD DUNJE ÐANIÆ 0,5 L;364499;;0,5000;L;17,58;35,16;;;17,58;3859893177378;Piæa
RAKIJA OD MARELICE ÐANIÆ 0,5 L;364500;;0,5000;L;17,58;35,16;;;17,58;3859893177385;Piæa
PRAL.FERR.VALENT.PRESTIGE 83 g;364516;Ferrero;0,0830;kg;3,19;38,43;;;3,99;8000500333761;Hrana
NAVLAKA ZA BRISAÈ PODA CLASSIC;364544;;1,0000;kom;4,99;4,99;;;4,99;4006501520708;Proizvodi za kuæanstvo
ÈETKA GUMENA, 36,5X13,5X7 cm;364547;;1,0000;kom;13,79;13,79;;;13,79;4006501566713;Proizvodi za kuæanstvo
BRISAÈ PODA EASY SPRAY,XL;364548;;1,0000;kom;57,69;57,69;;;57,69;4006501566904;Proizvodi za kuæanstvo
NAVLAKA ZA EASY SPRAY XL MICRO;364550;;1,0000;kom;19,39;19,39;;;19,39;4006501575012;Proizvodi za kuæanstvo
GAZ.PIÆE GREEN ORANGE.1,5 L ;364554;;1,5000;L;1,99;1,33;;;2,08;5206542012579;Piæa
GAZIRANO PIÆE GREEN COLA 1,5 L;364556;;1,5000;L;1,99;1,33;;;2,08;5206542012555;Piæa
GAZIRAN.PIÆE GREEN COLA 0,33 L;364559;;0,3300;L;1,09;3,30;;;1,12;5206542009685;Piæa
LAK ZA KOSU BEAUTY KISS 300 ml;364591;Beauty Kiss;0,3000;L;1,99;6,63;;;1,98;9100000039169;Kozmetika
LAK ZA KOSU BEAUTY KISS 300 ml;364592;Beauty Kiss;0,3000;L;1,99;6,63;;;1,98;9100000039183;Kozmetika
ŠAMPON BEAUTY KI.SUHO P.200 ml;364593;Beauty Kiss;0,2000;L;1,79;8,95;;;1,79;9100000973548;Kozmetika
ŠAMPON BEAUTY KI.SUHO P.200 ml;364594;Beauty Kiss;0,2000;L;1,79;8,95;;;1,79;9100000973562;Kozmetika
PJENA ZA BR.BEAUTY KISS 200 ml;364595;Beauty Kiss;0,2000;L;2,10;10,50;;;2,10;9100000039053;Kozmetika
BOM.ŽELE VEG.COLA-FLASCH.200 g;364604;SPAR Veggie;0,2000;kg;1,49;7,45;;;1,49;9100000979038;Hrana
KEKSI DELIC.CHOC.PIR BŠ.200 g;364605;Delicia;0,2000;kg;3,59;17,95;;;3,99;3859889106238;Hrana
KEKSI DELIC.VITAL.BL.BŠ.200 g;364606;Delicia;0,2000;kg;3,59;17,95;;;3,19;3859889106214;Hrana
PLOÈ.GO ON PROT.KIKIR.KAR.50 g;364611;GO ON;0,0500;kg;1,49;29,80;;;1,49;5900617041685;Hrana
TORTILLA MIX PODRAVKA 300 g;364612;Podravka;0,3000;kg;2,49;8,30;;;2,29;3856020259228;Hrana
DOMAÆA BAKLAVA LAYLA 500 g;364613;;0,5000;kg;;5,98;2,99;3,98;3,98;3859893926082;Hrana
KAPSULE MULTIVITA VITAM.D 30/1;364614;Multivita;30,0000;kom;4,69;0,16;;;3,79;3858881249202;Hrana
KAVA ZLATNA DŽEZVA 400 g;364627;ZLATNA DŽEZVA;0,4000;kg;8,29;20,73;;;7,89;3870007015027;Piæa
KOBASICA MINIKO CLASSIC 60 g;364664;Gavrilovic;0,0600;kg;2,35;39,17;;;2,35;3858892724668;Hrana
KOBASICA MINIKO SPICY 60 g;364665;Gavrilovic;0,0600;kg;2,35;39,17;;;2,35;3858892724682;Hrana
HRANA ZA MAÈKE WHISKAS 4X85 g;364666;Whiskas;0,3400;kg;2,75;8,09;;;2,19;5900951301759;Proizvodi za kuæanstvo
HRA.ZA MAÈ.WHIS.IZB.PER.4X85 g;364667;Whiskas;0,3400;kg;2,75;8,09;;;2,19;4770608263652;Proizvodi za kuæanstvo
KEKS KOKOS PREKRAŠNI 200 g;364669;Kraš;0,2000;kg;2,59;12,95;;;2,59;3850102005413;Hrana
HRA.ZA MAÈ.WHIS.KLA.IZB.4X85 g;364670;Whiskas;0,3400;kg;2,75;8,09;;;2,19;5900951301841;Proizvodi za kuæanstvo
HRA.ZA MAÈ.WHISK.JUNET.4X85 g;364672;Whiskas;0,3400;kg;2,75;8,09;;;2,19;5900951301780;Proizvodi za kuæanstvo
HRA.ZA MAÈ.WHIS.PUR.DEL.4X85 g;364673;Whiskas;0,3400;kg;2,75;8,09;;;2,19;5900951303319;Proizvodi za kuæanstvo
HRANA ZA MAÈKE WHISKAS 4X85 g;364674;Whiskas;0,3400;kg;2,75;8,09;;;2,19;5900951303210;Proizvodi za kuæanstvo
HRA.ZA MAÈ.WHIS.PUR.DEL.4X85 g;364676;Whiskas;0,3400;kg;2,75;8,09;;;2,19;5900951303166;Proizvodi za kuæanstvo
HRA.ZA MAÈ.WHIS.TAS.MIX 4X85 g;364677;Whiskas;0,3400;kg;2,75;8,09;;;2,19;4770608262662;Proizvodi za kuæanstvo
HRA.ZA MAÈ.WHIS.TAS.MIX 4X85 g;364678;Whiskas;0,3400;kg;2,75;8,09;;;2,19;4770608262655;Proizvodi za kuæanstvo
NAPOLITANKE KRAŠ NOUGAT 327 g;364679;Kraš;0,3270;kg;2,65;8,10;;;2,65;3850102523450;Hrana
NAPOLITAN.KRAŠ CH.CREAM 327 g;364681;Kraš;0,3270;kg;2,65;8,10;;;2,65;3850102523443;Hrana
NAPOLITANKE KRAŠ LEM.ORA.327 g;364682;Kraš;0,3270;kg;2,65;8,10;;;2,65;3850102523467;Hrana
HRANA ZA MAÈ.WHIS.DEL.GOV.85 g;364701;Whiskas;0,0850;kg;,89;10,47;;;0,89;5900951302572;Proizvodi za kuæanstvo
ÈIPS PRINGLES CLA.PAP.165 g;364702;Pringles;0,1650;kg;;10,85;1,79;1,99;2,99;5053990162413;Hrana
HRANA ZA MAÈ.WHIS.DEL.PIL.85 g;364703;Whiskas;0,0850;kg;,89;10,47;;;0,89;5900951302589;Proizvodi za kuæanstvo
HRANA ZA MAÈKE WHISK.GOVE.85 g;364705;Whiskas;0,0850;kg;,89;10,47;;;0,89;5900951301919;Proizvodi za kuæanstvo
HRANA ZA MAÈ.WHISK.LOSOS 85 g;364706;Whiskas;0,0850;kg;,89;10,47;;;0,89;5900951302046;Proizvodi za kuæanstvo
HRANA ZA MAÈKE WHISK.PILE.85 g;364707;Whiskas;0,0850;kg;,89;10,47;;;0,89;5900951302107;Proizvodi za kuæanstvo
HRA.ZA MAÈ.WHIS.TASTY MIX 85 g;364708;Whiskas;0,0850;kg;,89;10,47;;;0,89;4770608262419;Proizvodi za kuæanstvo
HRANA ZA MAÈKE WHISKAS 12X85 g;364710;Whiskas;1,0200;kg;7,79;7,64;;;8,69;4008429155987;Proizvodi za kuæanstvo
HRANA ZA MAÈKE WHISKAS 12X85 g;364718;Whiskas;1,0200;kg;7,79;7,64;;;8,69;4008429156052;Proizvodi za kuæanstvo
POSL.ZA PSE PEDI.ROD.DUO 123 g;364720;Pedigree;0,1230;kg;1,79;14,55;;;1,79;5998749144299;Proizvodi za kuæanstvo
KEKS ST.MICH.MADELEINES 150 g;364723;St Michel Biscuits;0,1500;kg;;13,27;1,99;2,59;2,59;3178530415735;Hrana
KEKS MINI MADEL.LIMUN 175 g;364726;St Michel Biscuits;0,1750;kg;;11,37;1,99;2,59;2,59;3178530428667;Hrana
ÈOKOLADA MLIJEÈNA KANDI 220 g;364729;Kandit;0,2200;kg;3,99;18,14;;;3,99;3856024803922;Hrana
KRASTAVCI DOORA DELIK.540 g;364739;Doora;0,2900;kg;2,39;8,24;;;2,39;3858894541669;Hrana
KRASTAVCI DOORA EXCLUS.540 g;364741;Doora;0,2900;kg;2,65;9,14;;;2,65;3858894541676;Hrana
ÈOKOLADA EUROCREM BLOK 80 g;364742;Eurocrem;0,0800;kg;1,09;13,63;;;1,09;3875000050310;Hrana
KRASTAVCI DOORA PIKANT 540 g;364744;Doora;0,2900;kg;2,89;9,97;;;2,89;3858894541683;Hrana
INS.KAVA NESCAFE CLA.200+20g;364748;Nescafe;0,2200;kg;10,99;49,95;;;9,99;7891000365779;Piæa
KEKS S.BUD COOK.TRI.ÈOK.200 g;364752;S-Budget;0,2000;kg;2,19;10,95;;;2,19;9100000975184;Hrana
ÈOK.USKR.FIG.MILLA.100 g;364784;Baron Company;0,1000;kg;2,99;29,90;;;0,99;5902581686503;Hrana
BRIJAÈ WILK. XTREME 3+1;364787;Wilkinson;4,0000;kom;5,39;1,35;;;5,39;4027800072248;Kozmetika
ROYAL BRAND MARASKA 1 L;364820;;1,0000;L;9,19;9,19;;;11,02;3850158201302;Piæa
ROYAL BRAND MARASKA 0,1 L;364821;;0,1000;L;1,69;16,90;;;1,69;3850158201340;Piæa
VODKA THREE SIXTY ORGINA.0,7 L;364822;;0,7000;L;;17,84;12,49;16,58;16,58;4007675400001;Piæa
SKENDERBEU V.S.O.P. 0,5 L;364823;;0,5000;L;27,89;55,78;;;26,99;5300000085041;Piæa
SALAMA DOMAÆA 400 g ZL.DOLINA;364846;ZL.DOLINA;0,4000;kg;6,99;17,48;;;6,29;3830073600763;Hrana
KOLAÈ ŠARENE OBLATNE 200 g;364870;;0,2000;kg;2,69;13,45;;;2,82;3859892892654;Hrana
PIVO ESTRELLA GALICIA LIM.0,5L;364923;;0,5000;L;1,52;3,04;;;1,52;8412598000775;Piæa
PIVO ESTRELLA GAL.BEZAL.0,33 L;364925;;0,3300;L;1,29;3,91;;;1,29;8412598004605;Piæa
PIVO ESTREL.GLUTEN FREE 0,33 L;364926;;0,3300;L;1,65;5,00;;;1,72;8412598005893;Piæa
PIVO ESTRELLA GAL.ESPEC.0,33 L;364927;;0,3300;L;1,48;4,48;;;1,48;8412598005831;Piæa
GEL.MEDIHELP DEZINFEKCI.300 ml;364935;MediHelp;0,3000;L;1,69;5,63;;;1,71;9100000973586;Kozmetika
Krakovi Humboldotovog lignjuna;364938;;1,0000;kg;10,99;10,99;;;10,59;93856024302282;Hrana
PILEÆI ZABATAK 500 g;364959;Perutnina;0,5000;kg;2,79;5,58;;;2,79;3850220115780;Hrana
ŠAMPON PANTENE REPAIR 250 ml;364966;Pantene;0,2500;l;3,49;13,96;;;3,99;8006540532089;Kozmetika
PRAL.MAGNAT CHERRY 40 g;365019;DUPIN;0,0400;kg;1,89;47,25;;;1,75;5904637004644;Hrana
PRAL.MAGNAT LJEŠNJ.40 g;365021;;0,0400;kg;1,89;47,25;;;1,75;5904637004651;Hrana
VODA VIT.CEDEVITA 0,5 L NAR-PA;365075;Cedevita;0,5000;L;1,19;2,38;;;1,12;3850322016220;Piæa
VODA VIT.CEDEVITA 0,5 L LIM-AN;365078;Cedevita;0,5000;L;1,19;2,38;;;1,12;3850322016183;Piæa
VODA VIT.CEDEVITA 0,5 L LIM-NA;365080;Cedevita;0,5000;L;1,19;2,38;;;1,12;3850322016206;Piæa
FONDANT SPAR BIJELI 250 g ;365083;SPAR;0,2500;kg;;6,92;1,73;2,49;2,49;9100000978505;Hrana
FONDANT SPAR PLAVI 250 g ;365085;SPAR;0,2500;kg;;6,92;1,73;2,49;2,49;9100000978482;Hrana
BIO KOKOSOVO ULJE N.P. 400 ml;365094;Natur pur;0,4000;L;3,99;9,98;;;3,49;3856021222948;Hrana
ŠTIPALJKE ZA RUBLJE 24/1;365119;;24,0000;kom;3,15;0,13;;;2,65;3859888899568;Proizvodi za kuæanstvo
JUHA OD LEÆE 620 g;365141;;0,6200;kg;2,79;4,50;;;2,79;8014190019867;Hrana
PINJOLI S-BUDGET 15 g;365151;S-Budget;0,0150;kg;0,89;59,33;;;0,89;8033954553508;Hrana
ODRESCI O´PLANT POVRÆE 400 g;365157;O´PLANT;0,4000;kg;3,39;8,48;;;3,39;3856020262020;Hrana
DET.VIO BADEM 450 ml ;365159;Èarli;0,4500;L;1,39;3,09;;;1,39;3870128034501;Sredstva za èišæenje
DET.VIO LIMUN&SODA BIKA.450 ml;365162;;0,4500;L;1,39;3,09;;;1,39;3870128034327;Sredstva za èišæenje
DET.VIO BADEM 900 ml ;365165;;0,9000;L;2,49;2,77;;;2,49;3870128034532;Sredstva za èišæenje
DET.VIO LIMUN&SODA BIKA.900 ml;365168;;0,9000;L;2,49;2,77;;;2,49;3870128034358;Sredstva za èišæenje
SRE.VIOLETA SYMPHONY 750 ml;365170;Violeta;0,7500;L;1,69;2,25;;;1,59;3870128033436;Sredstva za èišæenje
RIB.ŠTAP.100% PANI. LEDO 450 g;365180;Ledo;0,4500;kg;;8,87;3,99;4,99;4,99;3850116066547;Hrana
VINO DIKA CABERNET SAUV.0,75 L;365184;;0,7500;L;6,72;8,96;;;6,72;3859893924347;Piæa
PAN. RIB.100% FILET 240 g LEDO;365185;Ledo;0,2400;kg;;13,29;3,19;3,99;3,99;3850116058146;Hrana
VINO DIKA SINERGO BIJEL.0,75 L;365191;;0,7500;L;6,32;8,43;;;6,32;3859893924309;Piæa
VINO DIKA SINERGO CRNI 0,75 L;365192;;0,7500;L;6,32;8,43;;;6,32;3859893924323;Piæa
RIB. ŠTAP.100% PANI.300 g LEDO;365193;Ledo;0,3000;kg;;10,63;3,19;3,99;3,99;3850116066516;Hrana
BOM.DESPAR JELLY BEANS 150 g;365197;Despar;0,1500;kg;1,99;13,27;;;1,99;8001300741503;Hrana
BOM.DESPAR FILLED FRUIT 200 g;365200;Despar;0,2000;kg;1,79;8,95;;;1,79;8001300741527;Hrana
PAN. FISH NUGGETS LEDO 245 g;365201;Ledo;0,2450;kg;3,99;16,29;;;3,49;3850116066455;Hrana
MINI ROLL. SIR PIL. LEDO 500 g;365202;Ledo;0,5000;kg;4,69;9,38;;;4,79;3850116054063;Hrana
HELJ. I BROK. MJEŠ. LEDO 350 g;365209;Ledo;0,3500;kg;2,99;8,54;;;2,89;3850116057774;Hrana
BULG. I TIKV. MJEŠ. LEDO 350 g;365211;Ledo;0,3500;kg;2,99;8,54;;;2,89;3850116057743;Hrana
PJENUŠAC TODAY ROSE 0,75 L;365212;;0,7500;L;8,52;11,36;;;8,52;3859893924002;Piæa
BRANDY VECCHIA ROM.NERA 0,7 L;365216;Vecchia Romagna;0,7000;L;15,72;22,46;;;15,72;8000060100247;Piæa
TORTILLE ZANUY PŠEN.8/1 320 g;365221;;0,3200;kg;2,49;7,78;;;2,19;8411778600026;Hrana
TORTILLE ZANUY PŠEN.6/1 375 g;365222;;0,3750;kg;3,19;8,51;;;2,19;8411778600293;Hrana
VINO ORMOŽ SLA.MUŠKAT 0,75 L;365233;;0,7500;L;6,09;8,12;;;6,09;3830078701984;Piæa
RAKIJA TAKOVO VILJAMOVKA 0,7 L;365236;;0,7000;L;21,02;30,03;;;21,02;8601900102041;Piæa
OME.VIOLETA DOUBLE CARE 900 ml;365261;Violeta;0,9000;L;2,49;2,77;;;1,99;3870128017382;Sredstva za èišæenje
OME.VIOLETA GOLD 1,55 L;365262;Violeta;1,5500;L;3,55;2,29;;;3,19;3870128035294;Sredstva za èišæenje
OME.VIOLETA LAGOON 1,61 L;365263;Violeta;1,6100;L;3,55;2,20;;;3,19;3870128034563;Sredstva za èišæenje
OME.VIOLETA LUX 1,55 L;365264;Violeta;1,5500;L;3,55;2,29;;;3,19;3870128035324;Sredstva za èišæenje
OME.VIOLETA ORIGINAL 1,71 L;365266;Violeta;1,7100;L;3,55;2,08;;;3,19;3870128034594;Sredstva za èišæenje
OME.VIOLETA PARADISE 1,71 L;365267;Violeta;1,7100;L;3,55;2,08;;;3,19;3870128034655;Sredstva za èišæenje
OME.VIOLETA SENSITIVE 1,71L;365268;Violeta;1,7100;L;3,55;2,08;;;3,19;3870128034686;Sredstva za èišæenje
TAMPONI TOSAMA JASMIN NAT.16/1;365281;Tosama;16,0000;KOM;2,25;0,14;;;2,49;3838985899992;Toaletne potrepštine
NAPITAK VEGGIE RIŽA BIO 1 L;365283;SPAR Veggie;1,0000;L;2,29;2,29;;;2,29;9100000968810;Piæa
ÈOK.KINDER HAPPY MOM.161 g;365298;Ferrero;0,1610;kg;5,99;37,20;;;5,69;8000500389652;Hrana
LIZAL.LOLLIBONI EASTER 30 g ;365321;Ajax;0,0300;kg;0,74;24,67;;;0,29;5949093512760;Hrana
ZOB.PLOÈ.MA BAK. PEK.ORAH 90 g;365329;Ma Baker;0,0900;kg;1,79;19,89;;;1,79;5034444101202;Hrana
UMAK PAPRIKA DOYPA.THOMY 220 g;365330;;0,2200;kg;3,19;14,50;;;3,19;8445290588098;Hrana
SPUŽVA ABSORB 2/1,SPONTEX;365408;;2,0000;kom;2,49;1,25;;;2,49;9001378425076;Proizvodi za kuæanstvo
FLIPS SMOKI POPCORN MIX 90 g;365409;Smoki;0,0900;kg;1,42;15,78;;;1,27;8600939510667;Hrana
BOMBONI TIC TAC CITR. MIX 18 g;365416;Tic Tac;0,0180;kg;0,85;47,22;;;0,85;80883586;Hrana
SOK CA.-SUN MULTIVITAMIN 0,2 L;365418;Capri Sonne;0,2000;L;0,52;2,60;;;0,52;4000177407509;Piæa
SOK CAPRI-SUN NARANÈA 0,2 L;365419;Capri Sonne;0,2000;L;0,52;2,60;;;0,49;4000177407400;Piæa
SOK CAPRI-SUN MYS.DRAGON 0,2 L;365420;Capri Sonne;0,2000;L;0,49;2,45;;;0,52;4000177408100;Piæa
IZOTONIÈNO PIÆE HIDRA 0,33 L;365423;;0,3300;L;;2,58;,85;,99;1,02;3850131005934;Piæa
IZOTONIÈN.PIÆE HIDRA UP 0,33 L;365426;;0,3300;L;;2,58;,85;,99;1,02;3850131005910;Piæa
PIVO STAROPRAMEN BEZALKO.0,5 L;365429;Staropramen;0,5000;L;1,59;3,18;;;1,58;8600105005010;Piæa
ÈAJ AHMAD ZELENI 50g;365445;Ahmad;0,0500;KG;2,49;49,80;;;2,49;0054881005890;Piæa
ÈAJ AHMAD ENGLISH BREAKFAS.50g;365447;Ahmad;0,0500;KG;2,49;49,80;;;2,49;0054881005906;Piæa
ÈAJ AHMAD EARL GREY 50g;365448;Ahmad;0,0500;KG;2,49;49,80;;;2,49;0054881009690;Piæa
INS.KAVA NES.3u1 CREAMY LA.15g;365449;Nescafe;0,0150;KG;0,35;23,33;;;0,35;8445290099754;Piæa
KAP.DG.ESPRE.INTEN.DECAF 99,2g;365452;Nescafe;0,0992;KG;5,49;55,34;;;6,49;8445290352194;Piæa
CAPPUCC.ARABESCA HAZELNUT 200g;365453;Arabesca;0,2000;KG;2,59;12,95;;;2,59;3858886804161;Piæa
MINERALNA VODA JAMNICA 6x1,5 L;365457;Jamnica;9,0000;L;5,13;0,57;;;5,13;3858890879216;Piæa
INS.KAVA NES.SENS.CREM.190+30g;365460;Nescafe;0,2200;KG;8,49;38,59;;;11,39;8445290071026;Piæa
KREM.ZORINA M.LARDO HID  50 ml;365482;ZORINA MAST;0,0500;L;12,19;243,80;;;12,19;3859894008114;Kozmetika
MEXICO MIX BONDUELLE 300 g;365498;Bonduelle;0,2650;kg;1,99;7,51;;;1,99;3083681152333;Hrana
PUDING VAN. BURB. VEGART 180 g;365537;;0,1800;kg;1,29;7,17;;;1,29;5999073300368;Hrana
PUDING BEL. ÈOKO. VEGART 180 g;365538;;0,1800;kg;1,39;7,72;;;1,39;5999073300344;Hrana
 PLETENICA ÖLZ   400 g;365540;;0,4000;kg;3,99;9,98;;;3,99;9005300006036;Hrana
PROT.DRIN.ÈOKOL. ZOTT 250 ml ;365547;Zott;0,2500;L;1,39;5,56;;;1,39;4014500520032;Hrana
PROT.DRINK VANIL. ZOTT 250 ml;365549;Zott;0,2500;L;1,39;5,56;;;1,39;4014500520049;Hrana
ZOTTIS DRINK ÈOKOLADA 200 ml;365551;Zott;0,2000;L;0,79;3,95;;;0,79;4014500519920;Hrana
Sir Kolan Gligora ex.stari 1/8;365569;;1,0000;kg;28,99;28,99;;;28,99;;Hrana
Sir Žigljen Gligor.ex.star.1/8;365570;;1,0000;kg;28,99;28,99;;;28,99;3858891771410;Hrana
HRANA ZA PSE SCO.PER.POV.300 g;365571;Scotty;0,3000;kg;1,29;4,30;;;1,29;9100000983233;Proizvodi za kuæanstvo
VL.MAR.S BUDGET 3X80;365572;S-Budget;240,0000;kom;4,29;0,02;;;3,99;3856021223204;Sredstva za èišæenje
ÈOK.MILKA CHOCO MOUSSE 100 g;365573;Milka;0,1000;kg;;14,90;1,49;2,49;2,49;7622210999610;Hrana
VL.MAR.S BUDGET 80/1;365574;S-Budget;80,0000;kom;1,49;0,02;;;1,49;3856021223198;Sredstva za èišæenje
VL.MAR.S BUDGET ZA BEBE 3X80/1;365575;S-Budget;240,0000;kom;2,99;0,01;;;2,99;3856021223174;Toaletne potrepštine
VL.MAR.S BUDGET ZA BEBE 80/1;365576;S-Budget;80,0000;kom;1,09;0,01;;;1,15;3856021223167;Toaletne potrepštine
TOAL.PAP.S BUDGET VLAŽNI 60/1;365577;S-Budget;60,0000;kom;0,79;0,01;;;0,79;3856021223143;Toaletne potrepštine
KEKS SPAR KAKAO 176 g;365579;SPAR;0,1760;kg;1,49;8,47;;;1,49;8710671201355;Hrana
MARAMICE PALOMA CLASSIC.10/1;365610;Paloma;10,0000;kom;1,79;0,18;;;2,15;3838952001991;Toaletne potrepštine
NARANÈA 3 kg;365622;;3,0000;kg;3,49;1,16;;;3,49;8437022068176;Hrana
KRUH PRIMORSKI PAKIRANI 500 g;365626;;0,5000;kg;1,29;2,58;;;1,95;3858889899973;Hrana
BOMBONI CEDEVITA MIX 60 g;365636;Cedevita;0,0600;kg;1,69;28,17;;;1,69;3850322016442;Hrana
BOMBONI CEDEVITA NARANÈA 60 g;365641;Cedevita;0,0600;kg;1,69;28,17;;;1,69;3850322016428;Hrana
BOM.CEDEVITA ŠUM.VOÆE 18 g;365643;Cedevita;0,0180;kg;0,79;43,89;;;0,69;38506246;Hrana
TJESTENI.PLJUKANCI KARLA 350 g;365672;;0,3500;kg;1,99;5,69;;;1,89;3858881509276;Hrana
TJESTENINA ŠURLICE KARLA 350 g;365675;;0,3500;kg;1,99;5,69;;;1,89;3858881509139;Hrana
TJEST.PLJUK.ŠPINAT KARLA 250 g;365676;;0,2500;kg;1,99;7,96;;;1,99;3858881509146;Hrana
TJEST.PLJUK.ORIJEN.KARLA 250 g;365678;;0,2500;kg;1,99;7,96;;;1,99;3858881509177;Hrana
KRUH FIT 420 g;365688;;0,4200;kg;1,79;4,26;;;1,49;3856028400967;Hrana
VINO TIKVEŠ VRANEC LM.0,75 L;365692;Tikves;0,7500;L;;7,99;5,99;10,79;10,82;5310008005033;Piæa
NAMAZ MARGO NOVA 225 g;365704;Zvijezda;0,2250;kg;1,29;5,73;;;1,19;3856015327284;Hrana
NAMAZ MARGO  NOVA 400 g ;365708;Zvijezda;0,4000;kg;2,19;5,48;;;1,99;3856015327253;Hrana
TABL.JAR PLATINUM LEMON 90/1;365718;Jar;90,0000;kom;29,99;0,33;;;29,99;8006540750469;Sredstva za èišæenje
TABL.JAR PLATINUM PLUS 75/1;365719;Jar;75,0000;kom;29,99;0,40;;;29,99;8006540751626;Sredstva za èišæenje
INS.KAVA NESCAFE GOLD CR.190 g;365731;Nescafe;0,1900;KG;14,49;76,26;;;13,49;8445290503565;Piæa
OME.LENOR EUCALYPTUS 925 ml;365734;Lenor;0,9250;l;3,99;4,31;;;3,49;8006540890455;Sredstva za èišæenje
GIN TONIC G&J 0,25 L;365744;;0,2500;L;2,02;8,08;;;2,02;3870025004188;Piæa
KAVA AMERICANO NESCAFE 250 ml;365747;Nescafe;0,2500;L;1,99;7,96;;;1,99;8445290619167;Piæa
OME.LENOR ORCHID 925 ml;365750;Lenor;0,9250;l;3,99;4,31;;;3,49;8006540901779;Sredstva za èišæenje
OME.LENOR FLORA.BOUQUET 925 ml;365752;Lenor;0,9250;l;3,99;4,31;;;3,49;8006540889749;Sredstva za èišæenje
KAVA LATTE CARAMEL NESC.250 ml;365753;Nescafe;0,2500;L;1,99;7,96;;;1,99;8445290619051;Piæa
OME.LENOR OCEAN 925 ml;365756;Lenor;0,9250;l;3,99;4,31;;;3,49;8006540909348;Sredstva za èišæenje
KAVA CAPPUCCINO NESCAFE 250 ml;365762;Nescafe;0,2500;L;1,99;7,96;;;1,99;8445290618498;Piæa
OME.LENOR P.BLOOSNOM 462 ml;365763;Lenor;0,4620;l;4,89;10,58;;;3,49;8006540863145;Sredstva za èišæenje
OME.LENOR FRESH WIND 462 ml;365766;Lenor;0,4620;l;3,99;8,64;;;3,49;8006540863183;Sredstva za èišæenje
PIVO VARIONICA PALE ALE 0,5 L;365767;;0,5000;L;2,52;5,04;;;2,52;3859893139499;Piæa
KAVA LATTE NESCAFE 250 ml;365768;Nescafe;0,2500;L;1,99;7,96;;;1,99;8445290619198;Piæa
ÈAJNA KOBASICA VERO 100 g;365769;Vero;0,1000;kg;1,82;18,20;;;1,82;3858892090237;Hrana
OME.LENOR TROPIC.SUNSET 462 ml;365770;Lenor;0,4620;l;4,89;10,58;;;3,49;8001090907127;Sredstva za èišæenje
PIVO VARIONICA SIES.SESS.0,5 L;365771;;0,5000;L;2,52;5,04;;;2,52;3859893139505;Piæa
KULEN TRADICIONALNI VERO 100 g;365773;Vero;0,1000;kg;2,09;20,90;;;2,29;3858892094266;Hrana
PIVO VARIONICA NEON STOU.0,5 L;365775;;0,5000;L;2,52;5,04;;;2,52;3859893139529;Piæa
KULENOVA SEKA VERO 100 g;365776;Vero;0,1000;kg;1,99;19,90;;;1,99;3858892092996;Hrana
PIVO VARIONICA DE.DI.IPA 0,5 L;365778;;0,5000;L;2,72;5,44;;;2,72;3859893139512;Piæa
SOK HAPPY DAY NARANÈA 0,33 L;365783;Happy Day;0,3300;L;1,49;4,52;;;1,39;9008700231657;Piæa
SOK HAPPY DAY JABUKA 0,33 L;365785;Happy Day;0,3300;L;1,49;4,52;;;1,39;9008700231633;Piæa
TONIK FEVER TREE GING.BE.0,5 L;365791;;0,5000;L;;6,98;3,49;4,09;4,09;5060108450447;Piæa
DET.WEISSER RIESE UNIVE.2,25 L;365816;Weisser Riese;2,2500;l;9,99;4,44;;;12,99;9000101564365;Sredstva za èišæenje
DET.WEISSER RIESE L.MAC.2,25 L;365817;Weisser Riese;2,2500;l;9,99;4,44;;;12,99;9000101563573;Sredstva za èišæenje
KULEN VERO 100 g;365820;Vero;0,1000;kg;1,99;19,90;;;1,99;3858892090299;Hrana
TJEST.SPAR MAKKARONI 500 g;365832;SPAR;0,5000;kg;2,29;4,58;;;2,29;9100000981888;Hrana
FONDANT SPAR ZLATNI 250 g ;365840;SPAR;0,2500;kg;;6,92;1,73;2,49;2,49;9100000978543;Hrana
TJESTENIN.MARODI TARHANA 400 g;365850;;0,4000;kg;1,99;4,98;;;2,25;3859893944260;Hrana
Dagnja  HR;365871;;1,0000;kg;4,49;4,49;;;3,59;;Hrana
DET.PERSIL REGULAR 1,98 L;365887;Persil;1,9800;l;14,75;7,45;;;9,99;9000101574241;Sredstva za èišæenje
HRANA ZA PSE KING PERAD 1240 g;365914;King;1,2400;kg;1,89;1,52;;;1,89;5999563942085;Proizvodi za kuæanstvo
HRANA ZA PSE KING GOVED.1240 g;365915;King;1,2400;kg;1,89;1,52;;;1,89;5999563942078;Proizvodi za kuæanstvo
HRANA ZA MAÈKE KING PER.415 g;365916;King;0,4150;kg;0,99;2,39;;;0,99;5999563942351;Proizvodi za kuæanstvo
HRANA ZA MAÈKE KING GOVE.415 g;365917;King;0,4150;kg;0,99;2,39;;;0,99;5999563942092;Proizvodi za kuæanstvo
INST.KAVA NESC.GOLD CREMA 95 g;365957;Nescafe;0,0950;KG;7,99;84,11;;;7,49;8445290502353;Piæa
INSTANT KAVA NESCAFE GOLD 95 g;365958;;0,0950;KG;7,99;84,11;;;7,49;8445290492722;Piæa
TAB.SOMAT EXCELLENCE 28/1;365968;Somat;28,0000;kom;8,99;0,32;;;14,99;9000101576139;Sredstva za èišæenje
VINO GRAŠEVINA LINIJA 0,75 L;366001;;0,7500;L;4,02;5,36;;;3,69;3859889132244;Piæa
LIKER AVELLANA LJEŠNJAK 0,2 L;366007;;0,2000;L;6,52;32,60;;;6,52;3859889132466;Piæa
LIKER BOGATI VIŠNJEVAC 0,2 L;366011;;0,2000;L;6,52;32,60;;;6,52;3859889132077;Piæa
PJENA GILLETTE SOOTHING 200 ml;366030;Gillette;0,2000;l;2,49;12,45;;;2,39;8001090870926;Kozmetika
SLAD.QUATT. NOSTALGIJA 1650 ml;366044;Ledo;1,6500;L;7,49;4,54;;;7,49;3850116058719;Hrana
SLAD.HARMONY KING LEDO 90 ml;366045;Ledo;0,9000;L;2,79;3,10;;;2,79;3850116056951;Hrana
ŠAMPON OLIVAL PISKAVICA 250 ml;366048;Olival;0,2500;L;6,69;26,76;;;6,09;3858892694565;Kozmetika
SLAD.KING HARMONY LEDO 3x90 ml;366049;Ledo;0,2700;L;6,99;25,89;;;6,99;3850116056982;Hrana
SLADOLED BANANKO ŠTAPIÆ 85 ml;366053;Ledo;0,8500;L;1,49;1,75;;;1,49;3850116057101;Hrana
SLAD. MACHO ÈOK. NARANÈA 75 ml;366054;Ledo;0,7500;L;1,99;2,65;;;1,99;3850116056715;Hrana
SLADOLED MACHO SENDVIÈ 129 ml;366056;Ledo;0,1290;L;1,99;15,43;;;1,99;3850116056685;Hrana
SLAD.KORNET MALINA COTT.120 ml;366059;Ledo;0,1200;L;1,79;14,92;;;1,79;3850116057019;Hrana
SLAD.KORNET PLAZMA CRE. 120 ml;366063;Ledo;0,1200;L;1,99;16,58;;;1,99;3850116056777;Hrana
SLADOLED NJOFRA 6x65 ml;366068;Ledo;0,3900;L;5,99;15,36;;;5,99;3850116056869;Hrana
SP RUKAVICE JEDNOKR.50/1 S/M;366079;Splendid;1,0000;kom;3,99;3,99;;;3,99;9100000975313;Proizvodi za kuæanstvo
SP RUKAVICE JEDNOKR.50/1 M/L;366081;Splendid;1,0000;kom;3,99;3,99;;;3,99;9100000975337;Proizvodi za kuæanstvo
SLAD.MONTE COOKI.ŠTAPIÆ 100 ml;366087;Zott;0,1000;L;2,29;22,90;;;2,29;4014500519906;Hrana
SLAD.MONTE ŠTAPIÆ 4x85 ml;366093;Zott;0,3400;L;5,49;16,15;;;4,99;4014500519814;Hrana
RAŠTIKA 500 g;366094;;0,5000;kg;2,49;4,98;;;2,29;3859892765002;Hrana
SLAD.MONTE KORNET 4x120 ml;366095;Zott;0,4800;L;7,49;15,60;;;6,59;4014500519821;Hrana
SLAD.OREO KORNET BALL 100 ml;366099;Oreo;0,1000;L;2,39;23,90;;;1,99;8606018616138;Hrana
SLADOLED MILKA KORNET 100 ml;366100;Milka;0,1000;L;2,39;23,90;;;2,39;8606018616220;Hrana
SLADOLED OREO ŠTAPIÆ 90 ml;366109;Oreo;0,0900;L;2,35;26,11;;;2,35;8436575298733;Hrana
PJEN.JP.CHENET FASHI.PE.0,75 L;366110;JP Chenet;0,7500;L;4,99;6,65;;;6,29;3500610057144;Piæa
PJ.JP CHENET FASHION PEC.0,2 L;366116;JP Chenet;0,2000;L;3,19;15,95;;;3,19;3500610052774;Piæa
PJ.JP CHENET FASHION CA.0,75 L;366117;JP Chenet;0,7500;L;6,29;8,39;;;6,29;3500610057137;Piæa
PJ.JP CHENET FASHION CAS.0,2 L;366118;JP Chenet;0,2000;L;3,19;15,95;;;3,19;3500610052767;Piæa
PJ.JP CHENET FASHION STR.0,2 L;366119;JP Chenet;0,2000;L;3,19;15,95;;;3,19;3500610174872;Piæa
PJ.JP CHENET ICE ROSE 0,2 L;366120;JP Chenet;0,2000;L;3,02;15,10;;;3,02;3500610096655;Piæa
PJENUŠAC JP CHENET ICE 0,2 L;366121;JP Chenet;0,2000;L;3,02;15,10;;;3,02;3500610096662;Piæa
NEKTAR GRANINI PINK GREJP 1 L;366122;Granini;1,0000;L;2,49;2,49;;;2,68;3503780001009;Piæa
NEKTAR GRANINI BANANA 1 L;366123;Granini;1,0000;L;2,49;2,49;;;2,68;3503780002174;Piæa
NEKTAR FRUCTAL AR.JAB.GROŽ.1 L;366125;Fructal;1,0000;L;2,39;2,39;;;2,29;3838945041317;Piæa
GAZIRANO PIÆE PEPSI MAX 1,5 L;366128;Pepsi;1,5000;L;1,79;1,19;;;1,79;3830065020340;Piæa
GAZ.PIÆE PEPSI MAX LIMET.1,5 L;366129;Pepsi;1,5000;L;1,79;1,19;;;1,79;3830065021118;Piæa
PIVO KAJ-EL APA 0,5 L;366133;;0,5000;L;2,15;4,30;;;2,22;3859893292897;Piæa
PIVO TO JE VUK S-IPA 0,5 L;366134;;0,5000;L;2,15;4,30;;;2,22;3859894040206;Piæa
PIVO XO IPA 0,5 L;366136;;0,5000;L;2,45;4,90;;;2,52;3859894040091;Piæa
ÈIPS CRUNCHIPS PEÈ.REBR.120 g;366145;Crunchips;0,1200;kg;1,99;16,58;;;2,25;4018077005510;Hrana
VAFEL FRONDI NOUG.KRAŠ 250 g;366147;Kraš;0,2500;kg;1,99;7,96;;;1,99;3850102002221;Hrana
VAFEL FRONDI KAKAO KRAŠ 250 g;366148;Kraš;0,2500;kg;1,99;7,96;;;1,99;3850102002245;Hrana
ODRESCI O´PLANT SOJA 400 g;366177;O´PLANT;0,4000;kg;2,69;6,73;;;2,69;3856020261962;Hrana
ZAÈIN MIX ZA GIN AGRISTAR 78 g;366212;;0,0780;KG;;128,08;9,99;13,39;13,39;3858886502784;Piæa
DOD.JELIMA MAGGI MILANESE 45 g;366225;Maggi;0,0450;kg;1,49;33,11;;;1,69;7613287338747;Hrana
NAP.PROTEIN NOUGA.Z BREG.0,5 L;366226;Z Bregov;0,5000;L;2,49;4,98;;;2,49;3850108023633;Hrana
ÈOKOLINO DARK PODRAVKA 350 g;366237;Èokolino;0,3500;kg;5,99;17,11;;;5,59;3856020262815;Hrana
KOMPOT S-BUDGET BRESKVA 820 g;366239;S-Budget;0,4700;kg;2,29;4,87;;;2,99;9100000986807;Hrana
DET.FAKS COLOR 1,8 L;366241;Faks;1,8000;l;13,49;7,49;;;13,49;3850105177933;Sredstva za èišæenje
DET.FAKS WHITE&COLOR 1,8 L;366242;Faks;1,8000;l;9,99;5,55;;;13,49;3850105177964;Sredstva za èišæenje
SPAR VEGGIE VEGA. MUFFIN 360 g;366268;SPAR Veggie;0,3600;kg;3,29;9,14;;;3,32;9100000983752;Hrana
JU.KREM BEGOVA ÈORBA PODR.60 g;366269;Podravka;0,0600;kg;1,39;23,17;;;1,39;3850104036637;Hrana
ZAÈ.VEG.GRILL PIKAN.PILET.30 g;366270;Podravka;0,0300;kg;1,19;39,67;;;1,19;3850104277221;Hrana
ZAÈIN VEGETA GRILL POVRÆE 30 g;366271;Podravka;0,0300;kg;1,19;39,67;;;1,19;3856020247461;Hrana
VAFEL FRONDI LIMUN KRAŠ 250 g;366301;Kraš;0,2500;kg;1,99;7,96;;;1,99;3850102002283;Hrana
SIR KOZJI GRÈ. BIO NP 150 g;366302;SPAR Natur*pur;0,1500;kg;2,99;19,93;;;2,99;9100000039381;Hrana
VAFEL FRON.VANILIJA KRAŠ 250 g;366310;Kraš;0,2500;kg;1,99;7,96;;;1,99;3850102002269;Hrana
VAFEL LASTA LJEŠNJAK 200 g;366322;Lasta;0,2000;kg;2,39;11,95;;;2,39;3870128030060;Hrana
VAFEL LASTA BIJELA ÈOKO.200 g;366328;Lasta;0,2000;kg;2,39;11,95;;;2,39;3870128032071;Hrana
KETCHUP PODRAVKA PIZZA 500 g;366330;Podravka;0,5000;kg;1,99;3,98;;;1,99;3850104268939;Hrana
BAGUETTE RUSTIKAL MEGGLE 160 g;366331;;0,1600;kg;1,69;10,56;;;1,59;4034900032331;Hrana
ŠTRUDLE LASTA ÈOKO 250 g;366335;Lasta;0,2500;kg;2,39;9,56;;;2,39;3870128029965;Hrana
ŠTRUDLE LASTA SMOKVA 250 g;366337;Lasta;0,2500;kg;2,39;9,56;;;2,39;3870128029941;Hrana
INSTA.KAVA BARCAFFE GOLD 200 g;366353;Barcaffe;0,2000;KG;11,99;59,95;;;10,99;3838471049665;Piæa
INST.KAVA BARCAFFE CREMA 180 g;366356;Barcaffe;0,1800;KG;9,99;55,50;;;8,49;3838471049689;Piæa
VEGANGURT PlantOn KOK.NA.150 g;366358;;0,1500;kg;1,59;10,60;;;1,59;5901104006262;Hrana
PIVO KARLOVAÈKO LED.LIM. 0,5 L;366365;Karlovacko;0,5000;L;1,52;3,04;;;1,32;3850103902520;Piæa
PIVO HEINEKEN SILVER 0,5 L;366367;Heineken;0,5000;L;1,79;3,58;;;1,52;3850103902452;Piæa
PIVO HEINEKEN SILVER 4X0,33 L;366368;Heineken;1,3200;L;4,71;3,57;;;4,11;3850103902483;Piæa
BIO SOK NARANÈA MANGO 1 L;366369;Natur pur;1,0000;L;3,29;3,29;;;3,29;9100000982977;Piæa
BIO SOK MULTIVITAMIN 1 L;366370;Natur pur;1,0000;L;3,59;3,59;;;3,59;9100000982991;Piæa
ZAÈIN MJEŠ.POVRÆE KOTANYI 35 g;366375;Kotanyi;0,0350;kg;1,19;34,00;;;1,39;9001414237175;Hrana
ZAÈ.MJ.ÆEVAPÈIÆI KOTANYI 25 g;366377;Kotanyi;0,0250;kg;1,19;47,60;;;1,39;9001414237182;Hrana
ZAÈ.MJEŠ.KRUMPIR KOTANYI 30 g;366380;Kotanyi;0,0300;kg;1,19;39,67;;;1,39;9001414237205;Hrana
ZAÈ.MJEŠ.VARIVO KOTANYI 26 g;366382;Kotanyi;0,0260;kg;1,19;45,77;;;1,39;9001414037300;Hrana
ZAÈ.MJEŠ.PILETINA KOTANYI 40 g;366383;Kotanyi;0,0400;kg;1,19;29,75;;;1,39;9001414237212;Hrana
ZAÈ.MJ.SVINJETINA KOTANYI 30 g;366384;Kotanyi;0,0300;kg;1,19;39,67;;;1,39;9001414237236;Hrana
ZAÈIN MJEŠ.KOTLET KOTANYI 35 g;366385;Kotanyi;0,0350;kg;1,19;34,00;;;1,39;9001414237243;Hrana
PLJUKANCI SVJEŽI AURELIA 250 g;366387;;0,2500;kg;2,19;8,76;;;2,09;3859893533341;Hrana
ZAÈIN MJEŠ.GRILL KOTANYI 40 g;366389;Kotanyi;0,0400;kg;1,19;29,75;;;1,39;9001414237229;Hrana
MAR.VL.VIOLETA FRESH 18/1;366400;Violeta;18,0000;kom;0,59;0,03;;;0,80;3870128003972;Toaletne potrepštine
INS.KAVA BARCAFFE CLAS. 200 g;366402;Barcaffe;0,2000;kg;8,19;40,95;;;7,59;3838471049474;Piæa
PROT.MLI.NAP.BJ.ÈOKO.MAL.0,5 L;366410;;0,5000;L;2,52;5,04;;;2,52;3850108023732;Hrana
ÈAJ NATURAVITA DETOX 30 g;366413;Atlantic Trade;0,0300;kg;2,49;83,00;;;2,19;3858884092119;Piæa
ÈAJ NATURAVI.STRESS FREE 30 g;366417;Atlantic Trade;0,0300;kg;2,64;88,00;;;2,64;3858884092249;Piæa
Zubatac ;366420;;1,0000;kg;24,99;24,99;;;26,99;3858893580157;Hrana
PIÆE LOTTE ALOE VERA JA.0,24 L;366425;;0,2400;L;1,02;4,25;;;1,02;8801056094034;Piæa
PIÆE LOTTE AL.VE.BEZ ŠEÆ.0,5 L;366426;;0,5000;L;1,78;3,56;;;1,78;8801056094409;Piæa
PIÆE LOTTE AL.VE.NATURA.0,24 L;366427;;0,2400;L;1,02;4,25;;;1,02;8801056231774;Piæa
PIÆE LOTTE AL.VE.GROŽÐE.0,24 L;366428;;0,2400;L;1,02;4,25;;;1,02;8801056038281;Piæa
NJOKI RANA 400 g;366435;Rana;0,4000;kg;2,19;5,48;;;2,19;8001665724036;Hrana
PUDING PROTEIN KARAMELA 180 g;366438;Vindija;0,1800;kg;;5,50;0,99;1,29;1,35;3850108040890;Hrana
DESERT DAR ÈOKOLADA 4X125 g;366441;Vindija;0,5000;kg;2,49;4,98;;;2,49;3850108028102;Hrana
DESERT DAR VANILIJA 4X125 g;366444;Vindija;0,5000;kg;2,49;4,98;;;2,49;3850108028119;Hrana
DAR V.GURT BOR.CRNI RIB.330 g ;366449;Vindija;0,3300;kg;1,59;4,82;;;1,59;3850108028218;Hrana
DAR V.GURT MANGO 330 g;366450;Vindija;0,3300;kg;1,59;4,82;;;1,59;3850108028201;Hrana
PERECI ÈOK.MILK MCVITIES 90 g;366451;Mc Vitie's;0,0900;kg;2,39;26,56;;;2,49;5000396053456;Hrana
PERECI COOKIES MCVITIES 90 g;366453;Mc Vitie's;0,0900;kg;2,39;26,56;;;2,49;5000168025902;Hrana
NAPITAK DAR ZOB BARISTA 1 L;366466;DAR;1,0000;l;2,99;2,99;;;2,99;3850108028041;Piæa
NAPITAK BOOM BOX VANILIJA 1 L ;366472;Boom Box;1,0000;l;3,49;3,49;;;3,29;3856027800225;Piæa
NAPIT.BOOM BOX ZOB.VANI.500 ml;366475;Boom Box;0,5000;l;2,09;4,18;;;1,99;3856027800249;Piæa
KRUH TRAJNI INTEGRA. BIO 400 g;366497;;0,4000;kg;1,79;4,48;;;1,85;8005221301327;Hrana
LOSION NIVEA SUN ZF30 400ml;366528;Nivea;0,4000;L;19,99;49,98;;;19,99;9005800264110;Kozmetika
ŽITNA KAŠICA RIŽOL.KOMOR.150 g;366534;Lino;0,1500;kg;2,59;17,27;;;2,59;3856020262761;Hrana
HRANA ZA PSE ONE MINI 800 g;366549;One;0,8000;kg;5,59;6,99;;;5,59;7613287640079;Proizvodi za kuæanstvo
HRANA ZA PSE ONE PUR.RIŽ.800 g;366551;One;0,8000;kg;5,59;6,99;;;5,59;7613034146762;Proizvodi za kuæanstvo
POSL.ZA PSE VITA NATURA.2X11 g;366552;Vitakraft;0,0220;kg;1,19;54,09;;;1,19;4008239589217;Proizvodi za kuæanstvo
BOCA PUTNA ZA PSE 500 ml;366553;Vitakraft;0,5000;kom;4,99;9,98;;;4,99;8007229365875;Proizvodi za kuæanstvo
Nilski ostriž file;366554;;1,0000;kg;15,99;15,99;;;13,99;93856024300233;Hrana
HRANA ZA MAÈ.POESIE PET.6X50 g;366555;Vitakraft;0,3000;kg;3,99;13,30;;;3,99;4008239594112;Proizvodi za kuæanstvo
KRANJSKA KOBASICA 300 g GAVR.;366556;Gavrilovic;0,3000;kg;4,09;13,63;;;4,09;3858892724910;Hrana
PAPRIKA DOORA REZANA 540 g;366563;Doora;0,2800;kg;2,79;9,96;;;2,79;3858894541706;Hrana
TUNA FJK MASL.ULJE 2X60 g;366568;Franz Jozef Kaiser;0,1040;kg;;21,44;2,23;2,79;2,79;8595241528670;Hrana
SLAD.GRUVI KIKIRIKI 4x75 ml;366569;;0,3000;L;;14,97;4,49;5,99;5,99;8005840020784;Hrana
PATE RIO MARE TUNA MRKVA 100 g;366573;Rio Mare;0,1000;kg;;19,90;1,99;3,59;3,69;8004030538061;Hrana
Sir Gouda Mühlenhof cca.3 kg;366688;Vlastite potrebe;1,0000;kg;6,49;6,49;;;6,29;4000436412145;Hrana
BOM.CEDEVITA NARANÈA 18 g;366745;Cedevita;0,0180;kg;0,79;43,89;;;0,69;38506222;Hrana
BOM.CEDEVITA LIMUN 18 g;366749;Cedevita;0,0180;kg;0,79;43,89;;;0,69;38506239;Hrana
ÈIPS RED PAPRIKA CHIO 200 g;366754;Chio;0,2000;kg;2,49;12,45;;;2,99;3856021305726;Hrana
KEKS DOMAÆICA VIŠE ŽITAR.275 g;366758;Domaèica;0,2750;kg;3,49;12,69;;;2,49;3850102006830;Hrana
SIR MINI BABYBEL 60 g (3x20 g);366759;Babybel;0,0600;kg;1,89;31,50;;;1,89;3073781179712;Hrana
JUNEÆI ÆEVAPÈIÆI 480 g;366762;;0,4800;kg;6,79;14,15;;;6,39;3850139522471;Hrana
BILJNI PRIPRAVAK HOLE  500 ml;366776;Hole;0,5000;L;2,19;4,38;;;2,09;8007990002344;Hrana
SIR BIJELI KOCK.APETINA 410 g;366781;;0,2000;kg;3,99;19,95;;;3,99;5711953182648;Hrana
KOMPOT SPAR ANANAS 565 g;366798;SPAR;0,3400;kg;2,59;7,62;;;2,99;9100000982342;Hrana
EDAMAME NATUR PUR 200 g;366799;SPAR Natur*pur;0,1300;kg;1,99;15,31;;;1,99;9100000975221;Hrana
ÈOK.CASALI BAN.DOUBLE CH.300 g;366810;Casali;0,3000;kg;5,29;17,63;;;4,59;9000332812167;Hrana
INST.KAVA NESCAFE GOLD 190 g;366812;Nescafe;0,1900;kg;14,49;76,26;;;13,49;8445290491275;Piæa
INSTANT KAVA NESCAF.CREMA 95 g;366830;Nescafe;0,0950;kg;6,99;73,58;;;6,39;8445290699862;Piæa
JUHA MAGGI BISTRA PILEÆA 50 g;366842;Maggi;0,0500;kg;1,09;21,80;;;1,09;3858890171686;Hrana
DEO SPRAY MELEM MARULA 150 ml;366845;Melem;0,1500;l;2,99;19,93;;;3,99;3856007910333;Kozmetika
LABELLO HYALURON MOIS. 5,2 g;366864;Nivea;1,0000;kom;3,99;3,99;;;3,99;4005900994509;Kozmetika
LABELLO HYALURON MOIS. 5,2 g;366865;Nivea;1,0000;kom;3,99;3,99;;;3,99;9005800365190;Kozmetika
Filipinska kuæica;366904;;1,0000;kg;24,99;24,99;;;21,99;;Hrana
DEO SPRAY ISANA INVISI. 150 ml;366938;ISANA;0,1500;l;1,49;9,93;;;1,49;4305615623221;Kozmetika
DEO SPRAY ISANA SOFT 150 ml;366941;ISANA;0,1500;L;1,49;9,93;;;1,49;4305615610481;Kozmetika
DEO SPRAY ISANA SENSIT. 150 ml;366943;ISANA;0,1500;l;1,49;9,93;;;1,49;4305615610450;Kozmetika
DEO SPRAY ISANA MEN FR.150 ml ;366944;ISANA;0,1500;l;1,49;9,93;;;1,49;4305615614137;Kozmetika
DEO SPRAY ISANA MEN ACT.150 ml;366945;ISANA;0,1500;l;1,49;9,93;;;1,49;4305615633336;Kozmetika
KUPKA ISANA MAKADAMIJA 500 ml;366946;ISANA;0,5000;l;2,29;4,58;;;2,29;4305615621661;Kozmetika
KREMA ISANA KAKAO&SHEA 500 ml;366955;ISANA;0,5000;l;2,99;5,98;;;2,99;4305615620442;Kozmetika
KAPSULE DASH AMBER 31/1;366956;Dash;31,0000;kom;12,99;0,42;;;19,49;8006540991619;Sredstva za èišæenje
MARGARIN S BUDGET 250 g;366958;S-BUDGET;0,2500;kg;0,70;2,80;;;0,79;3856021223433;Hrana
KREMA ISANA UREA 100 ml;366959;ISANA;0,1000;l;1,10;11,00;;;1,39;4305615609997;Kozmetika
ŠAMPON ISANA ARGAN 250 ml;366963;ISANA;0,2500;l;2,49;9,96;;;2,49;4305615624877;Kozmetika
KREMA BIOBAZA MEN 100 ml;366971;Biobaza;0,1000;L;5,30;53,00;;;5,30;3856020911614;Kozmetika
PERECI OD LISNAT.TIJESTA 300 g;366975;;0,3000;kg;5,29;17,63;;;5,29;9005300010361;Hrana
VINO AMARONE DELL VALP. 0,75 L;366978;;0,7500;L;38,22;50,96;;;38,22;5750000103663;Piæa
KREMA COREGA MAX  40 g;366980;Corega;1,0000;kom;7,69;7,69;;;7,89;5054563129390;Kozmetika
DŽEM DIDA BOŽA JAFFA EKO 240 g;367044;Dida Boza;0,2400;kg;4,19;17,46;;;3,69;3859893011955;Hrana
NAMAZ LINO LADA CREAMY 350 g;367060;Podravka;0,3500;kg;3,29;9,40;;;3,99;3856020265366;Hrana
NAMAZ LINO LADA CREAMY 700 g;367062;Podravka;0,7000;kg;6,59;9,41;;;6,39;3856020265335;Hrana
VIŠNJA BEZ KOŠTICE HLAD 400 g;367067;;0,4000;kg;3,99;9,98;;;2,29;3858894110865;Hrana
TEQUILA JOSE Q.SILVER 0,7 L;367106;;0,7000;L;20,59;29,41;;;20,59;7501035011311;Piæa
RUM PAMPERO ANIVERSARIO 0,7 L;367107;;0,7000;L;31,88;45,54;;;31,88;8028286000325;Piæa
WHISKEY JW BLONDE 0,7 L;367108;Johnnie Walker;0,7000;L;20,49;29,27;;;20,49;5000267190525;Piæa
LIKER JAGERMEISTER 0,5 L;367109;Jägermeister;0,5000;L;12,49;24,98;;;12,49;4067700018113;Piæa
INSTA.KAVA NESCAFE CREMA 190 g;367110;Nestle;0,1900;KG;12,59;66,26;;;11,39;8445290699787;Piæa
KAVOVINA FRANCK CIKORIJA 250 g;367113;Franck;0,2500;KG;2,79;11,16;;;2,79;3850291054087;Piæa
UMAK BBQ CLASSIC PODRA.345 g;367125;Podravka;0,3450;kg;2,99;8,67;;;2,99;3856020264321;Hrana
UMAK BBQ SPICY HOT PODRA.345 g;367126;Podravka;0,3450;kg;2,99;8,67;;;2,99;3856020264352;Hrana
UMAK BBQ JALAPENO PODRA.345 g;367127;Podravka;0,3450;kg;2,99;8,67;;;2,99;3856020264383;Hrana
UMAK BBQ MED PODRAVKA 345 g;367130;Podravka;0,3450;kg;2,99;8,67;;;2,99;3856020264413;Hrana
OMEKŠ.LENOR ORCHID 2x925ml;367140;Lenor;1,8500;l;5,99;3,24;;;6,79;8006540922859;Sredstva za èišæenje
OMEKŠ.LENOR COTT.FR.2x925ml;367142;Lenor;1,8500;l;6,79;3,67;;;6,79;8006540890189;Sredstva za èišæenje
OME.LENOR S.AWAKENING 2X1230ML;367143;Lenor;2,4600;l;6,79;2,76;;;6,79;8006540923023;Sredstva za èišæenje
ŠAMPON ISANA MEN FRESH 300 ml;367151;ISANA;0,3000;L;1,39;4,63;;;1,39;4305615633398;Kozmetika
ŠAMPON ISANA KAMILICA 300 ml;367153;ISANA;0,3000;L;1,39;4,63;;;1,39;4305615566122;Kozmetika
ŠAMPON ISANA MENTA 300 ml;367155;ISANA;0,3000;L;1,39;4,63;;;1,39;4305615566146;Kozmetika
GRANOLA CLASSIC KELLOGGS 380 g;367156;Kelloggs;0,3800;kg;5,49;14,45;;;5,49;5059319020334;Hrana
GRANO.CHOCO NUT KELLOGS 380 g ;367157;Kelloggs;0,3800;kg;5,49;14,45;;;5,49;5059319020365;Hrana
ŠAMPON ISANA COFFEIN 250 ml;367158;ISANA;0,2500;L;2,99;11,96;;;2,99;4305615347813;Kozmetika
GEL TUŠ.ISANA PEARL 300 ml;367159;ISANA;0,3000;L;0,89;2,97;;;0,89;4305615609461;Kozmetika
GEL TUŠ.ISANA LIMUN 300 ml;367162;ISANA;0,3000;L;0,89;2,97;;;0,89;4305615609492;Kozmetika
GEL TUŠ.ISANA MEN FRE. 300 ml;367166;ISANA;0,3000;L;0,89;2,97;;;0,89;4305615407616;Kozmetika
GEL TUŠ.ISANA MEN SENS. 300 ml;367168;ISANA;0,3000;L;0,89;2,97;;;0,89;4305615407609;Kozmetika
GEL TUŠ.ISANA MEN ACT. 300 ml;367171;ISANA;0,3000;L;0,89;2,97;;;0,89;4305615407630;Kozmetika
REGENERATOR ISANA ARGAN 200 ml;367175;ISANA;0,2000;L;2,49;12,45;;;2,49;4305615624945;Kozmetika
BALZAM ROSAL JAGODA 4,8 g;367181;Rosal;1,0000;kom;2,69;2,69;;;2,69;3856007910272;Kozmetika
ULJE KOSA ISANA ARGAN 100 ml;367185;ISANA;0,1000;L;4,99;49,90;;;4,99;4068134024947;Kozmetika
CEDEVITA ANANAS MANGO 200 g  ;367188;Cedevita;0,2000;KG;2,19;10,95;;;2,09;3850322016244;Piæa
TP PALOMA EXCLUSIVE SOFT 16/1;367190;Paloma;16,0000;kom;4,99;0,31;;;4,99;3838952016438;Toaletne potrepštine
KREMA ISANA DNEVNA Q10 50 ml;367191;ISANA;0,0500;L;3,49;69,80;;;3,49;4305615551074;Kozmetika
KREMA ISANA NOCNA Q10 50 ml;367192;ISANA;0,0500;L;2,99;59,80;;;2,99;4305615481579;Kozmetika
KREMA ISANA HYDRO BOOST. 50 ml;367193;ISANA;0,0500;L;3,39;67,80;;;3,39;4305615838274;Kozmetika
SERUM ISANA Q10 30 ml;367195;ISANA;0,0300;L;3,99;133,00;;;3,99;4305615481593;Kozmetika
SERUM ISANA HYDRO BOOST. 30 ml;367196;ISANA;0,0300;L;3,49;116,33;;;3,49;4305615838311;Kozmetika
GIN TONIC DANA PINK 0,33 L;367200;Dana;0,3300;L;;3,91;1,29;1,72;1,72;3830055525503;Piæa
SERUM ISANA HYDRO BOOST. 15 ml;367202;ISANA;0,0150;L;4,99;332,67;;;4,99;4305615838298;Kozmetika
GIN TONIC DANA CLASSIC 0,33 L;367203;Dana;0,3300;L;;3,91;1,29;1,72;1,72;3830055525527;Piæa
MASKA ZA OCI ISANA HYDR. 2 kom;367207;ISANA;2,0000;kom;0,99;0,50;;;0,99;4305615797076;Kozmetika
RAKIJA KORLAT TRAVAR.BAR.0,7 L;367210;Korlat;0,7000;L;24,02;34,31;;;24,02;3850112122506;Piæa
SOL ZA KUPANJE ISANA LAV. 80 g;367213;ISANA;0,0800;kg;0,99;12,38;;;0,99;4305615982465;Kozmetika
LIKER KORLAT SMOKV.ROGAÈ 0,7 L;367214;Korlat;0,7000;L;24,02;34,31;;;24,02;3850112112019;Piæa
RAKIJA KORLAT LOZA BARRI.0,7 L;367215;Korlat;0,7000;L;24,02;34,31;;;24,02;3850112122483;Piæa
PERLE ZA KUPA.ISANA LOVE 60 g;367217;ISANA;0,0600;kg;0,99;16,50;;;0,99;4305615878782;Kozmetika
LIKER KORLAT TERANINO 0,7 L;367218;Korlat;0,7000;L;24,02;34,31;;;24,02;3850112112934;Piæa
Velika kapica u polovici;367219;;1,0000;kg;18,99;18,99;;;14,99;3856024300551;Hrana
LOSION ZA TIJELO ISANA 400 ml;367226;ISANA;0,4000;L;1,99;4,98;;;1,99;4068134014702;Kozmetika
ODSTRANJ.MRLJA S BUDGET 1kg;367227;S-Budget;1,0000;kg;2,79;2,79;;;2,79;8056149088166;Sredstva za èišæenje
DET.MERI MERINO COLOR 4 L;367236;Meri Merino;4,0000;l;11,49;2,87;;;11,49;3850111105869;Sredstva za èišæenje
DEO SPRAY ISANA WILD 150 ml;367238;ISANA;0,1500;L;1,49;9,93;;;1,49;4305615769080;Kozmetika
SRE.SUPER JON STAKLO 650 ml;367239;Super Jon;0,6500;L;1,99;3,06;;;1,99;3850111505645;Sredstva za èišæenje
TEK.SAPUN ISANA ANTIB. 300 ml;367240;ISANA;0,3000;L;1,69;5,63;;;1,69;4305615908090;Kozmetika
OSV.WC SANITAR RINGS CI.3x40 g;367242;Sanitar;0,1200;kg;4,99;41,58;;;3,65;3850111901188;Sredstva za èišæenje
PILE HRVATSKO ;367246;Cekin;1,0000;kg;3,18;3,18;;;3,18;3850159112829;Hrana
SPREJ RAID INSEKTICID 500 ml;367267;Raid;0,5000;L;6,49;12,98;;;6,49;5000204284911;Proizvodi za kuæanstvo
PIVO ERDINGER BRU.HE.LIM.0,5 L;367276;Erdinger;0,5000;L;1,59;3,18;;;1,85;4005873211740;Piæa
PIVO HEINEKEN LIMENKA 0,33 L;367277;Heineken;0,3300;L;1,39;4,21;;;1,38;3850103902391;Piæa
PIVO HEINEKEN LIMENKA 4X0,33 L;367278;Heineken;1,3200;L;4,75;3,60;;;4,57;3850103902414;Piæa
VODA JANA KOKOS 0,5 L;367280;Jana;0,5000;L;1,25;2,50;;;1,35;3858890879889;Piæa
VODA JANA SÈ.0,75 L;367283;Jana;0,7500;L;,89;1,19;;;0,92;3858890879353;Piæa
TABL.S BUDGET LIMUN 40/1;367285;S-Budget;40,0000;kom;2,99;0,07;;;3,45;8056149088180;Sredstva za èišæenje
ŽITARICE NESTLE KIT KAT 330 g;367286;Nestle;0,3300;kg;4,59;13,91;;;4,29;5900020043191;Hrana
VAFEL FRO.KAK.MLI.KRAŠ 225 g;367294;Kraš;0,2250;kg;1,99;8,84;;;1,99;3850102007547;Hrana
KAVA ARABESCA CLASCIC 500 g;367299;Arabesca;0,5000;KG;6,99;13,98;;;7,49;3858886804390;Piæa
ZUB.PAS.BIOREPAIR ZAŠ.75 m;367326;BIOREPAIR;0,0750;l;4,39;58,53;;;4,49;8017331073735;Kozmetika
ZUB.PA.BIOREPAIR 2X75 ml;367327;BIOREPAIR;0,1500;l;6,99;46,60;;;6,99;8017331092781;Kozmetika
VL.MAR.VIOLETA 5x51/1;367335;Violeta;255,0000;kom;4,89;0,02;;;4,89;3870128036543;Toaletne potrepštine
PILEÆI STRIPS 350 g;367336;Cekin;0,3500;kg;5,25;15,00;;;5,25;3850159112836;Hrana
PILEÆI MEDALJONI 400 g;367337;Cekin;0,4000;kg;6,29;15,73;;;6,29;3850159112850;Hrana
VODA JANA VITAM.+COLLAGE.0,5 L;367346;Jana;0,5000;L;1,19;2,38;;;1,19;3858890879940;Piæa
GAZ.PIÆE PIPI MAN.LUB.0,33 L;367347;Pipi;0,3300;L;1,12;3,39;;;0,99;3859893637087;Piæa
PIVO OŽUJSKO 6x0,33 L;367348;Ožujsko;1,9800;L;6,15;3,11;;;5,97;3850131006061;Piæa
SALATA BABY LEAF S BUDG. 100 g;367351;S-BUDGET;0,1000;kg;1,39;13,90;;;1,09;3856021223112;Hrana
ULJE KONFIN EXT.DJE.EKO.250 ml;367352;;0,2500;L;11,49;45,96;;;11,49;3859893661051;Hrana
RIŽA NA MLI.ÈOKO.S BUDG.200 g ;367362;S-Budget;0,2000;kg;0,79;3,95;;;0,79;9100000982786;Hrana
SUSHI CALIFORNIA BOX XL;367363;;1,0000;kom;12,98;12,98;;;12,98;3859894124159;Hrana
RIŽA NA MLI.NATUR S BUD.200 g ;367365;S-BUDGET;0,2000;kg;0,79;3,95;;;0,79;9100000982809;Hrana
RIŽA NA MLI.CIMET S BUD.200 g ;367367;S-Budget;0,2000;kg;0,79;3,95;;;0,79;9100000982830;Hrana
GIN MINTIS CLEMENTINE 0,7 L ;367373;;0,7000;L;25,02;35,74;;;25,02;8595676600156;Piæa
SLADOLED VANILIJA 1 L SPAR;367375;SPAR;1,0000;L;3,99;3,99;;;3,99;9100000975603;Hrana
PIVO 4 MUDRACA APA 0,33 L;367378;;0,3300;L;2,22;6,73;;;2,22;3857500125743;Piæa
ÈIPS LAY´S PIK.PAPRIKA 130 g;367405;Lays;0,1300;kg;1,99;15,31;;;1,89;5900259130709;Hrana
NAPITAK SCOTTI ZOB 1 L ;367407;Scotti;1,0000;L;2,65;2,65;;;2,65;8001860252846;Piæa
NAPITAK SCOTTI BADEM 1 L ;367409;Scotti;1,0000;L;2,92;2,92;;;2,92;8001860222658;Piæa
ÈIPS LAY´S REBRASTI PAPR.130 g;367410;Lays;0,1300;kg;1,99;15,31;;;1,89;8606017378617;Hrana
ÈIPS LAY´S MAXX PAPRIKA 120 g;367411;Lays;0,1200;kg;1,99;16,58;;;1,89;5900259128966;Hrana
ÈIPS LAY´S SLANI 130 g;367412;Lays;0,1300;kg;1,99;15,31;;;1,89;5900259127600;Hrana
ÈIPS CRUNCHIPS DIM.PAPRI.120 g;367413;Lorenz;0,1200;kg;1,99;16,58;;;2,25;4018077005497;Hrana
ÈIPS CRUNCHIPS PAPRIKA 130 g;367418;Lorenz;0,1300;kg;1,99;15,31;;;2,25;4018077005589;Hrana
ÈIPS CRUNCHIPS SLANI 130 g;367419;Lorenz;0,1300;kg;1,99;15,31;;;2,25;4018077005565;Hrana
ÈIPS CRUNCHIPS RED CHILI 130 g;367420;Lorenz;0,1300;kg;1,99;15,31;;;2,25;4018077005626;Hrana
ÈIPS CRUNCHIPS X-CUT SLA.130 g;367421;Lorenz;0,1300;kg;1,99;15,31;;;2,25;4018077005459;Hrana
ÈIPS CRUNC.X-CUT PAPRIKA 130 g;367422;Lorenz;0,1300;kg;1,99;15,31;;;2,25;4018077005411;Hrana
ÈIPS CRUNC.X-CUT SIR&LUK 130 g;367423;Lorenz;0,1300;kg;1,99;15,31;;;2,25;4018077005435;Hrana
SLADOLED NOUGAT 1 L SPAR;367424;SPAR Qualitätsmarke;1,0000;L;3,99;3,99;;;3,99;9100000975627;Hrana
SLAD.VAN.BEZ LAKTOZE 1 L SPAR;367426;SPAR Qualitätsmarke;1,0000;L;3,99;3,99;;;3,99;9100000974965;Hrana
SLAD.ÈOK. BEZ LAKT. 1 L SPAR;367427;SPAR Qualitätsmarke;1,0000;L;3,99;3,99;;;3,99;9100000974989;Hrana
SLA.MINI-CONT.VAN.VEG 12x28 ml;367429;SPAR Veggie;0,3360;L;3,99;11,88;;;3,39;9100000981048;Hrana
REF.AIRWICK MONO.JAS.BO.228 ml;367435;Airwick;0,2280;L;10,99;48,20;;;10,99;5999109543325;Sredstva za èišæenje
REF.AIRWICK JASMINE BOU.228 ml;367437;Airwick;0,2280;L;7,99;35,04;;;9,99;5999109543301;Sredstva za èišæenje
KEBAB PILEÆI GREEN DONER 250 g;367438;;0,2500;kg;4,99;19,96;;;4,99;5902082429999;Hrana
SLAD.SPAR VEGGIE VANILI.480 ml;367439;SPAR Veggie;0,4800;L;5,49;11,44;;;5,49;9100000962450;Hrana
TAB.FINISH ULTIMATE PLUS 54/1;367447;Finish;54,0000;KOM;14,99;0,28;;;18,95;5999109582454;Sredstva za èišæenje
SIR CHEDD.BRIT.BIJ.SPAR 200 g ;367458;SPAR;0,2000;kg;3,49;17,45;;;3,49;9100000976846;Hrana
KAP.DESPAR CORTADO 100,8 g;367461;Despar;0,1008;KG;4,49;44,54;;;3,39;8001300502265;Piæa
KAPSULE DESPAR DECAF.112 g;367466;Despar;0,1120;KG;4,49;40,09;;;3,19;8001300502241;Piæa
SIR PARM.REGGI. PREMIUM 200 g ;367468;Premium;0,2000;kg;7,99;39,95;;;6,79;9100000890654;Hrana
KOKICE CHIO SLANE 75 g;367469;Chio;0,0750;kg;1,39;18,53;;;1,39;8595606209398;Hrana
SIR.NAMAZ ZAÈ. S-BUDGET 200 g;367470;S-Budget;0,2000;kg;1,49;7,45;;;1,49;9100000948973;Hrana
ÈIPS ÈIPI ÈIPS PAPRIKA 55 g;367471;Chio;0,0550;kg;1,29;23,45;;;1,29;3856021305702;Hrana
ÈIPS ÈIPI ÈIPS SLANI 60 g;367472;Chio;0,0600;kg;1,29;21,50;;;1,29;3856021305689;Hrana
BOM.GUM.KIKI MEDO DUO 90 g;367474;Kiki;0,0900;kg;1,19;13,22;;;1,29;3850102508921;Hrana
BOM.GUM.KIKI KISELI CRVI 90 g;367475;Kiki;0,0900;kg;1,19;13,22;;;1,29;3850102006663;Hrana
BOM.GUM.KIKI KISELI CRVI 180 g;367476;Kiki;0,1800;kg;2,29;12,72;;;2,29;3850102006649;Hrana
BOM.GUM.KIKI COLA 180 g;367478;Kiki;0,1800;kg;2,29;12,72;;;2,29;3850102006656;Hrana
SIR RIBANAC VINTAG.PRESID.40 g;367509;President;0,0400;kg;1,59;39,75;;;1,59;3850355007851;Hrana
CIKLA DOORA REZANA 540 g;367538;Doora;0,2900;kg;2,09;7,21;;;2,09;3858894541645;Hrana
ÈIPS ÈIPI ÈIPS SLANI 220 g;367547;Chio;0,2200;kg;2,49;11,32;;;2,49;3856021304354;Hrana
SARDINA EVA POVRÆE 100 g ;367554;Eva;0,0700;kg;1,99;28,43;;;1,69;3856020262587;Hrana
TUNA SALATA EVA BALANCE 160 g;367559;;0,1600;kg;;12,44;1,99;4,29;4,29;3856020263874;Hrana
BOMB.BAZOOKA JUICY DROP 57 g;367562;Ajax;0,0570;kg;3,29;57,72;;;3,09;5011053022272;Hrana
TUNA SALATA EVA PROTEIN 160 g;367563;Eva;0,1600;kg;;12,44;1,99;4,29;4,29;3856020263904;Hrana
DET.ARIEL MOUNTA.SPRING 4,4 kg;367565;Ariel;4,4000;kg;20,99;4,77;;;20,99;8006540940150;Sredstva za èišæenje
KAŠICA FRUTO.JAB.MAN.BRE.100 g;367567;Lino;0,1000;kg;1,29;12,90;;;1,29;3856020261412;Hrana
KAŠICA FRUTO.KRU.JAB.KOM.100 g;367569;Lino;0,1000;kg;1,29;12,90;;;1,29;3856020261382;Hrana
ŽITNA KAŠICA ÈOKOLEŠNIK 450 g;367571;;0,4500;kg;4,59;10,20;;;4,59;3856020262174;Hrana
KAŠ.BEB.LAKU NOÆ KAK.BAN.190 g;367573;Bebivita;0,1900;kg;1,49;7,84;;;1,35;4018852035794;Hrana
KAVA CAPP. Z BREGOV 250 ml;367581;Z Bregov;0,2500;L;1,59;6,36;;;1,59;3850108021943;Piæa
KAVA CAF. LAT. Z BREGOV 250 ml;367584;Z Bregov;0,2500;L;1,59;6,36;;;1,59;3850108021936;Piæa
PILEÆI FILE ZABATKA 500 g;367587;Cekin;0,5000;kg;4,29;8,58;;;4,69;3850159112843;Hrana
PILEÆI BATAK I FILE ZABATKA ;367593;Cekin;1,0000;kg;7,29;7,29;;;7,29;3850159110924;Hrana
ZOB.KAŠA ÈOKOLADA B.BOX 60 g;367594;Boom Box;0,0600;kg;0,99;16,50;;;0,99;3856027800263;Hrana
ZOBENE PAHULJ.BOOM BOX 500 g;367595;Boom Box;0,5000;kg;1,99;3,98;;;1,99;3856027800201;Hrana
KEKS ZOB.B.BOX ŠUM.VOÆE 20 g;367596;Boom Box;0,0200;kg;0,59;29,50;;;0,49;3856027800553;Hrana
KEKS ZOB.B.BOX LJEŠNJ.ÈOK.20 g;367597;Boom Box;0,0200;kg;0,59;29,50;;;0,49;3856027800515;Hrana
KEKS ZOB.B.BOX KOKOS BAD.20 g;367598;Boom Box;0,0200;kg;0,59;29,50;;;0,49;3856027800539;Hrana
MLIJEÈNA PECIVA ÖLZ 350 g;367602;Ölz;0,3500;kg;4,99;14,26;;;4,99;9005300010927;Hrana
DET.PUR RASPBERRY 750 ml;367606;Pur;0,7500;l;1,89;2,52;;;1,89;9000101386387;Sredstva za èišæenje
NAPITAK OATLY ZOB ORIGIN.1 L ;367612;Oatly;1,0000;l;2,59;2,59;;;2,65;7394376620744;Piæa
UMAK BARILLA MED.POVRÆE 400 g;367613;Barilla;0,4000;kg;3,79;9,48;;;3,79;8076809583749;Hrana
SUSHI PROMO;367614;;1,0000;kom;5,98;5,98;;;5,98;3859894124098;Hrana
UMAK TERIJAKI 28 g;367615;;1,0000;kom;1,90;1,90;;;1,90;3859894124005;Hrana
PESTO BARILLA BOS.PISTAC.190 g;367616;Barilla;0,1900;kg;4,99;26,26;;;4,99;8076809581868;Hrana
UMAK SWEET CHILI ;367617;;1,0000;kom;1,90;1,90;;;1,90;3859894124012;Hrana
WASABI MIXTURE;367618;;1,0000;kom;1,90;1,90;;;1,90;3859894124029;Hrana
UMAK KISELI ÐUMBIR/GARI;367619;;1,0000;kom;1,90;1,90;;;1,90;3859894124036;Hrana
SALATA GOMA WACOME 100 g;367620;;1,0000;kom;5,98;5,98;;;5,98;3859894124043;Hrana
PROLJETNE ROLICE;367621;;1,0000;kom;6,28;6,28;;;6,28;3859894124050;Hrana
GYOZE POVRTNE/VEGETABLES;367622;;1,0000;kom;6,98;6,98;;;6,98;3859894124067;Hrana
GYOZE PILETINA/POVRÆE;367623;;1,0000;kom;6,98;6,98;;;6,98;3859894124081;Hrana
GYOZE PILETINA;367624;;1,0000;kom;6,98;6,98;;;6,98;3859894124074;Hrana
SUSHI CALIFORNIA MINI;367625;;1,0000;kom;6,28;6,28;;;6,28;3859894124517;Hrana
AKADIA DANISH WHITE 400 g;367626;Akadia;0,4000;KG;3,49;8,73;;;3,49;5701638138978;Hrana
PUD.PROTEIN KARAME. ZOTT 200 g;367627;Zott;0,2000;kg;1,19;5,95;;;1,19;4014500520179;Hrana
SUSHI CRISPY TIGER MINI;367628;;1,0000;kom;6,28;6,28;;;6,28;3859894124494;Hrana
SIR AKADIA KOZJI MEKI 400 g;367629;Akadia;0,4000;KG;6,99;17,48;;;6,99;5701638150802;Hrana
SUSHI EBI TEMPURA MINI;367630;;1,0000;kom;6,28;6,28;;;6,28;3859894124524;Hrana
SUSHI SALMON MINI;367631;;1,0000;kom;6,28;6,28;;;6,28;3859894124531;Hrana
SUSHI SIMPLY CALIFORNIA;367632;;1,0000;kom;7,38;7,38;;;7,38;3859894124128;Hrana
SUSHI SIMPLY VEGETABLES;367634;;1,0000;kom;7,38;7,38;;;7,38;3859894124197;Hrana
SUSHI CALIFORNIA SUPRIME;367636;;1,0000;kom;8,38;8,38;;;8,38;3859894124135;Hrana
SUSHI SIMPLY SALMON;367638;;1,0000;kom;8,78;8,78;;;8,78;3859894124227;Hrana
SUSHI SIMPLY TUNA;367640;;1,0000;kom;8,78;8,78;;;8,78;3859894124296;Hrana
SUSHI SIMPLY SHRIMP;367641;;1,0000;kom;8,28;8,28;;;8,28;3859894124289;Hrana
SUSHI SMOKED SALMON;367642;;1,0000;kom;8,78;8,78;;;8,78;3859894124258;Hrana
SUSHI PHILADELPHIA;367643;;1,0000;kom;8,78;8,78;;;8,78;3859894124265;Hrana
SUSHI SPICY TUNA TARTAR;367644;;1,0000;kom;8,78;8,78;;;8,78;3859894124302;Hrana
SUSHI HOSOMAKI MIX;367645;;1,0000;kom;8,78;8,78;;;8,78;3859894124111;Hrana
DES.RIŽA NA MLI.PRO.ZOTT 220 g;367646;Zott;0,2200;kg;1,19;5,41;;;1,19;4014500520247;Hrana
SUSHI TERIYAKI MIX;367647;;1,0000;kom;9,98;9,98;;;9,98;3859894124104;Hrana
SUSHI CRISPY TIGER;367648;;1,0000;kom;8,98;8,98;;;8,98;3859894124166;Hrana
SUSHI RED DRGAON;367649;;1,0000;kom;9,98;9,98;;;9,98;3859894124173;Hrana
SUSHI TUNA COMBO;367650;;1,0000;kom;9,48;9,48;;;9,48;3859894124319;Hrana
SUSHI EBI TEMPURA;367651;;1,0000;kom;9,98;9,98;;;9,98;3859894124364;Hrana
SUSHI MEDITERRANEAN ROLL;367652;;1,0000;kom;9,98;9,98;;;9,98;3859894124388;Hrana
DET.PERWOLL BLACK 990 ml;367654;Perwoll;0,9900;l;5,59;5,65;;;5,59;9000101580266;Sredstva za èišæenje
GEL OLD SPICE CAPTAIN 1L;367658;Old Spice;1,0000;kom;7,99;7,99;;;7,99;8006540818824;Kozmetika
GEL OLD SPICE WHITEWATER 1L;367659;Old Spice;1,0000;kom;7,99;7,99;;;7,99;8006540818862;Kozmetika
SUSHI VEGETABLES  MIX BOX;367676;;1,0000;kom;9,78;9,78;;;9,78;3859894124203;Hrana
SUSHI CALIFONIA MIX  BOX;367677;;1,0000;kom;10,58;10,58;;;10,58;3859894124142;Hrana
SERUM SIMPLE HYALURON 30 ml;367678;SIMPLE;0,0300;l;;233,00;6,99;13,99;13,99;8720181157127;Kozmetika
SERUM SIMPLE VITAMIN C 30 ml;367679;SIMPLE;0,0300;l;;233,00;6,99;13,99;13,99;8720181157110;Kozmetika
SUSHI SALMON COMBO MIX BOX;367680;;1,0000;kom;12,58;12,58;;;12,58;3859894124234;Hrana
SUSHI PHILADELPHIA COMBO BOX;367681;;1,0000;kom;12,58;12,58;;;12,58;3859894124272;Hrana
SUSHI MEDITERRANEAN COMBO BOX ;367682;;1,0000;kom;12,68;12,68;;;12,68;3859894124395;Hrana
SUSHI TUNA SALMON MIX BOX;367683;;1,0000;kom;12,58;12,58;;;12,58;3859894124326;Hrana
SUSHI VEGETABLES  XL BOX;367685;;1,0000;kom;11,78;11,78;;;11,78;3859894124210;Hrana
SUSHI SALMON COMBO  XL BOX;367687;;1,0000;kom;14,68;14,68;;;14,68;3859894124241;Hrana
SUSHI TUNA SALMON XL BOX ;367688;;1,0000;kom;16,28;16,28;;;16,28;3859894124333;Hrana
NUGGETS APPETIPLANT 220 g;367692;;0,2200;kg;3,19;14,50;;;2,99;8006473905486;Hrana
PRIJANJAJUÆA FOLIJA 20M,ALUFIX;367697;;1,0000;kom;3,99;3,99;;;3,99;5949509001291;Proizvodi za kuæanstvo
BOMB.MERCI KOKOS 250 g;367705;Merci;0,2500;kg;6,89;27,56;;;6,89;4014400934038;Hrana
BOJA PALETTE ICC 5-1;367706;Palette;1,0000;kom;4,25;4,25;;;4,25;9000101704174;Kozmetika
BOJA PALETTE ICC 7-1;367707;Palette;1,0000;kom;4,25;4,25;;;4,25;9000101704853;Kozmetika
RIŽA SMEÐA ENCIAN VAKUM 900 g;367714;Encian;0,9000;kg;4,49;4,99;;;3,99;3858890104509;Hrana
GIN MINTIS AMARENA 0,7 L;367718;;0,7000;l;25,02;35,74;;;25,02;8595676600170;Piæa
GIN MINTIS BLACKCURRANT 0,7 L ;367719;;0,7000;L;25,02;35,74;;;25,02;8595676600200;Piæa
GIN MINTIS ORIGINAL 0,7 L;367723;;0,7000;L;24,99;35,70;;;23,49;8595676600132;Piæa
VINO ROSSO NOB.AL CIOC. 0,75 L;367727;;0,7500;L;9,02;12,03;;;9,02;3263280124362;Piæa
LIKER MOZART COFFE 0,5 L ;367728;Mozart;0,5000;L;18,99;37,98;;;17,22;9013100011563;Piæa
WHISKEY EVAN WILLIAMS 0,7 L;367729;Whiskas;0,7000;L;21,29;30,41;;;20,02;0096749021345;Piæa
POSL.ZA MAÈKE VITAKRAFT 6X15 g;367742;Vitakraft;0,0900;kg;2,09;23,22;;;2,29;4008239235213;Proizvodi za kuæanstvo
SUSHI NIGIRI MIX 6 PC;367746;;1,0000;kom;9,68;9,68;;;9,68;3859894124340;Hrana
SUSHI NIGIRI MIX 8 KOM;367747;;1,0000;kom;9,98;9,98;;;9,98;3859894124357;Hrana
POKE VEGETABLES  BOWL;367752;;1,0000;kom;7,58;7,58;;;7,58;3859894124449;Hrana
POKE CALIFORNIA BOWL;367753;;1,0000;kom;7,98;7,98;;;7,98;3859894124425;Hrana
POKE SALMON  BOWL ;367754;;1,0000;kom;9,78;9,78;;;9,78;3859894124401;Hrana
POKE TUNA  BOWL ;367755;;1,0000;kom;9,78;9,78;;;9,78;3859894124418;Hrana
POKE SHRIMP BOWL ;367756;;1,0000;kom;9,48;9,48;;;9,48;3859894124432;Hrana
SUSHI GUNKAN DELUXE ;367759;;1,0000;kom;9,78;9,78;;;9,78;3859894124371;Hrana
WHISKEY JACK DAN.APPLE 0,7 L ;367767;Whiskas;0,7000;L;24,59;35,13;;;24,22;5099873017623;Piæa
LIKER ROSSI AMARO 0,50 L;367769;;0,5000;L;14,99;29,98;;;19,52;3859891585571;Piæa
EN.NAP.MONSTER KHAOTIC 0,5 L;367771;Monster;0,5000;L;1,95;3,90;;;1,95;5060947544185;Piæa
EN.NAP.MONSTER UL.FIESTA 0,5 L;367772;Monster;0,5000;L;1,95;3,90;;;1,95;5060947544451;Piæa
OS.PIÆE CAPPY LEMONADE 0,4 L ;367775;Cappy;0,4000;L;1,19;2,98;;;1,19;5449000056245;Piæa
GAZ.PIÆE SCHWEP.PINK TONIC 1 L;367805;Schweppes;1,0000;L;1,79;1,79;;;1,79;5449000307347;Piæa
SOK SPAR BIJELO GROŽÐE 0,20 L;367807;SPAR;0,2000;L;0,45;2,25;;;0,45;9100000973319;Piæa
GEL ZA BRI.GILLETTE 200+40 ml;367808;Gillette;0,2400;l;3,99;16,63;;;3,79;7702018405015;Kozmetika
PIVO ZMAJSKO POZOJ 0,5 L;367810;;0,5000;L;2,98;5,96;;;2,98;3858895210182;Piæa
GEL ZA BRI.GILLETTE PRO 200 ml;367811;Gillette;0,2000;l;5,79;28,95;;;5,79;7702018604005;Kozmetika
BRIJAÈ GILLETTE M3 + 5 PATRONA;367817;Gillette;1,0000;kom;16,49;16,49;;;16,49;7702018610181;Kozmetika
ENERGETSKO PIÆE URAGAN 0,25 L;367818;;0,2500;L;,79;3,16;;;0,79;3850108073119;Piæa
PIVO PULFER ZIH.PALE ALE 0,5 L;367819;;0,5000;L;2,69;5,38;;;2,69;3859893612312;Piæa
PIVO PULFER LANDSKY SESS.0,5 L;367821;;0,5000;L;2,69;5,38;;;2,69;3859893612329;Piæa
BILJNI LIKER S-BUDGET 0,7 L;367822;S-BUDGET;0,7000;L;5,19;7,41;;;5,22;3856021223570;Piæa
PIVO PULFER LA.MUN.HELLE.0,5 L;367823;;0,5000;L;2,59;5,18;;;2,59;3859893612336;Piæa
GIN SAX ORGINAL 0,7 L;367827;Badel 1862;0,7000;L;;14,27;9,99;12,48;12,48;3850112142894;Piæa
BRITVICE GILLETTE VENUS 3 6/1;367828;Gillette;6,0000;kom;5,49;0,92;;;4,99;7702018426201;Kozmetika
BRIT.GILLETTE VENUS SEN. 6 kom;367829;Gillette;6,0000;kom;5,49;0,92;;;5,59;7702018487158;Kozmetika
BRITVICE GILLETTE VENUS 8/1;367831;Gillette;8,0000;kom;5,99;0,75;;;5,99;7702018465767;Kozmetika
BRIJAÈ GILLETTE VENUS ROSEGOLD;367832;Gillette;1,0000;kom;9,99;9,99;;;9,89;7702018517886;Kozmetika
PATRONE GILLETTE VENUS SEN.4/1;367853;Gillette;4,0000;kom;23,79;5,95;;;23,79;7702018352883;Kozmetika
AFTER SHAVE GILLETTE I. 100 ml;367876;Gillette;0,1000;l;4,49;44,90;;;4,39;7702018620180;Kozmetika
AFTER SHAVE GILLETTE S. 100 ml;367877;Gillette;0,1000;l;4,49;44,90;;;4,39;7702018620265;Kozmetika
BRIJAÈ GILLETTE FUSION5 4.UP;367880;Gillette;1,0000;kom;22,49;22,49;;;22,09;7702018610280;Kozmetika
SERUM DELIA KOLAGEN  30 ml;367882;DELIA;0,0300;l;5,49;183,00;;;5,99;5906750801605;Kozmetika
PATRONE GILLETTE PROGLIDE 8/1;367886;Gillette;8,0000;kom;;1,25;9,99;19,99;43,49;7702018085545;Kozmetika
TAB.FINISH ULTIMATE PLUS 45/1;367892;Finish;45,0000;KOM;15,99;0,36;;;14,99;5999109582478;Sredstva za èišæenje
BRI.WILKINSON HYD.5 +1 PATRONA;367894;Wilkinson;1,0000;kom;7,39;7,39;;;8,49;4027800439935;Kozmetika
NAPOLITANKE S BUDGET  800 g;367895;S-Budget;0,8000;kg;2,49;3,11;;;2,49;9100000982915;Hrana
ŽITA.LINO PILLOWS NOUGAT 700 g;367900;Lino;0,7000;kg;4,59;6,56;;;5,79;3856020262709;Hrana
ŽITAR.LINO PILLOWS MILK 700 g;367903;Lino;0,7000;kg;4,59;6,56;;;5,79;3856020262730;Hrana
KAPS.S-BUDGET 100% ARAB. 104 g;367907;Despar;0,1040;kg;5,19;49,90;;;5,19;8056149086971;Piæa
BOJA PALETTE DELUXE 9-11;367929;Palette;1,0000;kom;5,99;5,99;;;5,99;9000101714739;Kozmetika
BOJA LIVE LIFT L76 ;367930;LIVE;1,0000;kom;7,95;7,95;;;7,95;9000101245967;Kozmetika
ŠAMP.SYOSS OLEO 440 ml;367932;Syoss;0,4400;l;4,99;11,34;;;4,49;9000101712353;Kozmetika
HRANA ZA PSE SCOTTY MIN.1,5 kg;367946;Scotty;1,5000;kg;3,99;2,66;;;3,99;9100000985541;Proizvodi za kuæanstvo
HRANA ZA PSE SCOT.NAT.2,5 kg;367949;Scotty;2,5000;kg;9,99;4,00;;;9,99;9100000985527;Proizvodi za kuæanstvo
NAMAZ MARGO S MASLACEM 225 g;367954;Zvijezda;0,2250;kg;1,99;8,84;;;1,99;3856015325419;Hrana
SLA.ŠTAP.BIJ.BADEM SB 6x120 ml;367971;S-Budget;0,7200;L;4,99;6,93;;;4,99;9100000038797;Hrana
ROLL-ON REXONA W BIO. 50 ml ;367981;Rexona;0,0500;l;2,79;55,80;;;2,99;59099284;Kozmetika
INSTANT KAVA 3U1 STRONG 140 g;367989;Nescafe;0,1400;kg;2,99;21,36;;;2,99;8445290749413;Piæa
KAVOVINA KNEIPP 250 g;367990;Franck;0,2500;kg;2,79;11,16;;;2,79;3850291054070;Piæa
ÈAJ ENG.TEA SHOP EARL GR. 45 g;367991;;0,0450;kg;4,39;97,56;;;4,39;0680275029144;Piæa
DEO SPRAY DOVE W TALCO 150 ml;368029;Dove;0,1500;l;5,20;34,67;;;5,20;8720181291876;Kozmetika
VINO ROSE VRHUN.ANDRIJA 0,75 L;368038;Blatina Andrija;0,7500;L;11,02;14,69;;;11,02;3871126000567;Piæa
FLIPS POM BAR SOUR CREAM 50 g;368040;Pom Bär;0,0500;kg;1,19;23,80;;;1,19;3856021302770;Hrana
SLAD.KEKS 3 OKUSA DESPAR 480 g;368055;Despar;0,4800;kg;3,99;8,31;;;3,99;8001300673996;Hrana
VAFLI NOUGAT SPAR 250 g;368056;SPAR Qualitätsmarke;0,2500;kg;1,99;7,96;;;1,99;3856021223594;Hrana
SLA.PISTAC.S ÈOK. DESPAR 500 g;368057;Despar;0,5000;kg;3,99;7,98;;;3,99;8001300670759;Hrana
ŠEÆER SPAR KRISTAL 50/1 250 g;368059;SPAR;0,2500;kg;1,49;5,96;;;1,49;9100000986012;Hrana
Filet prugastog pangasiusa ;368064;;1,0000;kg;7,99;7,99;;;8,49;93856024301797;Hrana
VINA KOPER ROSE 0,75 L;368093;;0,7500;l;9,29;12,39;;;9,29;3830000700139;Piæa
PJEN.ROYAL HILL EX.BRUT 0,75 L;368096;Brut;0,7500;L;11,42;15,23;;;10,69;3859893869228;Piæa
PIVO PAN ZLATNI 6X0,5 L;368115;Pan;3,0000;L;7,47;2,49;;;7,47;3858887583454;Piæa
PIVO PAN LAGER 6X0,5 L;368118;Pan;3,0000;L;7,47;2,49;;;7,47;3858887581993;Piæa
LIKER TAIGA RED 0,7 L ;368121;Weingut Schloss Fels;0,7000;L;7,99;11,41;;;10,08;9100300000661;Piæa
PIVO CARLSBERG 0,4 L P.A.;368125;Carlsberg;0,4000;L;1,19;2,98;;;1,05;8600331002203;Piæa
TONIC THOMAS HENRY MYS.MA.0,2L;368128;;0,2000;L;2,29;11,45;;;2,29;4251760800102;Piæa
TONIC THOM.HEN.PINK GRA.0,75 L;368135;;0,7500;L;;5,32;3,99;5,02;5,02;4251760801994;Piæa
SIR ŽIGLJEN SIRAN.GLIGOR.190 g;368140;;0,1900;kg;5,99;31,53;;;4,99;3858891773810;Hrana
SIR MLAD.TRAPIST GLIGORA 190 g;368145;;0,2250;kg;3,99;17,73;;;3,89;3858891773865;Hrana
SIR KOLAN DIMLJ. GLIGORA 190 g;368149;;0,1900;kg;5,99;31,53;;;5,59;3858891773919;Hrana
SIR JADRANSKI GLIGORA 190 g;368150;;0,1900;kg;5,99;31,53;;;5,59;3858891773872;Hrana
SIR TEŽAÈKI GLIGORA 190 g;368152;;0,1900;kg;4,49;23,63;;;4,19;3858891773834;Hrana
SIR DINARSKI SIR.GLIGORA 190 g;368153;;0,1900;kg;6,29;33,11;;;5,49;3858891773841;Hrana
SIR KOZLAR SIRANA GLIGOR.190 g;368155;;0,1900;kg;6,99;36,79;;;6,29;3858891773858;Hrana
Svinjska leða s kosti HR;368157;SPAR marka kvalitete;1,0000;kg;3,99;3,99;;;3,99;3859892958732;Hrana
SIR TRAPIST KOLAN GLIGOR.190 g;368158;;0,1900;kg;4,99;26,26;;;4,59;3858891773827;Hrana
ÈET.ZA ZUBE SIGNAL CLEAN 2 kom;368159;Signal;2,0000;kom;3,49;1,75;;;3,75;8720181275401;Kozmetika
ÈET.ZA ZUBE SIGNAL ACT. 4 kom;368160;Signal;4,0000;kom;5,99;1,50;;;6,49;8720181239311;Kozmetika
DEO SPRAY DOVE W SOFT 150 ml;368165;Dove;0,1500;l;5,20;34,67;;;5,20;8720181291852;Kozmetika
ÈOKOLADNA KRAŠ TORTICA 50 g;368180;Kraš;0,0500;kg;0,95;19,00;;;0,95;3850102005086;Hrana
RAKIJA ZVEÈ.VOÆ.ŠLJIVA 0,35 L;368199;Zvecevo;0,3500;L;7,02;20,06;;;7,02;3858894170142;Piæa
DET.WEISSER RIESE UNIV.4,5 L;368200;Weisser Riese;4,5000;l;17,99;4,00;;;23,99;9000101564426;Sredstva za èišæenje
BOM.GUM.HARIBO MIX FIZZ 100 g;368215;Haribo;0,1000;kg;1,59;15,90;;;1,59;9002975331579;Hrana
BOJA PALETTE ICC 7-77;368217;Palette;1,0000;kom;4,25;4,25;;;4,25;9000101706321;Kozmetika
BOJA PALETTE ICC 9-1 PLAVA;368220;Palette;1,0000;kom;4,25;4,25;;;4,25;9000101704112;Kozmetika
SPARKLING SPRI.J.P.CH. 0,75 L;368256;J.P.Chenet;0,7500;L;7,99;10,65;;;8,02;3500610156267;Piæa
BOMB.MENTHOPLUS JABUKA 28 g;368259;;0,0280;kg;0,99;35,36;;;0,99;77952455;Hrana
TUNA SAL.RIO MARE MEX.3X160 g;368264;Rio Mare;0,4800;kg;12,69;26,44;;;12,69;8004030347120;Hrana
ÈAJ ENGLISH TEA SHOP SH.L.30 g;368276;;0,0300;kg;4,39;146,33;;;4,39;0680275029137;Piæa
ÈAJ ENGLISH TEA SHOP PE.P. 30g;368279;;0,0300;kg;4,39;146,33;;;4,39;0680275029243;Piæa
ÈAJ ENG.TEA SHOP SUP.BER. 40 g;368280;;0,0400;kg;4,39;109,75;;;4,39;0680275029236;Piæa
VINO TERAN KRAVATA 0,75 L;368287;;0,7500;L;10,18;13,57;;;10,18;3859889132565;Piæa
PATRONE GILLETTE MACH 3 5/1;368315;Gillette;5,0000;kom;;2,00;9,99;21,99;21,99;7702018552344;Kozmetika
FLIPS LORENZ CLASSIC 120 g;368322;Lorenz;0,1200;kg;1,99;16,58;;;2,29;4018077006654;Hrana
ŠTAPIÆI CHIO 190 g;368340;Chio;0,1900;kg;;8,89;1,69;1,99;1,99;5996253001541;Hrana
INDIJSKI ORAŠ.U ÈOKO.NP.80 g;368342;Natur pur;0,0800;kg;2,49;31,13;;;2,49;9100000978772;Hrana
INDIJSKI ORAŠ.MALINA NP.80 g;368367;Natur pur;0,0800;kg;2,49;31,13;;;2,49;9100000978802;Hrana
SARDINA EVA BILJNO ULJE 100 g;368404;Eva;0,0700;kg;1,89;27,00;;;1,59;3856020262525;Hrana
ŽITAR.ZA DOR.ÈOKOLEŠNIK 950 g;368419;;0,9500;kg;7,99;8,41;;;7,99;3856020262204;Hrana
VEGAN.BURGER SPAR VEGGIE 226 g;368445;SPAR Veggie;0,2260;kg;3,99;17,65;;;2,96;9100000983011;Hrana
MEXICO MIX BONDUELLE 150 g;368450;Bonduelle;0,1300;kg;2,19;16,85;;;2,19;3083681155303;Hrana
MAÈJA HRANA GOURMET GOVED.85 g;368467;Gourmet;0,0850;kg;0,99;11,65;;;0,99;7613038042039;Proizvodi za kuæanstvo
MAÈJA HRANA GOURMET PILET.85 g;368468;Gourmet;0,0850;kg;0,99;11,65;;;0,99;7613038059853;Proizvodi za kuæanstvo
MAÈJA HRANA GOURMET PURET.85 g;368469;Gourmet;0,0850;kg;0,99;11,65;;;0,99;7613038056036;Proizvodi za kuæanstvo
HRA.ZA MAÈ.GOUR.PIL.POV.4X85 g;368470;Gourmet;0,3400;kg;3,69;10,85;;;3,99;7613038055350;Proizvodi za kuæanstvo
KAŠICA GERBER MRK.PUR.190 g;368477;;0,1900;kg;2,39;12,58;;;2,59;8445291761643;Hrana
KAŠICA GERBER POVR.TEL.190 g;368478;;0,1900;kg;2,39;12,58;;;2,59;7613039018484;Hrana
VOÆNI PIRE GERBER KRUŠKA 80 g;368480;;0,0800;kg;1,29;16,13;;;1,29;8445290167170;Hrana
NAMAZ BATAT JEDNOBOJNI 250 g;368484;BATELA;0,2500;kg;4,49;17,96;;;4,49;3859893981227;Hrana
NAMAZ BATAT DVOBOJNI 250 g;368485;BATELA;0,2500;kg;4,49;17,96;;;4,49;3859893981234;Hrana
SOK SPAR KRUŠKA 100% 1L;368493;SPAR;1,0000;L;;1,99;1,99;2,49;2,49;9100000764412;Piæa
ŽIT.NESTLE ÈOKOL.LOPTICE 225 g;368504;Nestle;0,2250;kg;3,19;14,18;;;3,05;5900020042255;Hrana
ŽITARICE NESTLE CHOCAPIC 250 g;368508;Nestle;0,2500;kg;3,19;12,76;;;3,05;5900020000958;Hrana
HRENOVKA PREMIUM 200 g HISTRIS;368510;Histris;0,2000;kg;3,29;16,45;;;2,99;3859893167904;Hrana
JOG.VOÆ.MIX Z´BREGOV 400 g;368511;Vindija;0,4000;kg;1,49;3,73;;;1,49;3850108037975;Hrana
KAŠICA HIPP JABUKA BOROV.160 g;368516;Hipp;0,1600;kg;1,79;11,19;;;1,80;4062300441484;Hrana
KAŠICA HIPP KRU.ŠLJI.ŽIT.160 g;368517;Hipp;0,1600;kg;1,79;11,19;;;1,79;4062300441422;Hrana
KAŠICA HIPP KRUŠ.ŠLJIVA 160 g;368519;Hipp;0,1600;kg;1,79;11,19;;;1,80;4062300441170;Hrana
KAŠICA HIPP JABU.MALINA 160 g;368520;Hipp;0,1600;kg;1,79;11,19;;;1,80;4062300441514;Hrana
KAŠICA HIPP LEÆA RIŽ.GRA.190 g;368521;Hipp;0,1900;kg;1,99;10,47;;;2,00;4062300455887;Hrana
KAŠICA HIPP SPAG.RAJÈ.250 g;368523;Hipp;0,2500;kg;2,25;9,00;;;2,25;4062300439665;Hrana
SMOOTHIE HIPPIS ZOB JAB.120 g;368525;Hipp;0,1200;kg;1,75;14,58;;;1,75;4062300437074;Hrana
SMOOTHIE HIPPIS ZOB BRES.120 g;368526;Hipp;0,1200;kg;1,75;14,58;;;1,75;4062300437036;Hrana
ŽVAKAÆ GUMA ZUMBIEZZ 20 g;368528;;0,0200;kg;0,46;23,00;;;0,46;7898633980881;Hrana
KOB. NOSTALGIÈNA 330 g PIVAC;368530;Pivac;0,3300;kg;5,99;18,15;;;5,99;3858884998145;Hrana
BOMBONI S BUDGET MIX 800 g ;368535;S-Budget;0,8000;kg;3,59;4,49;;;3,59;8033954551184;Hrana
VAFEL ÈOK.ROL.ML.S BUD.200 g;368541;S-Budget;0,2000;kg;2,99;14,95;;;2,99;9100000985213;Hrana
PAŠTETA ARGETA LOVAÈKA 95 g;368542;Argeta;0,0950;kg;1,39;14,63;;;1,39;3838471043977;Hrana
RIBICE CHIO SEZAM 80 g;368544;Chio;0,0800;kg;;13,63;1,09;1,29;1,29;5996253001237;Hrana
TEK.POSLAS.ZA MAÈKE WANPY 90 g;368545;;0,0900;kg;2,49;27,67;;;2,19;6927749871545;Proizvodi za kuæanstvo
SORBET LIMUN KADULJ.CRO.500 ml;368547;;0,5000;L;7,99;15,98;;;7,49;3859894052148;Hrana
KREM SLAD.PINA CO.CROCC.500 ml;368548;;0,5000;L;8,49;16,98;;;7,99;3859894052186;Hrana
KREM SLAD.CHEESCA.CROCC.500 ml;368549;;0,5000;L;8,49;16,98;;;7,99;3859894052162;Hrana
TEK.POSLAS.ZA MAÈKE WANPY 90 g;368550;;0,0900;kg;2,49;27,67;;;2,19;6927749871538;Proizvodi za kuæanstvo
TEK.POSLAS.ZA PSE WANPY 90 g;368551;;0,0900;kg;2,49;27,67;;;2,49;6927749870227;Proizvodi za kuæanstvo
TEK.POSLAS.ZA PSE WANPY 90 g;368552;;0,0900;kg;2,49;27,67;;;2,49;6927749870210;Proizvodi za kuæanstvo
SALATA OD HOBOTNICE 210 g;368557;;0,1100;kg;6,99;63,55;;;6,99;3858892086315;Hrana
KOZICA MARINIRANA 210 g;368560;;0,1100;kg;5,99;54,45;;;5,99;3858892086308;Hrana
VINO ZLATAN POŠ.HAJDUK 0,75 L;368561;;0,7500;L;20,02;26,69;;;20,02;3859888437241;Piæa
VINO ZLATAN OTOK HAJDUK 0,75 ;368566;;0,7500;L;8,02;10,69;;;8,02;3859888437500;Piæa
VINO ZLATAN PLAV.HAJDUK 0,75 L;368568;;0,7500;L;20,02;26,69;;;20,02;3859888437234;Piæa
VINO ZLAT.BABIÆ HAJDUK 0,75 L;368571;;0,7500;L;15,02;20,03;;;15,02;3859888437463;Piæa
HRENOVKE WUDY KLASIK 1 kg;368574;Wudy;1,0000;kg;2,69;2,69;;;2,69;8008110037369;Hrana
HRENOVKE HOT DOG PAVO 1 kg;368579;Pavo;1,0000;kg;2,69;2,69;;;2,19;8008110037277;Hrana
BRESAOLA NAREZAK 80 g;368585;Montorsi;0,0800;kg;5,39;67,38;;;5,39;8005153010076;Hrana
TUNA PAŠTETA LINO 95 g;368590;Lino;0,0950;kg;1,59;16,74;;;1,89;3856020260460;Hrana
PAŠTETA PILEÆA LINO 95 g;368591;Lino;0,0950;kg;1,39;14,63;;;1,49;3856020260439;Hrana
TUNA PAŠTETA GAVRIL.3X100 g;368595;Gavrilovic;0,3000;kg;3,99;13,30;;;4,99;3858892725320;Hrana
ÈOK.MIKADO 72% BOROVNICA 100 g;368597;Zvecevo;0,1000;kg;2,19;21,90;;;2,19;3858881061736;Hrana
Tuna filet žutoperajna;368598;;1,0000;kg;18,99;18,99;;;16,99;;Hrana
LASAGNE BOLOGNESE RANA 350 g;368609;Rana;0,3500;kg;3,49;9,97;;;3,49;8001665127684;Hrana
PECIVO  BURGER RUSTICO 300 g;368619;;0,3000;kg;1,99;6,63;;;1,99;8410087366166;Hrana
DET.ZA SUÐE S BUDGET 2 L;368621;S-Budget;2,0000;L;2,19;1,10;;;1,99;8056149087466;Sredstva za èišæenje
PECIVO  HOT DOG RUSTICO 330 g;368624;;0,3300;kg;1,99;6,03;;;1,99;8410087402383;Hrana
BOMB.MAMBA TROPICS 106 g;368625;Mamba;0,1060;kg;1,25;11,79;;;1,25;4014400933581;Hrana
BRUSNICA  S BUDGET 200 g;368626;S-Budget;0,2000;kg;2,15;10,75;;;2,25;9100000830513;Hrana
CINZANO TO SPRITZ 0,75 L;368627;Cinzano;0,7500;L;7,99;10,65;;;7,52;8000020107057;Piæa
SVJ.RUÈNO VUÈE.TIJE.SPAR 500 g;368660;SPAR marka kvalitete;0,5000;kg;2,19;4,38;;;2,19;3856021224102;Hrana
FLIPS SMOKI 80 g;368661;Smoki;0,0800;kg;0,89;11,13;;;0,89;8600939508190;Hrana
DET.ARIEL COLOR 1,98 kg;368666;Ariel;1,9800;kg;17,49;8,83;;;13,99;8006540940099;Sredstva za èišæenje
DET.ARIEL COLOR 1 L;368671;Ariel;1,0000;l;8,99;8,99;;;9,79;8006540869727;Sredstva za èišæenje
OME.SILAN MAGNOLIA 2,772 L;368676;Silan;2,7720;l;6,99;2,52;;;5,99;9000101581508;Sredstva za èišæenje
OME.SILAN FRESH SKY 2,86 L;368686;Silan;2,8600;l;6,99;2,44;;;5,99;9000101581256;Sredstva za èišæenje
JAJA VRANA PODNI UZG. M 6/1;368693;Vrana;6,0000;kom;2,19;0,37;;;2,19;3859891082803;Hrana
SRE.SPLENDID ULTRAPOWER 750 ml;368706;Splendid;0,7500;L;1,99;2,65;;;1,99;3856021224300;Sredstva za èišæenje
SIR CAPRODUR 280 g;368720;;0,2800;kg;11,99;42,82;;;8,99;3850108052848;Hrana
SIR BOVIDUR 280 g;368721;;0,2800;kg;6,99;24,96;;;6,49;3850108052824;Hrana
JAJA VRANA PODNI UZG. L 10/1;368722;Vrana;10,0000;kom;3,19;0,32;;;3,19;3859891082780;Hrana
JAJA VRANA PODNI UZG. M 10/1;368724;Vrana;10,0000;kom;2,99;0,30;;;2,99;3859891082797;Hrana
SIR OVIDUR 280 g;368725;;0,2800;kg;11,99;42,82;;;8,79;3850108052855;Hrana
DET.TETA VIOLETA BLACK 1,8 L;368726;Violeta;1,8000;L;4,64;2,58;;;4,45;3870128035393;Sredstva za èišæenje
DET.TETA VIOLETA COLOR 1,8 L;368728;Teta Violeta;1,8000;L;4,64;2,58;;;4,45;3870128035362;Sredstva za èišæenje
UMAK TARTAR ZVIJEZDA 260 g;368729;Zvijezda;0,2600;kg;2,49;9,58;;;1,99;3856015328441;Hrana
VL.TOAL.PAPIR VIOLETA 100/1;368730;Violeta;100,0000;kom;2,79;0,03;;;2,79;3870128031326;Toaletne potrepštine
VL.MAR.VIOLETA 51/1;368731;Violeta;51,0000;kom;1,29;0,03;;;1,29;3870128036512;Toaletne potrepštine
PIZZA FELIC.4 VRSTE SIRA 325 g;368742;Dr. Oetker;0,3250;kg;4,29;13,20;;;4,29;5900437007137;Hrana
PIZZA FELIC.SALAMI CHOR. 320 g;368743;Dr. Oetker;0,3200;kg;4,29;13,41;;;4,29;5900437007151;Hrana
PIZZA FELIC.PRŠUT I PEST.360 g;368746;Dr. Oetker;0,3600;kg;4,29;11,92;;;4,29;5900437007113;Hrana
PEL.PRETTY BABY MIDI 56/1;368749;Pretty Baby;56,0000;kom;6,79;0,12;;;6,79;9100000980867;Toaletne potrepštine
PEL.PRETTY BABY MAXI 50/1;368751;Pretty Baby;50,0000;kom;6,75;0,14;;;6,75;9100000980836;Toaletne potrepštine
PEL.PRETTY BABY XL 38/1;368752;Pretty Baby;38,0000;kom;8,49;0,22;;;8,49;9100000980904;Toaletne potrepštine
PEL.PRETTY BABY MINI 64/1;368755;Pretty Baby;64,0000;kom;7,99;0,12;;;7,99;9100000980881;Toaletne potrepštine
RAMA PB S MASLIN.ULJE.200 g;368761;Rama;0,2000;kg;2,39;11,95;;;2,19;8719200252950;Hrana
UL.ALWAYS FRESH DNEVNI 52/1;368796;Always;52,0000;kom;3,29;0,06;;;3,29;8006540791394;Toaletne potrepštine
ZIMSKA SAL.CLASS.KOMETA 400 g ;368812;KOMETA;0,4000;kg;5,29;13,23;;;5,79;5998002053924;Hrana
ULO.ALWAYS NIGHT QUATTRO 28/1;368826;Always;28,0000;kom;4,95;0,18;;;4,95;8700216861182;Toaletne potrepštine
BOMB.BAZOOKA JUICY DIPPER.96 g;368829;Bazooka;0,0960;kg;4,79;49,90;;;4,39;5011053025891;Hrana
ULO.ALWAYS UL.SU.PL.QUATR.32/1;368833;Always;32,0000;KOM;4,95;0,15;;;4,95;8700216861199;Toaletne potrepštine
ULO.ALWAYS ULTRA NIGHT 22/1;368837;Always;22,0000;kom;5,16;0,23;;;5,16;8001841913919;Toaletne potrepštine
POSEBNA PILEÆA KOB.300 g CEKIN;368839;Cekin;0,3000;kg;1,19;3,97;;;1,49;3850159125164;Hrana
POSEB.PIL.SA SIROM 300 g CEKIN;368840;Cekin;0,3000;kg;1,19;3,97;;;1,49;3850159125171;Hrana
KRPICE TO.TO SOFT 60/1;368858;To.To;60,0000;KOM;6,99;0,12;;;6,99;3838985898681;Toaletne potrepštine
TJES.SCOTTI VENERE PENNE 400 g;368861;Scotti;0,4000;kg;3,29;8,23;;;3,29;8001860184819;Hrana
TJ.SCOTTI VENERE FUSILLI 400 g;368862;Scotti;0,4000;kg;3,29;8,23;;;3,29;8001860184833;Hrana
TJ.SCOTTI VENE.SPAGHETTI 400 g;368863;Scotti;0,4000;kg;3,29;8,23;;;3,29;8001860185144;Hrana
TJE.DE CECCO ORECCHIETTE 500 g;368867;De Cecco;0,5000;kg;3,39;6,78;;;3,39;8001250120915;Hrana
TJE.SCOTTI VENE.RIGATONI 400 g;368872;Scotti;0,4000;kg;3,29;8,23;;;3,29;8001860184796;Hrana
KREMA MELEM  ZA RUKE  50 ml;368878;Melem;0,0500;l;3,30;66,00;;;3,30;3856007910913;Kozmetika
NAMAZ LINO LADA MILK POD.160 g;368879;Podravka;0,1600;kg;2,19;13,69;;;2,06;3856020265106;Hrana
ZUB.PASTA SENSODY.COM.PR.75 ml;368885;Sensodyne;0,0750;l;7,49;99,87;;;5,59;5054563245724;Kozmetika
JUHA ABECEDA PILEÆA PODRA.60 g;368900;Podravka;0,0600;kg;0,99;16,50;;;0,99;3856020261634;Hrana
ŠAM.BOTANIC THER. MAGN.400 ml;368915;Bothanic therapy;0,4000;L;4,49;11,23;;;4,49;3600542512374;Kozmetika
REG.BOTANIC THERAPY MAG 200 ml;368916;Bothanic therapy;0,2000;L;3,59;17,95;;;3,59;3600542512268;Kozmetika
MAS.LICE GARNIER CRYO JELLY ;368918;Garnier;1,0000;kom;3,49;3,49;;;3,49;3600542500586;Kozmetika
MAS. GARNIER ZA OÈI CRY JELLY ;368919;Garnier;1,0000;kom;2,99;2,99;;;2,99;3600542500517;Kozmetika
VINO ROSE CLASS.TIKVEŠ 0,75 L;368920;Tikves;0,7500;L;5,29;7,05;;;5,29;5310008005750;Piæa
KREMA GARNIER  VITAMIN C 15 ml;368921;Garnier;0,0150;l;8,49;566,00;;;7,99;3600542514149;Kozmetika
VINO GRAŠEVINA CLA.TIK. 0,75 L;368922;Tikves;0,7500;L;5,29;7,05;;;5,29;5310008006283;Piæa
REG.FRU.HAIR FOOD ANAN. 350 ml;368923;Garnier;0,3500;L;5,39;15,40;;;5,19;3600542528177;Kozmetika
ŠAM.FR.HAIR FOOD ANANAS 350 ml;368925;Garnier;0,3500;L;5,39;15,40;;;5,19;3600542528160;Kozmetika
MASKA FRUCTIS ANANAS 390 ml;368926;Garnier;0,3900;l;7,49;19,21;;;7,49;3600542500364;Kozmetika
ŠA.GARNIER FRUCTIS OIL 250 ml;368927;Garnier;0,2500;L;3,49;13,96;;;3,39;3600542514279;Kozmetika
BRIT.WILKINSON XTR.SENSIT. 4/1;368928;Wilkinson;4,0000;kom;2,99;0,75;;;6,19;4027800232802;Kozmetika
ÈET.ORAL B SENSITIVE;368930;Oral B;1,0000;kom;3,49;3,49;;;3,49;3014260101503;Kozmetika
KREMA BAD ZA UÈVRŠÈ.ZUBI 47 g;368932;Blend a dent;1,0000;kom;4,49;4,49;;;4,49;8001841900612;Kozmetika
KAVA BARCAFFE CLASSIC 1 kg;368933;Barcaffe;1,0000;kg;17,99;17,99;;;17,99;3838975531659;Piæa
GIN SCAPEGRACE BLACK 0,7 L;368939;;0,7000;L;29,99;42,84;;;44,39;9421903387660;Piæa
HAVANA CLUB COLA 0,33 L;368940;Urban;0,3300;L;3,29;9,97;;;3,12;4005971394307;Piæa
DEO SPR.OLD SPICE WHI.250 ml;368941;Old Spice;0,2500;l;6,49;25,96;;;5,97;8700216875677;Kozmetika
MALIBU COLA 0,25 L;368942;Urban;0,2500;L;2,89;11,56;;;2,82;5012461002566;Piæa
VANILIN ŠEÆER PODR.DOLCELA 8 g;368943;Dolcela;0,0080;kg;0,20;25,00;;;0,20;3856020258511;Hrana
DEO ST.OLD SPICE CAPTAIN 85 ml;368944;Old Spice;0,0850;l;6,49;76,35;;;5,97;8700216879866;Kozmetika
VANILIN ŠEÆER PODRA.8 g (5+1);368946;Dolcela;0,0480;kg;0,99;20,63;;;0,99;3856020258726;Hrana
SMIRNOFF ICE RED 0,25 L;368947;;0,2500;L;3,85;15,40;;;3,85;5410316997980;Piæa
GEL TUŠ.OLD SPICE WHITE.675 ml;368948;Old Spice;0,6750;l;6,49;9,61;;;5,97;8006540280195;Kozmetika
TOST INTEGRALNI 460 g;368949;;0,4600;kg;1,72;3,74;;;1,72;8410087414874;Hrana
VINO CAVES D´ESCLANS 0,75 L;368954;;0,7500;L;11,59;15,45;;;12,29;3666140033604;Piæa
GEL TUŠ.OLD SPICE CAP. 675 ml;368956;Old Spice;0,6750;l;6,49;9,61;;;5,97;8006540280140;Kozmetika
GEL TUŠ.OLD SPICE WHITE.400 ml;368957;Old Spice;0,4000;l;2,99;7,48;;;3,85;8006540838761;Kozmetika
DEO STI.OLD SPICE WHITEW.85 ml;368958;Old Spice;0,0850;l;6,49;76,35;;;5,97;8700216357814;Kozmetika
GAZ.PIÆE S.PELL.ŠIP.NAR.0,33 L;368963;San Pellegrino;0,3300;L;1,79;5,42;;;1,99;8002270576850;Piæa
TONIC TH.HENRY BITT.LEMO.0,2 L;368965;;0,2000;L;2,29;11,45;;;2,29;4251760800058;Piæa
PIVO OŽUJSKO 0,33 L;368967;Ožujsko;0,3300;L;1,02;3,09;;;1,12;3850131006047;Piæa
SOK SPAR JABUKA MUTNI 100% 1 L;368969;SPAR;1,0000;L;;1,91;1,91;2,39;2,39;9100000023977;Piæa
PUDING KIDSWORLD 70 g;368973;;0,0700;kg;1,19;17,00;;;1,19;8595588202561;Hrana
KREMA COXIR ULTRA HYALUR.50 ml;368981;COXIR;0,0500;L;17,99;359,80;;;17,99;8809080826249;Kozmetika
KREMA COXIR CRNI PUŽ 50 ml;368983;COXIR;0,0500;L;17,99;359,80;;;17,99;8809080826201;Kozmetika
GEL COXIR GREEN TEA 150 ml;368989;COXIR;0,1500;L;15,99;106,60;;;15,99;8809080826331;Kozmetika
TONIK COXIR GREEN TEA 150 ml;368990;COXIR;0,1500;L;15,99;106,60;;;15,99;8809080826102;Kozmetika
SERUM COXIR  VITA C 50 ml;368994;COXIR;0,0500;L;16,99;339,80;;;16,99;8809080826270;Kozmetika
TJEST.PUŽIÆI BR.2 KOLEDA 400 g;369012;Koleda;0,4000;kg;1,99;4,98;;;2,25;3859888433557;Hrana
REZANCI ŠIR.RAV.KOLEDA 400 g;369013;Koleda;0,4000;kg;1,99;4,98;;;2,25;3859888433540;Hrana
REZANCI ŠIR.RAV.KOLEDA 400 g;369014;Koleda;0,4000;kg;1,99;4,98;;;2,25;3859888433533;Hrana
REZANCI JUŠ.MAM.KOLEDA 400 g;369015;Koleda;0,4000;kg;1,99;4,98;;;2,25;3859888433519;Hrana
REZANCI JUŠ.MAM.KOLEDA 400 g;369016;Koleda;0,4000;kg;1,99;4,98;;;2,25;3859888433526;Hrana
DEKOR MIX SPAR 120 g;369045;SPAR;0,1200;kg;;26,17;3,14;4,49;3,99;9100000068107;Hrana
NAMAZ DESPAR LJEŠNJAK 400 g;369049;Despar;0,4000;kg;3,49;8,73;;;3,49;8001300803096;Hrana
KAVA CLASSIC ESPRESSO 500 g;369051;Franck;0,5000;kg;12,69;25,38;;;12,69;3850291054001;Piæa
TORT.KRAŠ CRUNCHY DUO 42 g;369053;Kraš;0,0420;kg;0,95;22,62;;;0,95;3850102006724;Hrana
KAVA STRETTO ESPRESSO 500 g;369054;Franck;0,5000;kg;14,69;29,38;;;14,69;3850291054018;Piæa
KEKS DOMAÆICA ORIGINAL 500 g;369055;Domaèica;0,5000;kg;5,99;11,98;;;3,55;3850102012633;Hrana
KAVA SUPERIORE ESPRESSO 500 g;369056;Franck;0,5000;kg;18,69;37,38;;;18,69;3850291054025;Piæa
KAVA 1892 EDIT ESPRESSO 500 g;369057;Franck;0,5000;kg;16,19;32,38;;;16,19;3850291054032;Piæa
SERUM GARNIER VITAMIN C  50 ml;369061;Garnier;0,0500;l;13,49;269,80;;;13,09;3600542553728;Kozmetika
PAN.PIL.MINI FILE SA SEZ.500 g;369063;Vindija;0,5000;kg;6,49;12,98;;;6,49;3850159141201;Hrana
SPARE RIBS;369070;;1,0000;kg;19,29;19,29;;;18,99;3850139282023;Hrana
GAZ.PIÆE JUPI TANGERINE 1,25 L;369072;;1,2500;L;2,09;1,67;;;1,72;3877000209958;Piæa
GAZ.PIÆE JUPI NARANÈA 1,25 L;369073;;1,2500;L;2,09;1,67;;;1,72;3877000209934;Piæa
SOK S-BUDGET MULTIVIT.100% 1 L;369075;S-Budget;1,0000;L;1,59;1,59;;;1,85;9100000984445;Piæa
SALAMA S JELENOM 80 g LOVSKI;369097;Lovski;0,0800;kg;2,25;28,13;;;2,25;3859893534003;Hrana
PELENE PRETTY BABY JUNIOR 44/1;369100;Pretty Baby;44,0000;kom;6,39;0,15;;;6,39;9100000980782;Toaletne potrepštine
ŠTAPIÆI CHIO 40 g;369103;Chio;0,0400;kg;0,49;12,25;;;0,49;4000522061653;Hrana
VOÆNI TROP.MIX EUROCO.125 g;369104;EUROCOMPANY;0,1250;kg;2,15;17,20;;;1,51;3872084014566;Hrana
KEKS DESPAR MLIJEÈNA ÈOK.250 g;369112;Despar;0,2500;kg;2,49;9,96;;;2,49;8001300800095;Hrana
GAZIRANO PIÆE PEPSI 4X0,25 L;369113;Pepsi;1,0000;L;3,25;3,25;;;3,25;3830065023181;Piæa
PP.PJENU.ASTORIA 0,75 L+LEPEZA;369114;Astoria;0,7500;L;10,92;14,56;;;10,92;0745604911641;Piæa
BOM.DESPAR TOFFEE MILK 150 g;369115;Despar;0,1500;kg;1,29;8,60;;;1,29;8001300502555;Hrana
KARAMELE DESPAR TOF. FR. 150 g;369116;Despar;0,1500;kg;1,29;8,60;;;1,29;8001300502562;Hrana
BOM.NIMM2 COLA BUDDIES 90 g;369127;Nimm 2;0,0900;kg;1,25;13,89;;;1,25;4014400934137;Hrana
BOM.NIMM2 FLUFFIES 90 g;369128;Nimm 2;0,0900;kg;1,25;13,89;;;1,25;4014400936346;Hrana
BOMBONI GUM.NIMM2 SOUR 100 g;369132;Nimm 2;0,1000;kg;1,25;12,50;;;1,25;4014400911039;Hrana
TOFFIFEE 400 g;369134;Toffifee;0,4000;kg;8,09;20,23;;;8,49;4014400900576;Hrana
ÈOK.KIND.BUENO WHITE 97,5 g;369136;Kinder;0,0980;kg;2,69;27,45;;;2,49;8000500394694;Hrana
ÈIPS LAY´S VRHNJE I LUK 130 g;369142;Lays;0,1300;kg;1,99;15,31;;;1,89;5900259128409;Hrana
KAVA JULIUS MEINL ME.1 KG ZRNO;369143;JULIUS MEINL;1,0000;KG;35,49;35,49;;;32,49;9000403953317;Piæa
KAVA JUL.MEINL MLJEVENA 220 g ;369144;JULIUS MEINL;0,2200;KG;6,49;29,50;;;5,89;9000403975524;Piæa
ÈIPS LAY´S ZELENI LUK 130 g;369148;Lays;0,1300;kg;1,99;15,31;;;1,89;5900259128898;Hrana
ÈIPS LAY´S MAXX SIR I LU.120 g;369149;Lays;0,1200;kg;1,99;16,58;;;1,89;5900259127754;Hrana
ÈIPS LAYS OB JOGURT 110 g;369150;Lays;0,1100;kg;2,59;23,55;;;2,59;5900259128843;Hrana
ÈIPS LAYS OB SLANI 110 g;369152;Lays;0,1100;kg;2,59;23,55;;;2,59;5900259128652;Hrana
ÈIPS LAYS OB POVRÆE 110 g;369153;Lays;0,1100;kg;2,59;23,55;;;2,59;5900259127679;Hrana
TONIC VINDI ZERO 1,5 L;369155;Vindija;1,5000;L;1,55;1,03;;;1,59;3850108071450;Piæa
PEL.GAÆ.PRETTY BABY XL 31/1;369160;Pretty Baby;31,0000;KOM;7,49;0,24;;;7,49;9100000969107;Toaletne potrepštine
KOBASICA ÈAJNA 300 g PREMIUM;369185;Gavrilovic;0,3000;kg;;18,30;5,49;5,99;6,49;3858892725849;Hrana
GEL TUŠ.FA MYSTIC MOM.2x400 ml;369188;Fa;0,8000;l;4,99;6,24;;;4,99;3838824432915;Kozmetika
MASKA LICE ISANA HYDRO 1 kom;369190;ISANA;1,0000;kom;0,99;0,99;;;0,99;4305615651453;Kozmetika
KOB.SRIJEMSKA 300 g PREMIUM;369192;Gavrilovic;0,3000;kg;;18,30;5,49;5,99;6,19;3858892725689;Hrana
KOB.GRANIÈARSKA 300 g PREMIUM;369194;Gavrilovic;0,3000;kg;6,35;21,17;;;6,35;3858892725467;Hrana
ZIMSKA SALAMA 300 g GAVRILOVIÆ;369195;Gavrilovic;0,3000;kg;;26,63;7,99;8,89;8,49;3858892725719;Hrana
SALAMA ROMANA 300 g GAVRILOVIÆ;369196;Gavrilovic;0,3000;kg;;16,63;4,99;5,99;6,34;3858892725733;Hrana
KULENOVA SEKA 300 g PREMIUM;369197;Gavrilovic;0,3000;kg;6,49;21,63;;;6,49;3858892725825;Hrana
KOB.ÈAJNA MAKSI 600 g GAVRIL.;369199;Gavrilovic;0,6000;kg;12,29;20,48;;;12,29;3858892725771;Hrana
ÈOKOLADA MERCI MARCIPAN 112 g;369202;Merci;0,1120;kg;;17,77;1,99;2,79;2,79;4014400916744;Hrana
KULEN.SEKA MAKSI 600 g GAVRIL.;369204;Gavrilovic;0,6000;kg;12,29;20,48;;;12,29;3858892725900;Hrana
Pastrva kalifornijska ;369206;;1,0000;kg;5,89;5,89;;;5,89;;Hrana
LASAGNE BARILLA 250 g;369234;Barilla;0,2500;kg;2,49;9,96;;;2,49;8076809542517;Hrana
JOGURT VANILIJA SPAR 500 g;369245;SPAR;0,5000;kg;1,29;2,58;;;1,29;9100000983950;Hrana
JOG.VOÆ.MÜSLI SPAR 500 g;369254;SPAR marka kvalitete;0,5000;kg;1,29;2,58;;;1,29;9100000985176;Hrana
SOL PAŠKA MORSKA SOL.CV.150 g;369268;;0,1500;kg;7,99;53,27;;;7,99;3859888155763;Hrana
VAFLI KOESTLIN MIGNON 200 g;369276;Koestlin;0,2000;kg;2,89;14,45;;;2,89;3856014106057;Hrana
VAFLI KOESTLIN RUM 200 g;369280;Koestlin;0,2000;kg;2,89;14,45;;;2,89;3856014106088;Hrana
SLA.KEKS SO.SPAR VEGGIE 6x50 g;369289;SPAR Veggie;0,3000;kg;4,49;14,97;;;4,49;8001300674368;Hrana
HRANA ZA MAÈKE SHEBA PILE.85 g;369290;Sheba;0,0850;kg;1,09;12,82;;;1,09;4770608257170;Proizvodi za kuæanstvo
ŠAMPON ZA PSE 250 ml;369292;;0,2500;l;3,99;15,96;;;3,99;8007229003623;Proizvodi za kuæanstvo
MASKA PANTENE INFINITE 300 ml;369301;Pantene;0,3000;l;4,99;16,63;;;5,79;8700216058056;Kozmetika
ŠAMP.PANT.INFINITE 400 ml;369304;Pantene;0,4000;l;4,99;12,48;;;5,59;8700216058155;Kozmetika
ÈOK.BIJELA KANDI KOKOS 80 g;369328;Kandit;0,0800;kg;;16,13;1,29;1,69;1,69;3856024804905;Hrana
KAP.S-BUDGET LUNGO FORTE 156 g;369339;S-Budget;0,1560;KG;8,49;54,42;;;8,49;9100000984582;Piæa
KOB. KRANJSKA 150 g GAVRILOVIÆ;369349;Gavrilovic;0,1500;kg;2,55;17,00;;;2,55;3858892725382;Hrana
ZU.PAS.COLGATE MAX WHI.75 ml;369352;Colgate;0,0750;l;3,79;50,53;;;3,79;8718951540033;Kozmetika
ÈETK.COLGATE ZA ZUBE DENSITY ;369353;Colgate;1,0000;kom;4,69;4,69;;;4,69;8718951307117;Kozmetika
ZU.PAS.COLGATE CAV.PRO 75 m;369354;Colgate;0,0750;l;2,35;31,33;;;2,35;6920354836176;Kozmetika
ZU.PAS.COLGATE  WHITENI.75 ml;369355;Colgate;0,0750;l;2,35;31,33;;;2,35;6920354836091;Kozmetika
MUSLI FREE FROM ZOB.VOÆ.400 g;369358;SPAR free from;0,4000;kg;3,99;9,98;;;3,99;9100000983684;Hrana
LUTENICA SPAR PREMIUM 340 g;369361;SPAR REMIUM;0,3400;kg;3,49;10,26;;;3,49;3831115332864;Hrana
PIVO STAROÈEŠKO 6X0,5 L;369397;Staroèesko;3,0000;L;6,09;2,03;;;6,93;3859893750366;Piæa
ÈET. COLGATE S.SOFT 3/1;369480;Colgate;3,0000;kom;9,00;3,00;;;9,00;8714789940557;Kozmetika
FER.SOJIN PROIZ.ALPR.NAT.400 g;369490;Alpro;0,4000;kg;2,79;6,98;;;2,79;5411188137979;Hrana
PASTA  ELMEX  JUNIOR 75 ml;369492;Elmex;0,7500;l;4,39;5,85;;;5,49;8718951573345;Kozmetika
Šunka delikates Vesta;369493;Montorsi;1,0000;kg;12,19;12,19;;;12,19;98005153207707;Hrana
SIRNICA JAMI 10x90 g;369494;Jami;0,9000;kg;3,99;4,43;;;2,99;3871832023775;Hrana
ZELJANICA JAMI 10x90 g;369498;Jami;0,9000;kg;3,99;4,43;;;2,99;3871832023799;Hrana
KRUMPIRUŠA JAMI 10x90 g;369501;Jami;0,9000;kg;3,99;4,43;;;2,99;3871832023782;Hrana
ŽVAKE ORBIT TROP.BOÈICA 67 g;369536;Orbit;0,0670;kg;4,19;62,54;;;4,19;4009900540551;Hrana
SIR EDAM REZANI 40% M.M. 300 g;369539;;0,3000;kg;3,49;11,63;;;3,49;3830019420691;Hrana
SIR GAUDA REZA. 48% M.M. 300 g;369543;;0,3000;kg;3,49;11,63;;;3,49;3830019420714;Hrana
GUM.BOM.GUMMI ZONE BURGER 28 g;369547;DUPIN;0,0280;kg;0,55;19,64;;;0,59;8992741906890;Hrana
GUM.BOMB.GUMMI ZONE PIZZA 14 g;369553;DUPIN;0,0140;kg;0,25;17,86;;;0,29;8992741906920;Hrana
ŽVAKE AIRWAVES GINGER LIM.14 g;369554;Wrigley;0,0140;kg;,99;70,71;;;0,99;40099569;Hrana
DET.ARIEL COLOR 6,325 KG;369576;Ariel;6,3250;kom;;3,63;22,99;32,99;22,99;8006540940808;Sredstva za èišæenje
PASSIONFRUIT 150 g;369579;;0,1500;kg;2,59;17,27;;;2,29;3859891295661;Hrana
ÈETKICA ZA ZUBE ADVAN.SING.;369596;Colgate;1,0000;kom;4,49;4,49;;;4,49;8718951111660;Kozmetika
ZUB.PAS.PLID SUPERFR.PL.125 ml;369604;Plidenta;0,1250;l;2,79;22,32;;;2,69;3856007910784;Kozmetika
VEG.NUGGETS SPAR VEGGIE 320 g;369608;SPAR Veggie;0,3200;kg;4,99;15,59;;;4,99;9100000982717;Hrana
GRAH S-BUDGET SMEÐI 800 g;369617;S-Budget;0,4800;kg;1,59;3,31;;;1,59;3856021224935;Hrana
LIKER KRUŠKOVAC ZVEÈEVO 1L;369620;Zvecevo;1,0000;L;9,69;9,69;;;10,02;3858894170883;Piæa
GRAH S-BUDGET SMEÐI 400 g;369622;S-Budget;0,2400;kg;0,79;3,29;;;0,79;3856021224959;Hrana
GEL ZA TUŠ.FA MEN SPORT 750 ml;369625;Fa;0,7500;l;4,99;6,65;;;4,99;5201143728942;Kozmetika
SLAD.MOCHI KOKOS WAO 210 g;369633;;0,2100;kg;5,99;28,52;;;5,99;8421826410033;Hrana
SLAD.MOCHI MANGO WAO 210 g;369634;;0,2100;kg;5,99;28,52;;;5,99;8421826410026;Hrana
LIKER KORLAT BISKA 0,7 L;369648;Korlat;0,7000;L;24,02;34,31;;;24,02;3850112111951;Piæa
KUPKA FA MYSTIC MOMENTS 750 ml;369649;Fa;0,7500;l;;3,32;2,49;4,99;4,99;5201143729024;Kozmetika
PIVO BENEDIKTINER PŠEN.4X0,5 L;369679;Benediktiner;2,0000;L;5,59;2,80;;;6,11;4052197002806;Piæa
GAZIRANO PIÆE PEPSI 0,25 L;369680;Pepsi;0,2500;L;,85;3,40;;;0,85;3830065023167;Piæa
OSVJ.PIÆE FRUC MULTIVITA.1,5 L;369682;;1,5000;L;1,72;1,15;;;1,72;3838945501231;Piæa
LED.ÈAJ SPAR MALI.BOROV.0,33 L;369684;SPAR;0,3300;L;,69;2,09;;;0,69;9100000994079;Piæa
OSVJ.PIÆE PAW KRUŠ.JABU.0,33 L;369695;Ekskluzivno za SPAR;0,3300;L;1,22;3,70;;;1,22;9120111882010;Piæa
OSVJ.PIÆE PEPPA JAB.VIŠ.0,33 L;369696;Ekskluzivno za SPAR;0,3300;L;1,22;3,70;;;1,22;9120111880979;Piæa
ŽU-ŽU SA SEZAMOM S-BUDGET 1 kg;369700;S-Budget;1,0000;kg;2,49;2,49;;;2,49;3856021224249;Hrana
UKRASI ZA SLADOLED 100 g;369705;;0,1000;kg;1,99;19,90;;;1,99;8015854191127;Hrana
KORNETI 14/1 GECCHELE 175 g;369708;;0,1750;kg;1,99;11,37;;;1,99;8015854191141;Hrana
KORNETI 12/1 GECCHELE 74 g;369709;;0,0740;kg;1,99;26,89;;;1,99;8015854191134;Hrana
PIRE KRUMPIR S-BUDGET 460 g;369711;S-Budget;0,4600;kg;2,59;5,63;;;2,99;9100000988818;Hrana
ZAÈ.BURBON VANILIJA 5 g BIO;369715;Spar Natur pur;0,0050;kg;5,99;1198,00;;;5,99;9100000976310;Hrana
Losos dim.norv.narez.;369718;;1,0000;kg;;34,99;34,99;47,99;49,99;;Hrana
BEZALKO.VINO JM FON.BL. 0,75 L;369731;;0,7500;L;7,52;10,03;;;7,52;5601174821009;Piæa
KEKS McVITIE´S SENDVIÈ 100 g;369755;Mc Vitie's;0,1000;kg;;7,90;0,79;0,99;0,99;8690504083900;Hrana
VAF.ROL.SWING SL.KARAMEL.150 g;369756;DUPIN;0,1500;kg;;9,27;1,39;1,69;1,69;5908234812312;Hrana
VAF.ROL.SWING KOKOS 150 g;369759;DUPIN;0,1500;kg;;9,27;1,39;1,69;1,69;5908234805659;Hrana
MLIJ.LAG.JUT.DUKAT 1,5% 0,5 L;369769;Dukat;0,5000;L;1,39;2,78;;;1,39;3850354006855;Hrana
MJEŠAV.HELJDIN KRUH B.G.375 g;369775;;0,3750;kg;3,99;10,64;;;4,99;3857500135223;Hrana
MJEŠAV.KUKUR.KRUH B.G.375 g;369777;;0,3750;kg;3,99;10,64;;;4,99;3857500135247;Hrana
MJEŠAV.RIŽIN KRUH B.G.375 g;369778;;0,3750;kg;3,99;10,64;;;4,99;3857500135209;Hrana
BOMB.GUM.GF.MEDO 80 g;369789;DUPIN;0,0800;kg;1,89;23,63;;;1,89;8436554792214;Hrana
BOMB.GUM.GF.COLA 80 g;369791;DUPIN;0,0800;kg;1,89;23,63;;;1,89;8436554792122;Hrana
BOMB.GUM.GF.KUPINA 80 g;369795;DUPIN;0,0800;kg;1,89;23,63;;;1,89;8436554792207;Hrana
ŠAMP.SCHAUMA REGENE. 750 ml;369823;Schauma;0,7500;l;5,99;7,99;;;6,99;9000101681246;Kozmetika
ŠAMP.SCHAUMA 7 TRAVA 750 ml;369827;Schauma;0,7500;l;5,99;7,99;;;6,99;9000101681123;Kozmetika
ŠAMP.SCHAUMA MEN 750 ml;369829;Schauma;0,7500;l;5,99;7,99;;;6,99;9000101681185;Kozmetika
GIN CROATIAN ROSE LD 0,7 L;369839;;0,7000;L;35,99;51,41;;;38,99;3858891170985;Piæa
DŽEM DOORA MIJEŠANO VOÆE 680 g;369841;Doora;0,6800;kg;3,49;5,13;;;3,49;3858894541737;Hrana
VINO PINOT CRNI DVANAJ. 0,75 L;369844;;0,7500;L;15,02;20,03;;;15,02;3859893380051;Piæa
WHISKY BALLANTINES 7YO 0,7 L;369848;Ballantines;0,7000;L;21,19;30,27;;;20,52;5000299628034;Piæa
SRE.SPLENDID ULTRAPOWER 750 ml;369852;Splendid;0,7500;L;1,99;2,65;;;1,99;3856021224324;Sredstva za èišæenje
SET KRPA MIC.COL.8/1 VILEDA;369895;;8,0000;kom;18,39;2,30;;;18,39;4023103185975;Proizvodi za kuæanstvo
SET KRPA U.FRESH 3/1 VILEDA;369896;;3,0000;kom;9,79;3,26;;;9,79;4023103229273;Proizvodi za kuæanstvo
SET KRPA U.FRESH 2/1 VILEDA;369898;;2,0000;kom;2,49;1,25;;;5,29;4023103239593;Proizvodi za kuæanstvo
SET SPUŽ.U.FRESH 3/1 VILEDA;369899;;3,0000;kom;6,79;2,26;;;3,79;4023103239500;Proizvodi za kuæanstvo
RUKAVICE GRIFFIGE L,VILEDA;369900;;1,0000;kom;5,99;5,99;;;5,99;8001940003368;Proizvodi za kuæanstvo
VINO ANTUNOVIÆ ZE.SILVA.0,75 L;369905;;0,7500;l;8,99;11,99;;;11,99;3859892364052;Piæa
KAVA DESPAR PREMIUM BOHE. 52 g;369942;SPAR PREMIUM;0,0520;kg;3,49;67,12;;;3,09;8001300805298;Piæa
KAVA DESPAR PREM.TOSCA 162 g;369943;SPAR PREMIUM;0,1620;kg;8,69;53,64;;;7,65;8001300805304;Piæa
DEO SP.DOVE ORIGINA.XXL 200 ml;369947;Dove;0,2000;l;5,99;29,95;;;5,99;8720181291999;Kozmetika
DEO SP.DOVE INVISIBLE 200ml;369953;Dove;0,2000;l;5,99;29,95;;;5,99;8720181291951;Kozmetika
DEO SP.DOVE FRESH 200 ml;369955;Dove;0,2000;l;5,99;29,95;;;5,99;8720181292033;Kozmetika
KAVA DESPAR PREMIUM TOSCA 52 g;369956;SPAR PREMIUM;0,0520;kg;3,49;67,12;;;3,09;8001300805250;Piæa
DEO SP.DOVE MEN CLEAN 200 ml;369957;Dove;0,2000;l;5,99;29,95;;;5,99;8720181284946;Kozmetika
KAVA DESPAR PREMIUM DECA 52 g;369958;SPAR PREMIUM;0,0520;kg;3,49;67,12;;;3,09;8001300805281;Piæa
SIR SA TARTUFIMA ZIGANTE 240 g;369960;Zigante;0,2400;kg;11,99;49,96;;;11,99;3858891982113;Hrana
KAVA DESPAR PRE.EL.D´AMOR 52 g;369964;SPAR PREMIUM;0,0520;kg;3,49;67,12;;;3,09;8001300805267;Piæa
KAVA DESPAR PREMIUM AIDA 52 g;369965;SPAR REMIUM;0,0520;kg;3,49;67,12;;;3,09;8001300805274;Piæa
KAVA DESPAR PREMIUM RIGO. 52 g;369966;SPAR PREMIUM;0,0520;kg;3,49;67,12;;;3,09;8001300805311;Piæa
KAVA DESPAR PREMIUM TURA. 52 g;369967;SPAR PREMIUM;0,0520;kg;3,49;67,12;;;3,09;8001300805328;Piæa
ROLL-ON REXONA COTTON 50 ml;369971;Rexona;0,0500;l;2,79;55,80;;;2,99;59099307;Kozmetika
DEO SPRAY REXONA BOUQU.200 ml;369973;Rexona;0,2000;l;3,89;19,45;;;3,99;8720181334719;Kozmetika
LIZ.BAZOOK.JUICY DROP POP 26 g;369979;Bazooka;0,0260;kg;3,29;126,54;;;3,09;5011053013591;Hrana
TAMPONI O.B.ORGANIC MINI 16/1;369984;o.b.;16,0000;KOM;3,85;0,24;;;3,70;3574661732565;Toaletne potrepštine
KIKIRIKI MOGYI VRH.LUK 60 g;369986;Filir;0,0600;kg;0,89;14,83;;;0,89;5997347542902;Hrana
KIKIRIKI MOGYI ÈILI 60 g;369988;Filir;0,0600;kg;0,89;14,83;;;0,89;5997347542049;Hrana
GEL ZA T.DOVE CHAM XXL 450 ml;369991;Dove;0,4500;l;5,99;13,31;;;5,99;8720181360589;Kozmetika
WHISKY CLUBHOUSE 0,7 L;369995;;0,7000;L;;38,56;26,99;31,69;31,02;5011995000505;Piæa
LIKER INCANTO SMOKVA 0,5 L;369998;;0,5000;L;13,79;27,58;;;13,22;3858891172781;Piæa
GIN CAPONE MADRE BADES. 0,7 L;370011;;0,7000;L;19,99;28,56;;;25,49;3858894970124;Piæa
RAKIJA ŠLJ.MADRE BADES. 0,7 L;370015;;0,7000;L;27,02;38,60;;;25,49;3858894970100;Piæa
LIKER AMARENA MADRE BAD. 0,7 L;370016;;0,7000;L;23,02;32,89;;;21,79;3858894970025;Piæa
KEKS McVITIE´S SENDVIÈ 87 g;370018;Mc Vitie's;0,0870;kg;;9,08;0,79;0,99;0,99;8690504083986;Hrana
VINO ZLATAN BOGDANUŠA 0,75 L;370021;;0,7500;L;12,02;16,03;;;12,02;3859888437449;Piæa
VINO BIRD´S TREE ROSE 0,75 L;370055;;0,7500;L;4,02;5,36;;;4,02;5998623530613;Piæa
NAMAZ OMEGOL B1 ZVIJEZDA 225 g;370065;Zvijezda;0,2250;kg;1,99;8,84;;;1,69;3856015328625;Hrana
KREKER NATUREL KUKUR.100 g;370095;Naturel;0,1000;kg;1,59;15,90;;;1,59;3858889366260;Hrana
KEKS SCHAR VANILLA CREAM 115 g;370103;Schar;0,1150;kg;4,49;39,04;;;4,49;8008698040867;Hrana
Svinjska leða bez kosti;370104;SPAR marka kvalitete;1,0000;kg;4,99;4,99;;;6,99;3859894326102;Hrana
ÈOK.KNOPPERS NUTBAR 200 g;370119;Storck;0,2000;kg;2,29;11,45;;;2,29;4014400929065;Hrana
OSV.WC BREF WEL.HARMONY 2x50 g;370122;Bref;0,1000;kg;3,29;32,90;;;4,95;9000101587722;Sredstva za èišæenje
KOMPOT DOORA VIŠNJA 560 g;370123;Doora;0,2800;kg;2,99;10,68;;;2,99;3858894541652;Hrana
SKUŠA EVA FIL.BILJ.ULJE 100 g;370127;Eva;0,0700;kg;3,29;47,00;;;2,69;3856020263034;Hrana
HRA.ZA PSE ONE MINI PUR.4X85 g;370144;One;0,3400;kg;3,49;10,26;;;3,49;8445290299079;Proizvodi za kuæanstvo
HRA.ZA PSE ONE MINI PIL.4X85 g;370147;One;0,3400;kg;3,49;10,26;;;3,49;8445290299512;Proizvodi za kuæanstvo
ROOT RETOUCH PALETTE SMEÐA 3g;370169;Palette;0,0030;kg;4,99;1663,33;;;5,49;9000101664065;Kozmetika
ROOT RETOUCH PALETTE CRNA 3 g;370171;Palette;0,0030;kg;4,99;1663,33;;;5,49;9000101663655;Kozmetika
ROOT RETOUCH PALETTE PLAVA 3 g;370173;Palette;0,0030;kg;4,99;1663,33;;;5,49;9000101664140;Kozmetika
PIZZA VEGAN VEGGIE 375 g;370180;SPAR Veggie;0,3750;kg;4,49;11,97;;;4,49;5999033893862;Hrana
JUMBO ROLA S-BUDGET MINI 1/1;370193;S-Budget;1,0000;KOM;2,69;2,69;;;2,69;3856021224904;Proizvodi za kuæanstvo
PILEÆI FILE OD PRSA ;370209;;1,0000;kg;5,99;5,99;;;5,99;3859891081660;Hrana
TAB.SPLENDID ZA PERILICU 51/1;370210;Splendid;51,0000;KOM;3,25;0,06;;;3,25;9100000976716;Sredstva za èišæenje
TAB.SPLENDID ZA WC 16/1;370213;Splendid;16,0000;KOM;2,39;0,15;;;2,25;9100000976730;Sredstva za èišæenje
KUGLA ZA KUPKU ISANA KIDS 1kom;370215;ISANA;1,0000;kom;3,39;3,39;;;3,39;4305615828183;Kozmetika
TAB.SPLENDID LIMUN 100/1;370216;Splendid;100,0000;KOM;7,49;0,07;;;7,49;9100000973722;Sredstva za èišæenje
PECIVO BUNS ÈOKOLADA 250 g;370217;;0,2500;kg;;6,36;1,59;2,13;2,13;3800093511530;Hrana
PECIVO BUNS VANILIJA 250 g;370218;;0,2500;kg;;6,36;1,59;2,13;2,13;3800093511523;Hrana
PECIVO BUNS VIŠNJA 250 g;370219;;0,2500;kg;;6,36;1,59;2,13;2,13;3800093511561;Hrana
SOK S-BUDGET ANANAS 100% 1 L;370234;S-Budget;1,0000;L;2,79;2,79;;;2,29;8056149082256;Piæa
SRE.SPLENDID ULTRAPOWER 600 g;370236;Splendid;0,6000;KG;2,11;3,52;;;2,11;3856021225321;Sredstva za èišæenje
PROSECCO CIVA VILLA FO. 0,75 L;370252;;0,7500;L;8,02;10,69;;;8,02;8058333060262;Piæa
PJENUŠAC BOTTEGA GOLD 0,75 L;370261;;0,7500;L;27,49;36,65;;;27,49;8005829230333;Piæa
PJENUŠAC BOTT.ROSE GOLD 0,75 L;370262;;0,7500;L;27,49;36,65;;;27,49;8005829230388;Piæa
GIN S-BUDGET 0,7 L;370268;S-BUDGET;0,7000;L;5,69;8,13;;;6,02;3856021224461;Piæa
PJENUŠAC FREIXENET ROSE 0,2 L;370269;;0,2000;L;5,59;27,95;;;5,59;8410036001131;Piæa
PROSECCO FREIXEN.EX.DRY 0,2 L;370270;;0,2000;L;4,79;23,95;;;4,79;8410036807658;Piæa
VINO GRAŠ.CR.SVINJA MAR.0,75 L;370271;;0,7500;L;6,05;8,07;;;6,22;3859893430329;Piæa
ENJOY SALATA PILETINA 175 g;370293;SPAR enjoy;0,1750;kg;3,59;20,51;;;3,69;3856021224126;Hrana
UMAK POP PLANET OF PLANT.260 g;370304;;0,2600;kg;2,25;8,65;;;2,29;3856015328533;Hrana
SAL.SPAR MIX MLADI LISTO.125g;370307;SPAR marka kvalitete;0,1250;kg;1,49;11,92;;;1,49;3856021224164;Hrana
SALATA SPAR ICEBERG MRKVA 250g;370310;SPAR marka kvalitete;0,2500;kg;1,59;6,36;;;1,59;3856021224140;Hrana
BOMB.BAZOOKA DROP CHEWS 67 g;370330;Bazooka;0,0670;kg;2,99;44,63;;;3,09;5011053021800;Hrana
DET.VESH GEL COLOR 3 L ;370365;Vesh;3,0000;L;13,29;4,43;;;11,85;3870128033856;Sredstva za èišæenje
DET.VESH GEL WHITE 3 L ;370366;Vesh;3,0000;L;13,29;4,43;;;11,85;3870128033948;Sredstva za èišæenje
SPAR VITAL ŠPINAT 250 g;370386;SPAR Vital;0,2500;kg;1,69;6,76;;;1,69;3856021224188;Hrana
HRANA ZA MAÈKE KITEKAT 85 g;370491;Kitekat;0,8500;kg;0,79;0,93;;;0,79;5900951307355;Proizvodi za kuæanstvo
KOZICE U TEMPURI SPAR 200 g;370517;SPAR;0,2000;kg;5,99;29,95;;;5,99;9100000978048;Hrana
GYOZA KOZICE I POVR.SPAR 250 g;370518;SPAR;0,2500;kg;4,79;19,16;;;4,79;9100000978734;Hrana
SRE.KH 7 DUO PACK 2X750 ml;370522;KH 7;1,5000;L;7,99;5,33;;;7,99;3858893721918;Sredstva za èišæenje
INS.KAVA JACO.CRE.GOLD 2X200 g;370538;Jacobs;0,4000;KG;21,99;54,98;;;17,99;3858893904786;Piæa
KRAST.SPAR PIKANT SL.KIS.670 g;370548;SPAR;0,3500;kg;2,79;7,97;;;2,79;3856021224003;Hrana
VODA PROLOM PRIROD.MINER.0,5 L;370562;;0,5000;L;1,32;2,64;;;1,32;8600169600046;Piæa
VODA PROLOM PRIR.MINERAL.1,5 L;370563;;1,5000;L;2,02;1,35;;;2,02;8600169600022;Piæa
PROTEIN SPAR HIGH PR.VAN.30 g;370571;SPAR;0,0300;kg;1,09;36,33;;;1,09;3856021223907;Hrana
PROTEIN SPAR HIGH PR.ÈOK.30 g;370573;SPAR;0,0300;kg;1,09;36,33;;;1,09;3856021223884;Hrana
PROTEIN SPAR HIGH PR.CLAS.30 g;370574;SPAR;0,0300;kg;1,09;36,33;;;1,09;3856021223860;Hrana
PROT.ZOB.KAŠA SP.HP.ÈOKOL.60 g;370576;SPAR;0,0600;kg;1,09;18,17;;;1,09;3856021223808;Hrana
PROT.ZOB.KAŠA SP.HP.MAL.60 g;370578;SPAR;0,0600;kg;1,09;18,17;;;1,09;3856021223822;Hrana
PROT.PALAÈ.SPAR HIGH PROT.40 g;370580;SPAR;0,0400;kg;1,09;27,25;;;1,09;3856021223846;Hrana
PROTEIN SPAR HIGH PR.ÈOK.500 g;370581;SPAR;0,5000;kg;14,99;29,98;;;11,99;3856021223921;Hrana
PROTEIN SPAR HIGH PR.VAN.500 g;370582;SPAR;0,5000;kg;14,99;29,98;;;11,99;3856021223945;Hrana
HUMMUS MASLINE RIBELLA 200 g;370583;;0,2000;kg;2,25;11,25;;;2,25;8606011895677;Hrana
VODKA PURE DIVINE 0,7 L;370586;;0,7000;L;7,19;10,27;;;7,52;3263280123938;Piæa
MASLAC TRAD.TALIJAN.PREM.125 g;370602;SPAR PREMIUM;0,1250;kg;1,79;14,32;;;2,29;8001300643890;Hrana
UL.HIG.VIOLETA DAY&NIGHT 18/1;370603;Violeta;18,0000;KOM;2,39;0,13;;;2,12;3870128040861;Toaletne potrepštine
KREMA AZENA ZA RUKE LAV. 50 ml;370618;AZENA;0,0500;l;;39,80;1,99;2,49;4,99;3859888549319;Kozmetika
KREMA AZENA ZA RUKE LIM. 50 ml;370619;AZENA;0,0500;l;;39,80;1,99;2,49;4,99;3859888549326;Kozmetika
FRANCUSKA SALATA SPAR 500 g;370620;SPAR;0,5000;kg;3,29;6,58;;;3,29;3831115317915;Hrana
VEG.KOM.OKUS PILET.S.VEG.200 g;370621;SPAR Veggie;0,2000;kg;3,49;17,45;;;3,49;3831115327389;Hrana
ULJE CRN.KIMA GRANA EKO 250 ml;370624;Grana;0,2500;kg;12,99;51,96;;;12,99;3859893457043;Hrana
 CROSTATINE KAKAO  240 g;370658;DESPAR;0,2400;kg;1,49;6,21;;;1,49;8001300802396;Hrana
SALAMA TRIO S BUDGET 150 g;370735;S-Budget;0,1500;kg;3,19;21,27;;;3,39;9100000937823;Hrana
KOBASICA NARODNA 300 g GAVRIL.;370773;Gavrilovic;0,3000;kg;2,59;8,63;;;2,69;3858892725429;Hrana
BU SUŠILO ZA RUBLJE 18m,CRNO;370847;S-BUDGET;1,0000;kom;14,99;14,99;;;14,99;9100000003603;Proizvodi za kuæanstvo
ÈOKOLINO PROTEIN PODRAV.350 g;370854;Èokolino;0,3500;kg;5,79;16,54;;;5,59;3856020264789;Hrana
MIX.ORAŠ.PLOD.S BUDGET 200 g;370861;S-Budget;0,2000;kg;2,89;14,45;;;2,89;9100000817828;Hrana
BRUSC.DESPAR  MASL.ULJE 150 g;370862;DESPAR;0,1500;kg;;6,07;0,91;1,59;1,59;8001300800200;Hrana
INST.KAVA NESCAFE CLASSI.300 g;370898;Nescafe;0,3000;kg;10,49;34,97;;;13,49;7891000383254;Piæa
DŽEM DOORA MARELICA 680 g;370916;Doora;0,6800;kg;4,19;6,16;;;4,19;3858894541720;Hrana
SERUM ZORINA MAST VIT.C 30 ml;370923;ZORINA MAST;0,0300;l;17,19;573,00;;;17,19;3859894008336;Kozmetika
MIC.ZORINA MAST VODA S.300 ml;370925;ZORINA MAST;0,3000;L;8,99;29,97;;;8,99;3859894008275;Kozmetika
KREM.ZORINA MAST ZA RUKE 50 ml;370927;ZORINA MAST;0,0500;L;4,19;83,80;;;4,19;3859894008237;Kozmetika
SAVIJ.JAB. I CIM. PEPAS 600 g;370934;;0,6000;kg;6,99;11,65;;;6,99;3857500135940;Hrana
JOG.NATUR 3,6% M.M.S BUD.500 g;370943;S-Budget;0,5000;kg;0,99;1,98;;;0,99;9100000993515;Hrana
TIJ.ZA PIZZ.UM.RAJÈ.SPAR 600 g;370945;SPAR;0,6000;kg;2,59;4,32;;;2,59;9100000160207;Hrana
SPARE RIBS S BBQ UMAKOM;370954;;1,0000;kg;18,99;18,99;;;18,99;3859894177018;Hrana
SPARE RIBS S CLASSIC UMAKOM;370955;;1,0000;kg;18,99;18,99;;;18,99;3859894177025;Hrana
SPARE RIBS S KIKIRIKI UMAKOM;370957;;1,0000;kg;18,99;18,99;;;18,99;3859894177001;Hrana
PULLED PORK 400 g;370958;;0,4000;kg;6,49;16,23;;;6,49;3859894177032;Hrana
NAMAZ SPAR SPECULAAS 400 g;370974;SPAR;0,4000;kg;3,79;9,48;;;3,79;8710671203533;Hrana
HRANA ZA PSE ONE GOV.KRUM.85 g;371002;One;0,0850;kg;0,99;11,65;;;0,99;8445290298287;Proizvodi za kuæanstvo
POSLAS.ZA PSE TREAT.BITS 120 g;371004;;0,1200;kg;2,59;21,58;;;2,59;4008239367204;Proizvodi za kuæanstvo
POSLAS.ZA PSE BEEF STRIP.80 g;371007;Vitakraft;0,0800;kg;3,49;43,63;;;3,49;4008239586018;Proizvodi za kuæanstvo
Svinjska lopatica bez kosti;371014;SPAR marka kvalitete;1,0000;kg;3,69;3,69;;;5,19;3858891521169;Hrana
SIR U LIST.TOAST DESPAR 400 g;371020;Despar;0,4000;kg;3,39;8,48;;;3,39;8001300620198;Hrana
JOG.DUO VANI+CHOC.RIN.DE 150 g;371027;Despar;0,1500;kg;0,89;5,93;;;0,89;8001300660880;Hrana
JOG.DUO KOM.LJEŠ.ÈOK.DE 150 g;371028;Despar;0,1500;kg;0,89;5,93;;;0,89;8001300660903;Hrana
BILJNI PRIPRAVAK MEGGLE 500 ml;371114;Meggle;0,5000;L;1,69;3,38;;;1,99;8585002509628;Hrana
HRENOVÈICA PILEÆA KIDS 100 g;371118;Cekin;0,1000;kg;0,59;5,90;;;0,59;3850159126994;Hrana
PIZZA MARGHERIT.S-BUDGET 300 g;371119;S-Budget;0,3000;kg;1,99;6,63;;;1,99;3856021224997;Hrana
SALAMICA PILEÆA KIDS 350 g;371120;Cekin;0,3500;kg;1,79;5,11;;;1,79;3850159127069;Hrana
PIZZA CAPRICCI. S-BUDGET 330 g;371121;S-Budget;0,3300;kg;2,25;6,82;;;2,29;3856021224973;Hrana
PIZZA 4 FORMAGG.S-BUDGET 330 g;371123;S-Budget;0,3300;kg;2,29;6,94;;;2,29;3856021225017;Hrana
SALAMICA PILEÆA KIDS 80 g;371125;Cekin;0,0800;kg;0,95;11,88;;;0,95;3850159127083;Hrana
ŠUNKICA PILEÆA KIDS 80 g;371126;Cekin;0,0800;kg;1,59;19,88;;;1,59;3850159127090;Hrana
PAŠTET.PILEÆA JETR. KIDS 100 g;371129;Cekin;0,1000;kg;0,89;8,90;;;0,89;3850159132742;Hrana
BOMB.GUM.HARIBO STARMIX 100 g;371152;Haribo;0,1000;kg;1,59;15,90;;;1,59;9002975726481;Hrana
PEKMEZ DOORA ŠLJIVA 680 g;371164;Doora;0,6800;kg;4,49;6,60;;;4,49;3858894541751;Hrana
Kulen premium Pivac;371171;Pivac;1,0000;kg;18,99;18,99;;;16,99;3858884997865;Hrana
KULEN PREMIUM NAR.PIVAC 80 g;371186;Pivac;0,0800;kg;2,69;33,63;;;2,69;3858884998251;Hrana
DAŠ POPS OKUS ÈOKOB.BIO3x63 ml;371211;;0,1890;L;6,99;36,98;;;6,99;3858894360116;Hrana
DAŠ POPS LJEŠ.S NO.BIO 3x63 ml;371212;;0,1890;L;6,99;36,98;;;6,99;3858894360123;Hrana
DAŠ POPS KOKOS S BADEM.3x63 ml;371213;;0,1890;L;6,99;36,98;;;6,99;3858894360109;Hrana
DAŠ POP.BIO MIX DE.6M+ 3x35 ml;371214;;0,1050;L;4,99;47,52;;;4,99;3858894360000;Hrana
DAŠ POP.BIO MIX 12M+ 3x35 ml;371215;;0,1050;L;4,99;47,52;;;4,99;3858894360017;Hrana
HRANA ZA MAÈKE MOL.PREM.1,5 kg;371231;Molly;1,5000;kg;5,49;3,66;;;5,49;9100000995199;Proizvodi za kuæanstvo
JAFFA KOLAÈ DONUT CHOCO  75 g;371236;;0,0750;kg;0,95;12,67;;;0,99;8600114010852;Hrana
JAFFA KOLAÈ TRIPLE CHOCO  58 g;371237;;0,0580;kg;0,95;16,38;;;0,99;8600114010838;Hrana
PRŠUT PARMA DESPAR 100 g;371239;Despar;0,1000;kg;4,99;49,90;;;5,39;8001300552208;Hrana
Svinjska lopatica bez kosti HR;371240;SPAR marka kvalitete;1,0000;kg;4,49;4,49;;;4,79;3859892958930;Hrana
Juneæi but bez kosti;371241;SPAR marka kvalitete;1,0000;kg;16,69;16,69;;;14,69;3859893251306;Hrana
Svinjska potrbušina HR;371242;SPAR marka kvalitete;1,0000;kg;4,29;4,29;;;3,99;3859892958893;Hrana
HREN ZVIJEZDA 260 g;371243;Zvijezda;0,2600;kg;2,59;9,96;;;2,19;3856015328472;Hrana
KIDS PILEÆI POPSIÆI 500 g;371244;Cekin;0,5000;kg;;11,78;5,89;7,69;7,79;3850159141935;Hrana
HREN ZVIJEZDA UMAK 260 g;371245;Zvijezda;0,2600;kg;2,59;9,96;;;2,19;3856015328410;Hrana
KIDS PILEÆI DINOSI 600 g;371246;Cekin;0,6000;kg;;9,82;5,89;7,69;7,79;3850159141911;Hrana
KIDS PILEÆA ŠKOLICA 600 g;371247;Cekin;0,6000;kg;;9,82;5,89;7,69;7,79;3850159141928;Hrana
GEL ZA TUŠ.LACTOVIT FIR 600 ml;371250;Lactovit;0,6000;L;3,99;6,65;;;3,98;8411135008199;Kozmetika
MLIJ. LACTOVIT FIRMING 400 ml;371251;Lactovit;0,4000;L;5,49;13,73;;;5,79;8411135008205;Kozmetika
Grožðe bijelo S Budget rfs;371257;S-BUDGET;1,0000;kg;3,49;3,49;;;3,99;813;Hrana
Grožðe crno S Budget rfs;371259;S-BUDGET;1,0000;kg;2,49;2,49;;;4,59;3858885876503;Hrana
ADV.KALENDAR HARIBO 300 g;371279;Haribo;0,3000;kg;;4,97;1,49;2,99;12,99;4001686849439;Hrana
ÈOK.DJED BOŽ.M&M´s 100 g;371288;M&M's;0,1000;kg;;29,90;2,99;3,74;3,99;50166398;Hrana
GUM.BOMBONI TROLLI 600 g;371292;Trolli;0,6000;kg;3,99;6,65;;;5,59;4000512135005;Hrana
OSV.WC BREF WEL.HARMONY 3x50 g;371294;Bref;0,1500;kg;3,99;26,60;;;5,95;9000101588392;Sredstva za èišæenje
ZUB.PA.PLIDENTA HERBAL 125 ml;371313;Plidenta;0,1250;l;2,79;22,32;;;2,69;3856007910791;Kozmetika
ZUB.PASTA PLIDENTA EX.W.125 ml;371314;Plidenta;0,1250;l;2,79;22,32;;;2,69;3856007910777;Kozmetika
MANDUL.DE.PREM. 227 g;371323;Despar;0,2270;kg;4,99;21,98;;;6,99;8001300803683;Hrana
TJ.PREPELICE ŠIR.REZANCI 500 g;371392;;0,5000;kg;3,49;6,98;;;3,49;3857500009128;Hrana
TJ.PREPELICE ŠIR.REZANCI 500 g;371393;;0,5000;kg;3,49;6,98;;;3,49;3857500009135;Hrana
ZUB.PASTA PARODONTAX 75 ml;371396;Parodontax;0,0750;L;;79,87;5,99;7,49;6,99;5054563177797;Kozmetika
PAPR.PUNJ.INÆUN.PEPEFIŠ 190 g;371401;;0,1200;kg;9,99;83,25;;;9,99;3859894189011;Hrana
SALATA OD HOBOTN.PEPEFIŠ 200 g;371404;;0,2000;kg;9,99;49,95;;;9,99;3859894189004;Hrana
TEM.ANIN CR.RIŽO.PEPEFIŠ 200 g;371406;;0,2000;kg;9,99;49,95;;;9,99;3859894189028;Hrana
LOSION OLIVAL PISKAVICA 150 ml;371409;Olival;0,1500;l;7,49;49,93;;;6,99;3858892694367;Kozmetika
ULJE OLIVAL RUŽMARIN  60 ml;371410;Olival;0,0600;l;5,99;99,83;;;5,30;3858892694626;Kozmetika
KETCH.ZVIJE.BLAGI B.ŠEÆ.500 g ;371415;Zvijezda;0,5000;kg;2,29;4,58;;;2,29;3856015329134;Hrana
MLIJ.ÈOK.DISNEY Z´BREG.0,2 L;371416;Z Bregov;0,2000;L;0,99;4,95;;;0,99;3850108023091;Hrana
KEKSI JACOB.SANTA 150 g;371429;;0,1500;kg;2,99;19,93;;;3,09;5776879012349;Hrana
NEKTAR VINDI DISNEY NARA.0,2 L;371431;Vindija;0,2000;L;0,65;3,25;;;0,79;3850108078220;Piæa
KEKSI JACOB.SANTA 150 g;371432;;0,1500;kg;2,99;19,93;;;3,09;5776879016538;Hrana
NEKTAR VINDI DISNEY JABU.0,2 L;371436;Vindija;0,2000;L;0,65;3,25;;;0,79;3850108078183;Piæa
ÈOK.BOŽIÆNE KUGLICE 75 g;371438;;0,0750;kg;1,29;17,20;;;1,49;5901812692559;Hrana
NEKTAR VINDI DISNEY BORO.0,2 L;371440;Vindija;0,2000;L;0,75;3,75;;;0,89;3850108078176;Piæa
SOK VINDI NARANÈA 100% 0,2 L;371441;Vindija;0,2000;L;0,85;4,25;;;0,89;3850108075489;Piæa
SOK VINDI JABUKA 100% 0,2 L;371443;Vindija;0,2000;L;0,75;3,75;;;0,89;3850108075472;Piæa
SOK VINDI JABUKA 100% 2 L;371444;Vindija;2,0000;L;2,99;1,50;;;2,99;3850108076240;Piæa
MJEŠ.4 GODIŠ.DOBA LEDO 400 g ;371456;Ledo;0,4000;kg;2,99;7,48;;;2,99;3850116059754;Hrana
MJEŠ.POVRÆ.PROVANSA LEDO 400 g;371457;Ledo;0,4000;kg;2,99;7,48;;;2,99;3850116059785;Hrana
ÈIPS DUOPACK CRUN.PAP.260 g;371458;Crunchips;0,2600;kg;2,99;11,50;;;2,99;3858894301096;Hrana
MJEŠ.POVRÆA GURMAN LEDO 400 g;371459;Ledo;0,4000;kg;2,99;7,48;;;2,99;3850116059815;Hrana
ÈOK.KINDER CRUNCHY 122 g;371461;Ferrero;0,1220;kg;3,89;31,89;;;2,49;8000500411278;Hrana
ÈOK.KINDER MLIJEÈ.122 g;371463;Ferrero;0,1220;kg;3,89;31,89;;;4,99;8000500411254;Hrana
KAŠICA FRUT.JAB.MRK.BIO 190 g;371468;Fructal;0,1900;kg;1,75;9,21;;;1,75;3838945016469;Hrana
VEGETA NATUR PASTA LUK 190 g;371469;Podravka;0,1900;kg;2,29;12,05;;;1,79;3856020263508;Hrana
VEGETA NAT.PASTA POVRTNA 190 g;371473;Podravka;0,1900;kg;2,29;12,05;;;1,69;3856020263416;Hrana
Sir Edamer S Budget 40%m.m.;371475;S-BUDGET;1,0000;kg;6,99;6,99;;;6,99;94000436601740;Hrana
Sir Gouda S-Budget min.48%m.m.;371476;S-BUDGET;1,0000;kg;5,99;5,99;;;6,49;4000436612156;Hrana
KLIPIÆ DOMAÆI LATICA 10x60 g;371477;Latica;0,6000;kg;3,99;6,65;;;3,99;3850261357736;Hrana
OMEK.SILAN MAGNOLIA 770 ml;371518;Silan;0,7700;l;2,49;3,23;;;2,99;9000101581416;Sredstva za èišæenje
SLA.CRUNCHY ALMOND SPAR 465 ml;371592;SPAR;0,4650;L;5,99;12,88;;;5,99;9100000987316;Hrana
ŠAMP.BOJA CAMELEO  5,6 40 ml;371594;Cameleo;0,0400;kom;1,49;37,25;;;1,49;5901350451441;Kozmetika
SLAD. HALF BAKED SPAR 465 ml;371595;SPAR;0,4650;L;5,99;12,88;;;5,99;9100000987330;Hrana
ŠAMPON BOJA CAMELEO  6.3 40 ml;371596;Cameleo;0,0400;kom;1,49;37,25;;;1,49;5901350474327;Kozmetika
SLAD.CHOCO BROWNIE SPAR 465 ml;371597;SPAR;0,4650;L;5,99;12,88;;;5,99;9100000987293;Hrana
SLAD.COOKIE DOUGH SPAR 465 ml;371598;SPAR;0,4650;L;5,99;12,88;;;5,99;9100000987279;Hrana
ŠAMPON BOJA CAMELEO 66,5 40 ml;371599;Cameleo;0,0400;kom;1,49;37,25;;;1,49;5901350427859;Kozmetika
ŠAMPON BOJA CAMELEO 10.2 40 ml;371605;Cameleo;0,0400;kom;1,39;34,75;;;1,49;5901350474310;Kozmetika
IZOTO.OSHEE MULTIF.ZERO 0,75 L;371607;;0,7500;L;1,69;2,25;;;1,69;5908260251574;Piæa
ŠAMPON BOJA CAMELEO 10,1 40 ml;371608;Cameleo;0,0400;kom;1,49;37,25;;;1,49;5906750890203;Kozmetika
IZOTONI.NAP.OSHEE LEMON 0,75 L;371611;;0,7500;L;1,69;2,25;;;1,69;5908260251970;Piæa
VITAMINS.VODA OSHEE ZE.0,555 L;371614;;0,5550;L;1,69;3,05;;;1,69;5908260259143;Piæa
VIT.VO. OSHEE MAG.ZERO 0,555 L;371619;;0,5550;L;1,69;3,05;;;1,69;5908260253578;Piæa
Sir Mozzarella Monteverdi;371624;;1,0000;kg;9,99;9,99;;;6,99;3858890212006;Hrana
IZO.PIÆ.GATORADE BLU.MAL.0,5 L;371626;Gatorade;0,5000;L;1,59;3,18;;;1,65;8001160001113;Piæa
PIVO GRIF IPA 0,5 L;371628;;0,5000;L;2,82;5,64;;;2,82;3859893353697;Piæa
PRELJ.ZA SAL.KÜHN.BALSAM.50 ml;371649;;0,0500;l;0,99;19,80;;;0,99;4012200397695;Hrana
SIR KOLANJAC MIH 200 g;371654;;0,2000;kg;5,79;28,95;;;4,99;3859893853456;Hrana
SIR OTOÈAN MIH 200 g;371656;;0,2000;kg;6,79;33,95;;;5,99;3859893853470;Hrana
GIN LORDSON STRAWBERRY 0,7 L;371661;;0,7000;l;8,09;11,56;;;8,49;3263280125826;Piæa
Sir Kolanjac MIH;371665;;1,0000;kg;21,99;21,99;;;18,99;3859891700073;Hrana
Sir Otoèan  MIH;371666;;1,0000;kg;28,99;28,99;;;15,99;3859891700066;Hrana
PRAL.ML.ÈOK.SOCADO 400 g;371685;Baron Company;0,4000;kg;;9,98;3,99;4,49;5,69;8000017911742;Hrana
TP.ZEWA ECO COMFORT 8/1;371688;Zewa;8,0000;kom;2,79;0,35;;;2,79;7322542227008;Toaletne potrepštine
INSTANT KAVA ARABESCA 396 g;371769;Arabesca;0,3960;kg;6,79;17,15;;;6,79;3858886804314;Piæa
KAVA J.MEINL BUONAROMA 220 g;371770;JULIUS MEINL;0,2200;kg;6,49;29,50;;;5,89;9000403977443;Piæa
INSTANT KAVA NESC.GOLD 150 g;371780;Nestle;0,1500;kg;11,19;74,60;;;10,29;8445290795083;Piæa
RAKIJA ZL.KAJSIJA 0,7 L+ÈAŠE;371784;Coca-Cola;0,7000;L;27,02;38,60;;;27,02;3859893954146;Piæa
RAKIJA ZLATNA DUNJA 0,7 L+ÈAŠE;371788;Coca-Cola;0,7000;L;24,02;34,31;;;24,02;3859893954184;Piæa
TP ZEWA KAMILICA 3SL.8/1;371790;Zewa;8,0000;kom;2,79;0,35;;;2,79;7322541171708;Toaletne potrepštine
SALVETE 33x33cm,20/1 DOTS PPD ;371797;;1,0000;kom;1,99;1,99;;;1,99;4021766254458;Proizvodi za kuæanstvo
SALVETE 33x33cm,20/1 PPD ;371803;;1,0000;kom;1,99;1,99;;;1,99;4021766268356;Proizvodi za kuæanstvo
SALVETE 33x33cm,20/1 PPD ;371804;;1,0000;kom;1,99;1,99;;;1,99;4021766258456;Proizvodi za kuæanstvo
SALVETE 33x33cm,20/1 PPD ;371806;;1,0000;kom;1,99;1,99;;;1,99;4021766287463;Proizvodi za kuæanstvo
SALVETE 33x33cm,20/1 PPD ;371809;;1,0000;kom;1,99;1,99;;;1,99;4021766258555;Proizvodi za kuæanstvo
SALVETE 33x33cm,20/1 PPD ;371812;;1,0000;kom;1,99;1,99;;;1,99;4021766273671;Proizvodi za kuæanstvo
SALVETE 33x33cm,20/1 PPD ;371813;;1,0000;kom;1,99;1,99;;;1,99;4021766287913;Proizvodi za kuæanstvo
SALVETE 33x33cm,20/1 PPD ;371814;;1,0000;kom;1,99;1,99;;;1,99;4021766258487;Proizvodi za kuæanstvo
SALVETE 33x33cm,20/1 PPD ;371816;;1,0000;kom;1,99;1,99;;;1,99;4021766272773;Proizvodi za kuæanstvo
SALVETE 33x33cm,20/1 PPD ;371818;;1,0000;kom;1,99;1,99;;;1,99;4021766230278;Proizvodi za kuæanstvo
SALVETE 33x33cm,20/1 PPD ;371821;;1,0000;kom;1,99;1,99;;;1,99;4021766236003;Proizvodi za kuæanstvo
SALVETE 33x33cm,20/1 PPD ;371823;;1,0000;kom;1,99;1,99;;;1,99;4021766248297;Proizvodi za kuæanstvo
SALVETE 33x33cm,20/1 PPD ;371824;;1,0000;kom;1,99;1,99;;;1,99;4021766218436;Proizvodi za kuæanstvo
POK.PAKET BIOBAZA FRUIT&FLOWER;371841;Biobaza;1,0000;kom;6,64;6,64;;;9,49;3856020914219;Kozmetika
POK.PAKET BIOBAZA AD ASTRA;371842;Biobaza;1,0000;kom;6,64;6,64;;;9,49;3856020914233;Kozmetika
POK.PAK.AFRODITA HOLIDAY;371891;Afrodita;1,0000;kom;12,79;12,79;;;12,79;3831070660705;Kozmetika
ÈET.ZA ZUBE DENTA KISS 1/1;371899;Denta Kiss;1,0000;kom;1,49;1,49;;;1,49;9100000033679;Kozmetika
ÈOK.SV.NIKOLA VEGGIE BIO 150 g;371921;SPAR Veggie;0,1500;kg;5,99;39,93;;;0,49;9100000970141;Hrana
KAVA 2U1 BEZ LAKTOZE 120 g;371923;Anamarija;0,1200;kg;3,49;29,08;;;3,49;3858881776067;Piæa
KAVA 3U1 BEZ LAKTOZE 140 g;371924;Anamarija;0,1400;kg;3,49;24,93;;;3,49;3858881776043;Piæa
CAPP.ANAMAR.BEZ LAKTOZE 200 g;371925;Anamarija;0,2000;kg;3,29;16,45;;;3,29;3858881776029;Piæa
HRANA ZA PSE VOLI PIL.GOV.3 kg;371928;;3,0000;kg;5,99;2,00;;;5,99;3859893822520;Proizvodi za kuæanstvo
HRANA ZA PSE VOLI GOV.3 kg;371929;;3,0000;kg;4,99;1,66;;;4,99;3859893822506;Proizvodi za kuæanstvo
HRANA ZA MAÈKE KITEK.LOS.85 g;371932;Kitekat;0,0850;kg;0,79;9,29;;;0,75;5900951307348;Proizvodi za kuæanstvo
PAŠTETA ARG.JUN.KOK.PRSA 95 g;371933;Argeta;0,0950;kg;1,49;15,68;;;1,39;3838471051712;Hrana
KAŠICA FRUTEK JABUKA MRK.120 g;371935;Fructal;0,1200;kg;1,26;10,50;;;1,26;3838945016490;Hrana
KAŠICA FRUTEK JABUKA BRE.120 g;371937;Fructal;0,1200;kg;1,26;10,50;;;1,26;3838945016476;Hrana
TUNA EVA FILET MASL.ULJE 100 g;371940;Eva;0,1000;kg;3,99;39,90;;;3,99;3856020263126;Hrana
CROIS.7 DAYS MIDI MARELICA 60g;371941;;0,0600;kg;0,85;14,17;;;0,85;7622202029011;Hrana
ADV.KALENDAR BACI 278 g;371960;;0,2780;kg;;8,96;2,49;4,99;15,59;8000300424485;Hrana
LEDENI ÈAJ SPAR BRESKVA 0,33 L;371966;SPAR;0,3300;L;,69;2,09;;;0,69;9100000045405;Piæa
LEDENI ÈAJ SPAR LIMUN 0,33 L;371969;SPAR;0,3300;L;,69;2,09;;;0,69;9100000045504;Piæa
PEL.TOSAMA EVY BABY 3U1 60/1;371981;Evy baby ;60,0000;KOM;10,61;0,18;;;9,55;8683881000103;Toaletne potrepštine
DES.MLIJ.OREO SNACK 27 g;371985;;0,0270;kg;0,79;29,26;;;0,79;90426278;Hrana
DES.MILKA CHOCO SNACK 29 g;371987;;0,0290;kg;0,79;27,24;;;0,79;90426254;Hrana
POK.PAK. BUGATTI DINAMIC MO.M.;371995;Bugatti;1,0000;kom;20,99;20,99;;;28,99;4051395412523;Kozmetika
SOK PAGO BRESKVA NEKTAR 1 L;372010;Pago;1,0000;L;3,42;3,42;;;3,42;9002515428332;Piæa
SOK PAGO NARANÈA NEKTAR 1 L;372012;Pago;1,0000;L;4,39;4,39;;;4,39;9002515428349;Piæa
SOK PAGO ACE CLASSIC 1 L;372013;Pago;1,0000;L;3,89;3,89;;;3,89;9002515428318;Piæa
INS.KAVA NESCAFE CLASSIC 150 g;372036;Nescafe;0,1500;kg;8,19;54,60;;;7,69;8445290829818;Piæa
SIR EMMENTALER S BUDGET 400 g;372049;S-BUDGET;0,4000;kg;4,49;11,23;;;4,49;9100000989815;Hrana
FLIPS LORENZ LOOPYS 120 g;372073;;0,1200;kg;1,89;15,75;;;2,49;4018077008375;Hrana
ŠTAP.LORENZ KRUM.PAP.85 g;372074;Lorenz;0,0850;kg;1,99;23,41;;;2,49;4018077821790;Hrana
ŠTAP.LORENZ KRUM.SLANI 85 g;372076;Lorenz;0,0850;kg;1,99;23,41;;;2,49;4018077821424;Hrana
NAMAZ DES.PREM.PISTACIJA 150 g;372101;Despar;0,1500;kg;;26,60;3,99;4,99;4,99;8001300805144;Hrana
ÈOK.SNJEGOVIÆ MILKA 50 g;372108;Milka;0,0500;kg;1,39;27,80;;;1,99;7622210644725;Hrana
ÈOK.FIG.DJED BOŽIÆNJAK 61 g;372109;Milka;0,0610;kg;;40,82;2,49;2,79;3,79;7622201758332;Hrana
ÈAJ KAMILICA 80 g;372129;;0,0800;kg;4,19;52,38;;;4,19;3859891239467;Piæa
PIVO VARIONICA POP!LAGER 0,5 L;372139;;0,5000;L;2,52;5,04;;;2,52;3859893139536;Piæa
Kobasica domaæa dimljena;372145;Medven;1,0000;kg;13,99;13,99;;;13,99;3859893850455;Hrana
PRALINE KRAŠ ANTIQ.PEL.158 g;372147;Kraš;0,1580;kg;5,19;32,85;;;5,24;3850102006755;Hrana
KETCHUP HEINZ BLAGI 1 kg;372171;Heinz;1,0000;kg;4,39;4,39;;;4,19;8715700421483;Hrana
ADV.KALENDAR SMARTIES 193,9 g;372198;Smarties;0,1930;kg;;7,72;1,49;2,99;10,99;8000300407884;Hrana
UNIVERZALNO SREDSTVO AJAX 1 L;372208;Ajax;1,0000;l;3,69;3,69;;;3,69;8718951567917;Sredstva za èišæenje
UNI.SRED.AJAX WATER LILY 1 L;372209;Ajax;1,0000;l;3,69;3,69;;;3,69;8718951622777;Sredstva za èišæenje
Pršut domaæi delikates Mijukiæ;372211;;1,0000;kg;23,99;23,99;;;18,99;3859894171092;Hrana
EL.BAZA GLADE JABUKA 20 ml;372221;Glade;0,0200;l;5,29;264,50;;;6,69;5000204415957;Sredstva za èišæenje
DEO SPRAY INTRIGUE 75 ml;372248;JEAN MARC;0,0750;l;1,69;22,53;;;1,69;5908241713831;Kozmetika
VEGGIE FALAFEL BIO 160 g;372250;SPAR Veggie;0,1600;kg;2,99;18,69;;;2,99;9100000000442;Hrana
VEGGIE MLJEVENO BIO 75 g;372253;SPAR Veggie;0,0750;kg;3,59;47,87;;;3,59;9100000992457;Hrana
KUGLICE OD SUŠ.MANGA VIT.100 g;372260;SPAR Vital;0,1000;kg;4,99;49,90;;;4,99;9100000993058;Hrana
MINI BROWNIES FREE FROM 222 g;372265;SPAR free from;0,2220;kg;3,99;17,97;;;3,99;9100000995571;Hrana
SERUM ZA LI.HOLYPLANT NI.15 ml;372286;Holyplant;0,0150;L;8,99;599,33;;;10,99;3858891013459;Kozmetika
KAŠ.NATUR PUR BIRC.MUSLI 190 g;372289;Spar Natur pur;0,1900;kg;1,19;6,26;;;1,19;9100000002484;Hrana
KAŠICA NATUR PUR JAB.ZOB 190 g;372291;Spar Natur pur;0,1900;kg;1,29;6,79;;;1,29;9100000002569;Hrana
GIN SILENT POOL CITR.RARE 0,7 ;372295;;0,7000;L;34,99;49,99;;;43,02;5060411480612;Piæa
KREMA ŠJORA ARANCIN  LIC.50 ml;372317;ŠJORA;0,0500;L;10,99;219,80;;;10,99;3859894057150;Kozmetika
DEO ROLL ON MEŠTAR BAG. 50 ml;372318;MEŠTAR;0,0500;L;3,99;79,80;;;3,99;3859894057648;Kozmetika
DEO ROLL ON MEŠTAR BALA. 50 ml;372319;MEŠTAR;0,0500;L;3,99;79,80;;;3,99;3859894057631;Kozmetika
RAKIJA KORLAT LOZA LUX 0,7 L;372331;Korlat;0,7000;L;21,99;31,41;;;23,02;3850112122544;Piæa
RAKIJA KORLAT BISKA LUX 0,7 L;372334;Korlat;0,7000;L;21,99;31,41;;;23,02;3850112112231;Piæa
PEKMEZ DIDA BOŽA ŠLJIVA 650 g;372338;Dida Boza;0,6500;kg;;6,14;3,99;6,29;5,69;3859894111036;Hrana
LIKER KORLAT TERANIN.LUX 0,7 L;372339;Korlat;0,7000;L;23,02;32,89;;;23,02;3850112112170;Piæa
KOLAÈ S MAKOM I VIŠNJAMA 540 g;372341;;0,5400;kg;6,19;11,46;;;6,19;3858889618888;Hrana
BISKVIT ROLINO MLIJEÈNI  222 g;372342;DESPAR;0,2220;kg;1,69;7,61;;;1,69;8001300804567;Hrana
PECIVO HAMBURGER SEZAM 300 g;372343;DESPAR;0,3000;kg;1,39;4,63;;;1,49;8001300701941;Hrana
ZUB.KONAC DENTA KISS MINT 75 m;372346;DENTA KISS;1,0000;kom;1,49;1,49;;;1,49;9100000984179;Kozmetika
ANTIPASTI MIX KÄSEMACHER 360 g;372354;;0,3600;kg;6,99;19,42;;;6,99;9003454137200;Hrana
MASKA  ZA LICE MIZON ŠIPAK ;372355;Mizon;1,0000;KOM;1,99;1,99;;;1,99;8809663752347;Kozmetika
KREMA BEAUSTA BLEMI.CICA 15 ml;372357;Beausta;0,0150;L;3,98;265,33;;;3,98;8809577461175;Kozmetika
PJENUŠ.FREIX.CORD.NEG. 4X0,2 L;372361;Freixenet;0,8000;L;16,11;20,14;;;16,11;3859890211792;Piæa
CHAMPAGNE MOET CHAN. 0,75 L GB;372365;Moet & Chandon;0,7500;L;49,99;66,65;;;50,02;3185370763957;Piæa
KRUH PIROV PUNOZRN.SPAR 500g;372366;SPAR Qualitätsmarke;0,5000;kg;1,79;3,58;;;2,50;9100000002279;Hrana
ŠAMP.AFRODITA KOPRIVA950 ml;372367;Afrodita;0,9500;l;4,79;5,04;;;4,49;3831070661672;Kozmetika
ŠAM.AFRODITA ÈEŠNJAK 950 ml;372371;Afrodita;0,9500;l;4,79;5,04;;;4,49;3831070661696;Kozmetika
ŠAMP.AFRODITA KAMILICA 950 ml ;372374;Afrodita;0,9500;l;4,79;5,04;;;4,49;3831070661689;Kozmetika
ŠAMP.AFRODITA KONOPLJA 950 ml;372378;Afrodita;0,9500;l;5,49;5,78;;;5,29;3831070661627;Kozmetika
ŠAMPON AFRODITA BIOTIN 950 ml;372379;Afrodita;0,9500;l;5,49;5,78;;;5,29;3831070661641;Kozmetika
PATRONE GILLETTE M3 CHARC. 5/1;372395;Gillette;5,0000;kom;17,25;3,45;;;17,25;8700216062770;Kozmetika
KOZICE OÈIŠÆENE S-BUDGET 250 g;372410;S-Budget;0,2500;kg;2,99;11,96;;;2,99;3856021222252;Hrana
SRED.AJAX SHOWER POWER 500 ml;372422;Ajax;0,5000;l;2,99;5,98;;;4,49;8718951533691;Sredstva za èišæenje
POK.PAKET DIVLJI CVIT MEDE.ZIM;372427;DIVLJI CVIT;1,0000;kom;13,99;13,99;;;13,99;3859893393242;Kozmetika
ÈOK.KIND.CRUNCHY XMASS 122 g;372436;Kinder;0,1220;kg;;36,80;4,49;5,99;4,99;8000500409558;Hrana
ÈOK.KIND.MLIJEÈNA XMASS 122 g;372437;Kinder;0,1220;kg;;36,80;4,49;5,99;5,49;8000500409534;Hrana
ÈOK.JAJE ROCHER GOLD 90 g;372443;Ferrero;0,0900;kg;;38,78;3,49;4,99;0,99;8000500373583;Hrana
ÈOK.KIND.FIGURA XMASS 35 g;372456;Kinder;0,0350;kg;;42,57;1,49;1,99;1,59;80969112;Hrana
ÈOK.KIND.PELUCHE XMASS 133 g;372457;Kinder;0,1330;kg;;67,59;8,99;9,99;11,59;4008400270326;Hrana
ÈOK.KINDER FIGURA CAVA 55 g;372458;Kinder;0,0550;kg;;27,09;1,49;1,69;1,99;80310334;Hrana
SOMERSBY JAGO.LIME.0,33 L 0,0%;372462;Somersby;0,3300;L;1,68;5,09;;;1,45;3858887584383;Piæa
DIMLJENA KRAÈICA VP;372485;Medven;1,0000;kg;5,99;5,99;;;6,19;3859893544378;Hrana
VINO MARRENON VIOGNIER 0,75 L;372497;;0,7500;L;9,02;12,03;;;9,02;3256811114642;Piæa
VINO MARREN.PINOT NOIR 0,75 L;372503;Noir;0,7500;L;10,02;13,36;;;10,02;3256811614401;Piæa
ÈOK.DRAŽ.RUM KOKOS SB.300 g;372505;S-Budget;0,3000;kg;3,59;11,97;;;3,59;9100000987422;Hrana
INSTANT KAVA NESC.CREMA 190 g;372515;Nestle;0,1900;kg;9,99;52,58;;;10,99;8445291019041;Piæa
ABSOLUT RASPBERRY LEMO. 0,25 L;372519;;0,2500;L;2,99;11,96;;;2,82;7312040323043;Piæa
VINO ROSE TELUS 0,75 L;372532;;0,7500;L;10,02;13,36;;;10,02;3857500014184;Piæa
VINO POŠIP VRHUNS.TELUS 0,75 L;372533;;0,7500;L;;13,32;9,99;13,02;13,02;3857500014177;Piæa
KUGLICE OD MEDA S KAKAOM 235g;372550;;0,2350;kg;;19,70;4,63;5,79;4,63;8594071650308;Hrana
KUGLICE OD MEDA 235g;372551;;0,2350;kg;5,79;24,64;;;4,63;8594071650292;Hrana
TP ZEWA BRESKVA 24/1;372552;Zewa;24,0000;kom;6,49;0,27;;;6,99;7322541171814;Toaletne potrepštine
TP ZEWA DELICATE CARE 24/1;372554;Zewa;24,0000;kom;6,49;0,27;;;6,99;7322541185040;Toaletne potrepštine
PAP.RUÈ.VIOLETA XXL 3 SL. 1/1;372557;Violeta;1,0000;kom;4,49;4,49;;;4,49;3858893660804;Proizvodi za kuæanstvo
OSVJ.WC DUCK AQUABLUE 2x36 g;372558;Duck;0,0720;kg;3,55;49,31;;;1,95;5000204323894;Sredstva za èišæenje
ÈAJ PODRAVKA IMUNO 50 g;372559;Podravka;0,0500;KG;2,69;53,80;;;2,69;3838700168181;Piæa
ÈAJ PODRAVKA BRONHO 24 g;372560;Podravka;0,0240;KG;2,69;112,08;;;2,69;3856020252960;Piæa
PIVO 4 MUDRACA 4X0,33 L;372565;;1,3200;L;7,11;5,39;;;7,11;3857500125736;Piæa
KEST.PIRE 72% S RUM.SPAR 200 g;372575;SPAR;0,2000;kg;1,99;9,95;;;1,99;5999033894647;Hrana
ÈOK.MILKA MEDENJAK 300 g;372631;Milka;0,3000;kg;2,99;9,97;;;8,99;7622201386191;Hrana
MLIJ.KAKAO NAP.BEZ LAKT.SB 1 L;372640;S-Budget;1,0000;L;1,99;1,99;;;1,99;9100000993591;Hrana
PP VODKA THREE SIX. 0,7 L+ÈAŠA;372666;;0,7000;L;16,02;22,89;;;16,02;4007675053023;Piæa
ZUB.P.ORAL B WHITE GUM 2x75 ml;372684;Oral B;0,1500;l;5,95;39,67;;;5,95;8700216541084;Kozmetika
SIR PARM.REGG.BIO NP 50 g ;372687;SPAR;0,0500;kg;1,79;35,80;;;1,59;9100000001210;Hrana
INSTANT KAVA 3U1 STRONG 14 g;372692;Nestle;0,0140;kg;0,35;25,00;;;0,35;7613038158884;Piæa
VINO CUVEE C.SVINJA MA. 0,75 L;372695;;0,7500;L;6,05;8,07;;;6,22;3859893430312;Piæa
ÈIPS RIŽA SALSA PAPRIKA 60 g;372698;;0,0600;kg;1,29;21,50;;;1,29;3800233091205;Hrana
ÈIPS RIŽA CHEDDAR 60 g;372700;B Safe;0,0600;kg;1,29;21,50;;;1,29;3800233091168;Hrana
VINO MARAŠTINA JOKIÆ 0,75 L;372701;;0,7500;L;17,32;23,09;;;17,32;3859892833022;Piæa
ÈIPS RIŽA VLASAC VRHNJE 60 g;372702;;0,0600;kg;1,29;21,50;;;1,29;3800233091212;Hrana
VINO POŠIP JOKIÆ 0,75 L;372704;;0,7500;L;17,32;23,09;;;17,32;3859892833015;Piæa
KREKER RIŽA SJEMENKE 100 g;372705;;0,1000;kg;1,29;12,90;;;1,29;3800233091182;Hrana
VINO CUVEE JOKIÆ 0,75 L;372707;;0,7500;L;19,42;25,89;;;19,42;3859892833060;Piæa
PLOÈICA PROT.ENERVIT COCO 40 g;372712;;0,0400;kg;1,79;44,75;;;1,69;8007640896569;Hrana
LIMETA DEHIDRIRANA 30 g;372713;;0,0300;kg;3,99;133,00;;;3,99;3859894055446;Hrana
PLOÈICA PROT.ENER.DARK CH.40 g;372714;;0,0400;kg;2,39;59,75;;;2,19;8007640896088;Hrana
NARANÈA DEHIDRIRANA 30 g;372715;;0,0300;kg;3,99;133,00;;;3,99;3859894055460;Hrana
LIMUN DEHIDRIRANI 30 g;372716;;0,0300;kg;3,99;133,00;;;3,99;3859894055453;Hrana
PLOÈICA PROT.ENER.LEMON 48 g;372717;;0,0480;kg;2,39;49,79;;;2,19;8007640879012;Hrana
PLOÈICA PROT.ENER.HAZEL.48 g;372718;;0,0480;kg;2,39;49,79;;;2,19;8007640896071;Hrana
KEKS BALVITEN MASL.BG.130 g;372728;;0,1300;kg;1,99;15,31;;;1,99;5907653103797;Hrana
KEKS BALVITEN ÈOKO BG.130 g;372729;;0,1300;kg;2,39;18,38;;;2,39;5907653100697;Hrana
CANNELLONI DESPAR 250 g;372733;Despar;0,2500;kg;1,49;5,96;;;1,49;9100000002378;Hrana
NAMAZ MARGO S JOGURTOM 225 g;372736;Zvijezda;0,2250;kg;1,29;5,73;;;1,29;3856015325358;Hrana
NJOKI DESPAR CREMOSO 390 g;372737;Despar;0,3900;kg;2,49;6,38;;;2,49;9100000987866;Hrana
NJOKI DESPAR POMODORO 390 g;372738;Despar;0,3900;kg;2,49;6,38;;;2,49;9100000987903;Hrana
NJOKI DESPAR PESTO 390 g;372739;Despar;0,3900;kg;2,49;6,38;;;2,49;9100000987880;Hrana
NAMAZ OD BADEMA NUTZ 310 g;372741;;0,3100;kg;6,99;22,55;;;7,99;3831027605773;Hrana
TELEÆA KOBASICA TANN 200 g;372748;TANN;0,2000;kg;3,49;17,45;;;3,49;9100200102946;Hrana
MEDENJ.KASTNER LJEŠNJAK 400 g;372753;Kastner;0,4000;kg;6,99;17,48;;;7,29;9001734004525;Hrana
BOMB.SQUIRLY DIP&MIX 50 g;372755;Ajax;0,0500;kg;1,69;33,80;;;1,69;4262393721771;Hrana
VAFEL LASTA KOKOS 200 g;372759;Lasta;0,2000;kg;2,39;11,95;;;2,39;3870128035669;Hrana
KEKSI S BUDGET PETIT 400 g;372763;S-Budget;0,4000;kg;1,19;2,98;;;1,19;3831115324906;Hrana
BU KANTA S CJEDILOM I RUÈ.10 L;372781;S-BUDGET;1,0000;kom;3,99;3,99;;;3,99;9100000003993;Proizvodi za kuæanstvo
BU DRŠKA ZA MOP ;372789;S-BUDGET;1,0000;kom;1,29;1,29;;;1,29;9100000006680;Proizvodi za kuæanstvo
BU MOP PAMUÈNI;372792;S-BUDGET;1,0000;kom;0,99;0,99;;;0,99;9100000006703;Proizvodi za kuæanstvo
BU MOP VISKOZNI;372794;S-BUDGET;1,0000;kom;0,99;0,99;;;0,99;9100000006727;Proizvodi za kuæanstvo
TIRAMISU SPAR PREMIUM 500 g;372828;SPAR PREMIUM;0,5000;kg;;10,98;5,49;6,99;6,99;8001300670131;Hrana
PROFITEROLI SPAR PREMIUM 500 g;372829;SPAR PREMIUM;0,5000;kg;;9,58;4,79;5,99;5,99;8001300675044;Hrana
ODMAŠÆIVAÈ UNIVER.SMAC 650 ml;372857;Smac;0,6500;L;3,79;5,83;;;3,49;8003650026743;Sredstva za èišæenje
POSLASTICA ZA PSE HOBBY 230 g;372859;;0,2300;kg;1,49;6,48;;;1,49;3838964100439;Proizvodi za kuæanstvo
S-BUDGET CAKE SPIRIT 0,5 L;372861;S-Budget;0,5000;L;5,49;10,98;;;5,52;3856021225604;Piæa
S-BUDGET CAKE SPIRIT 0,1 L;372862;S-Budget;0,1000;L;1,29;12,90;;;1,29;3856021225901;Piæa
TUNA PAŠTETA ARGETA TIM.95 g;372864;Argeta;0,0950;kg;1,99;20,95;;;1,99;3838471052313;Hrana
PAPRIÈICE LUXEAP.JALAP.360 g;372868;Luxeapers;0,1800;kg;2,49;13,83;;;2,49;8422243778881;Hrana
TUNA EVA S POVRÆEM 100 g ;372869;Eva;0,0700;kg;2,49;35,57;;;2,49;3856020263157;Hrana
SKUŠA EVA POVRÆE 100 g;372870;Eva;0,0700;kg;2,29;32,71;;;1,99;3856020263065;Hrana
MASLINE TRENTON ZELENE 530 g;372877;Trenton;0,2750;kg;2,29;8,33;;;2,29;3858894873029;Hrana
MASLINE TRENTON CRNE 580 g;372878;Trenton;0,3500;kg;3,39;9,69;;;3,39;3858894873524;Hrana
MASLINE TRENTON CRNE B.K.580 g;372879;Trenton;0,2650;kg;3,39;12,79;;;3,39;3858894873623;Hrana
MASLINE TRENTON ZEL.B.K.520 g;372880;Trenton;0,2750;kg;2,89;10,51;;;2,89;3858894873128;Hrana
MASL.TREN.ZEL.PUNJ.PAPR.530 g;372881;Trenton;0,2900;kg;3,19;11,00;;;3,19;3858894873227;Hrana
ODSTRANJ.ŠMINKE ISANA 100 ml;372883;ISANA;0,1000;l;1,49;14,90;;;1,49;4305615657271;Kozmetika
ULJNI ODST.ŠMINKE ISANA 100 ml;372884;ISANA;0,1000;l;1,49;14,90;;;1,49;4305615657264;Kozmetika
KUPKA ISANA CREAM&CARE 750 ml;372885;ISANA;0,7500;l;1,99;2,65;;;1,99;4305615712666;Kozmetika
KUPKA ISANA TRAUMZEIT 750 ml;372886;ISANA;0,7500;l;1,99;2,65;;;1,99;4305615621715;Kozmetika
KOZICE U KOLUTU SPAR 270 g ;372887;SPAR PREMIUM;0,2700;kg;5,99;22,19;;;5,99;9100000778532;Hrana
ULJ.MAS.DJ.EX.BIO JUNIOR 0,5 L;372888;;0,5000;L;6,99;13,98;;;7,49;3859893678202;Hrana
PILE MEÐIMURSKO BUÈ.SJEMENKE;372889;Perutnina;1,0000;kg;;3,89;3,89;4,59;4,99;93850220408625;Hrana
PILEÆI MARINIRANI FILE 400 g;372890;Perutnina;0,4000;kg;6,19;15,48;;;5,97;3850220408806;Hrana
KREKERI NATUR PUR PUNOZ.110 g;372929;SPAR Natur*pur;0,1100;kg;2,69;24,45;;;2,65;9100000967110;Hrana
SPUŽVA ZA NJEGU KOŽE PARSA 1/1;372932;PARSA;1,0000;kom;2,49;2,49;;;2,49;4001065086721;Toaletne potrepštine
SPUŽVA ZA KUPANJE PARSA 1/1;372937;PARSA;1,0000;kom;2,99;2,99;;;2,99;4001065086219;Toaletne potrepštine
KEFIR SUPER´Z BREGOV 750 g;372960;Vindija;0,7500;kg;2,09;2,79;;;2,09;3850108037548;Hrana
VRH.ZA KUH.BEZ LAKTOZE 0,2 L;372962;Vindija;0,2000;L;1,65;8,25;;;1,65;3850108033489;Hrana
MLIJEÈNO PECIVO DULCESOL 210 g;372963;;0,2100;kg;0,99;4,71;;;0,99;8410087335797;Hrana
JOG. PROTEIN SKYR Z´BREG.330 g;372965;Vindija;0,3300;kg;1,59;4,82;;;1,69;3850108037500;Hrana
JOG.PROT.SKYR VIŠNJ.Z´BR.330 g;372966;Vindija;0,3300;kg;1,59;4,82;;;1,69;3850108037524;Hrana
TEK.PROT.SKYR BRES./MAR.330 g;372969;Vindija;0,3300;kg;1,59;4,82;;;1,69;3850108037517;Hrana
PISTAC.OLJUŠT.SPAR 80 g;372992;SPAR;0,0800;kg;3,99;49,88;;;3,99;9100000904573;Hrana
ORAŠ.EXOTIC MIX SB 200 g;372996;S-Budget;0,2500;kg;2,99;11,96;;;2,29;9100000441825;Hrana
PJEN.SCHLUMBE.WHITE ICE 0,75 L;373004;;0,7500;L;24,99;33,32;;;30,02;9005702012819;Piæa
PJEN.SCHLUMBER.ROSE ICE 0,75 L;373005;;0,7500;L;30,02;40,03;;;30,02;9005702012796;Piæa
SOL SPLENDID 2 kg;373091;Splendid;2,0000;KG;1,39;0,70;;;1,49;9100000004969;Sredstva za èišæenje
SPUŽVA FINO PROFILNA 2+1GRATIS;373092;;1,0000;kom;2,19;2,19;;;2,19;8606013476607;Proizvodi za kuæanstvo
PAPIR ZA PEÈ. U LIST.16/1,FINO;373095;;16,0000;kom;2,99;0,19;;;2,99;5201314094838;Proizvodi za kuæanstvo
GEL AFRODITA ZA BRI.SEN 150 ml;373134;Afrodita;0,1500;l;6,49;43,27;;;6,99;3831070660385;Kozmetika
KREMA AFRODITA AN.AGE SE.50 ml;373135;Afrodita;0,0500;l;10,49;209,80;;;10,49;3831070660392;Kozmetika
AFTER SHA.AFRODITA SENSI 50 ml;373136;Afrodita;0,0500;l;9,99;199,80;;;9,99;3831070660378;Kozmetika
EXTRA KOBASICA 360 g KUDELIÆ;373145;Kudeliæ;0,3600;kg;3,69;10,25;;;3,79;3859891672738;Hrana
SLADILO STEVIQ 55 g;373164;;0,0550;kg;6,99;127,09;;;6,99;3858893680024;Hrana
KOBASICA KRAINERJEVA 240 g;373170;Krainer;0,2400;kg;3,59;14,96;;;3,59;9004286414903;Hrana
KEKS SPAR SA ZAÈINIMA 350 g;373171;SPAR;0,3500;kg;2,99;8,54;;;2,99;4006894756302;Hrana
SMOKVA SUHA EUROCOMPANY 200 g;373191;EUROCOMPANY;0,2000;kg;2,54;12,70;;;1,59;3872084014528;Hrana
METLICA RUÈNA S LOPATICOM;373195;;1,0000;kom;7,19;7,19;;;7,19;4006501414014;Proizvodi za kuæanstvo
OME.DUEL LIKE A DIAMOND 2,6 L;373232;Duel;2,6000;L;6,99;2,69;;;5,99;8606015845371;Sredstva za èišæenje
GUMENI BOM.KATJES YOGH.175 g;373233;Katjes;0,1750;kg;1,59;9,09;;;1,59;4037400344737;Hrana
GUMENI BOM.KATJES WUNDER.175 g;373235;Katjes;0,1750;kg;1,59;9,09;;;1,59;4037400344782;Hrana
GUMENI BOM.KATJ.WUN.PINK 175 g;373241;Katjes;0,1750;kg;1,59;9,09;;;1,59;4037400344805;Hrana
GUMENI BOM.KATJ.WUN.RAIN.175 g;373245;Katjes;0,1750;kg;1,59;9,09;;;1,59;4037400344799;Hrana
DEO ROLL ON MELEM COLD 50 ml;373266;Melem;0,0500;l;;32,00;1,60;2,99;3,59;3856007911156;Kozmetika
DOMAÆI PRŠUT 300 g NAREZ.;373279;;0,3000;kg;;22,63;6,79;7,29;7,29;3859894171061;Hrana
DALMATINSKA BUÐOLA 300 g NAR.;373280;;0,3000;kg;6,29;20,97;;;6,29;3859894171085;Hrana
PROSECCO FANTINE.EX DRY 0,75 L;373297;;0,7500;L;10,02;13,36;;;10,02;8009663105048;Piæa
KREM SLA.IRISH CR.CROCC.500 ml;373329;;0,5000;L;8,99;17,98;;;8,49;3859894052209;Hrana
KOZICE U HRS.PANADI LEDO 250 g;373336;Ledo;0,2500;kg;6,99;27,96;;;6,99;3850116063805;Hrana
POMMES FRITES TANKI LEDO 600 g;373337;Ledo;0,6000;kg;3,99;6,65;;;3,99;3850116063867;Hrana
GIN GIBSON´S LONDON DRY 0,7 L;373362;;0,7000;L;12,79;18,27;;;12,79;3147690060703;Piæa
GIN GIBSON´S BLOOD ORAN. 0,7 L;373364;;0,7000;L;14,29;20,41;;;14,29;3147699122563;Piæa
VINO KOZLOVIÆ TERAN 0,75 L;373380;;0,7000;L;19,99;28,56;;;19,99;3859893243028;Piæa
VINO WHISPERING ANG.RO. 0,75 L;373381;;0,7500;L;26,02;34,69;;;26,02;3666140026804;Piæa
PJENU.VINO KADARITA DRY 0,75 L;373383;;0,7500;L;;2,39;1,79;2,52;2,52;5905466036981;Piæa
COCKTAIL CW BLUE MOON 0,33 L;373385;;0,3300;L;1,42;4,30;;;1,42;5905466029198;Piæa
COCKTAIL CW COSMOPOL. 0,33 L;373386;;0,3300;L;1,59;4,82;;;1,42;5905466029273;Piæa
COCKTAIL CW MANGOCOL. 0,33 L;373388;;0,3300;L;1,59;4,82;;;1,42;5905466029235;Piæa
COCKTAIL CW MOJITO 0,33 L;373389;;0,3300;L;1,59;4,82;;;1,42;5905466029211;Piæa
COCKTAIL CW PINACOLADA 0,33 L;373391;;0,3300;L;1,59;4,82;;;1,42;5905466029259;Piæa
VINO MINUTY BLANC 0,75 L;373415;;0,7500;L;26,02;34,69;;;26,02;3547103230004;Piæa
VINO MINUTY ROSE 0,75 L;373417;;0,7500;L;19,99;26,65;;;25,99;3547103220005;Piæa
KOZICE U SALAMURI SPAR 180 g;373419;SPAR;0,1000;kg;3,29;32,90;;;3,29;9100000443614;Hrana
ALUMINIJSKA FOLIJA 20m,FINO;373420;;1,0000;kom;5,69;5,69;;;5,69;5900536352053;Proizvodi za kuæanstvo
PAPIR ZA PEÈ. U LIST.30/1,FINO;373421;;16,0000;kom;3,99;0,25;;;3,99;5201314172550;Proizvodi za kuæanstvo
PJEN.VINO BORN ROSE 0,75 L;373425;;0,7500;L;16,02;21,36;;;16,02;8437019544119;Piæa
WHISKEY INDEPENDENCE BL. 0,7 L;373426;;0,7000;L;20,02;28,60;;;20,02;5391534151241;Piæa
WHISK.INDEPENDENCE SING. 0,7 L;373427;;0,7000;L;33,02;47,17;;;33,02;5391534151227;Piæa
SIR SVJ.PROTEIN ´Z BREG.250 g;373444;Z Bregov;0,2500;kg;1,45;5,80;;;1,45;3850108058390;Hrana
ŠAMPINJONI S-BUDGET REZ.400 g;373454;S-Budget;0,2300;kg;1,49;6,48;;;1,49;9100000749549;Hrana
MALINE BOROVN. MIX SPAR 250 g;373455;SPAR;0,2500;kg;2,49;9,96;;;2,49;9100000965741;Hrana
KOLAÈ MR.BROWNIE S BOMBO.200 g;373466;;0,2000;kg;3,49;17,45;;;3,29;8411037892490;Hrana
KOLAÈ MR.BROWNIE ÈOKOLAD.200 g;373468;;0,2000;kg;3,49;17,45;;;3,29;8411037800037;Hrana
KOLAÈ MR.BROWNIE 200 g;373469;;0,2000;kg;3,49;17,45;;;3,29;8411037892308;Hrana
ZUB.PASTA DENTA KISS F. 125 ml;373474;Vlastite potrebe;0,1250;L;0,99;7,92;;;0,99;9100000984377;Kozmetika
AJVAR DOORA BLAGI 560 g;373479;Doora;0,5600;kg;3,49;6,23;;;3,49;3858894541621;Hrana
AJVAR DOORA LJUTI 560 g;373480;Doora;0,5600;kg;3,49;6,23;;;3,49;3858894541638;Hrana
TUNA EVA U RAJÈICI 100 g;373482;Eva;0,1000;kg;2,59;25,90;;;2,59;3856020263218;Hrana
SUŠILO ZA RUBLJE OPALE 18 M;373510;;1,0000;kom;12,99;12,99;;;12,99;8003186119803;Proizvodi za kuæanstvo
GRANOLA NUTOLA 300 g;373512;;0,3000;kg;6,49;21,63;;;5,99;3859893972089;Hrana
ÈET.INTERDENT.DENTA KISS 36/1;373516;Denta Kiss;36,0000;kom;1,99;0,06;;;1,98;9100000984087;Kozmetika
KREMA  ZA DDEPILA.ÈUPKO 100 ml;373526;Èupko;0,1000;kom;3,79;37,90;;;3,50;3859888495340;Kozmetika
ŠAMPON BATISTE ORIGINAL 200ml;373535;BATISTE;0,2000;l;4,59;22,95;;;4,59;5010724527481;Kozmetika
KAŠICA HIPP SNACKIE 120 g;373538;Hipp;0,1200;kg;1,39;11,58;;;1,40;4062300325197;Hrana
KAŠICA HIPP SNACKIE 120 g;373539;Hipp;0,1200;kg;1,39;11,58;;;1,40;4062300325227;Hrana
PJEN.SREB.PENINA EX.DRY 0,75 L;373550;;0,7500;L;;9,99;7,49;9,82;9,82;3830000341127;Piæa
PJEN.SR.PENINA TRAMINEC 0,75 L;373555;;0,7500;L;;9,99;7,49;9,82;9,82;3830000343305;Piæa
WHISKY BALLANTINES 10YO 0,7 L;373558;;0,7000;L;28,99;41,41;;;26,02;5000299628713;Piæa
VINO M.ARMAN MERLOT 0,75 L;373560;;0,7500;L;16,29;21,72;;;16,29;3859893024122;Piæa
ÈAJ SPAR ÐUMBIR LIMUN 30 g;373581;SPAR;0,0300;KG;1,02;34,00;;;1,09;3856021225642;Piæa
ÈAJ SPAR JABUKA CIMET 30 g;373582;SPAR;0,0300;KG;0,99;33,00;;;0,99;3856021225628;Piæa
PUREÆI FILE 475 g;373599;Vindon;0,4750;kg;6,59;13,87;;;5,29;3850339402665;Hrana
PAŠTETA PODR.KOKOŠJA GOLD 95 g;373606;Podravka;0,0950;kg;1,29;13,58;;;1,29;3856020263720;Hrana
TUNA EVA KOMAD.BILJ.ULJE 100 g;373609;Eva;0,0700;kg;2,79;39,86;;;2,79;3856020263188;Hrana
ŠAMPON AFRODITA KAMILI. 950 ml;373614;Afrodita;1,0000;l;5,49;5,49;;;5,29;3831070661634;Kozmetika
ŠAM.AFRODITA ÈIÈAK 950 ml;373615;Afrodita;0,9500;l;4,79;5,04;;;4,49;3831070661665;Kozmetika
ŠAM.AFRODITA RICINUS 950 ml;373616;Afrodita;1,0000;kom;4,79;4,79;;;4,49;3831070661658;Kozmetika
ŠAMP.AFRO.ZA KOSU I TIJ.950 ml;373617;Afrodita;0,9500;l;4,79;5,04;;;4,49;3831070661702;Kozmetika
ŠAMP.AFRO.ZA KOSU I TIJ.950 ml;373620;Afrodita;0,9500;l;4,79;5,04;;;4,49;3831070661719;Kozmetika
LIKER ANTIQUE PELINKOVAC 3 L;373623;;3,0000;L;75,02;25,01;;;75,02;3850112112422;Piæa
TOAL.PAP.S BUDGET 16/1;373624;S-Budget;16,0000;KOM;3,79;0,24;;;3,49;3856021225888;Toaletne potrepštine
KREMA AFRODITA HIDRAT. 50 ml;373627;Afrodita;0,0500;l;11,49;229,80;;;11,49;3831070659594;Kozmetika
LINGUINI S PLO.MORA SPAR 500 g;373629;SPAR;0,5000;kg;5,49;10,98;;;5,49;9100000987408;Hrana
TJES.MARODI FETTUCCINE 400 g;373633;;0,4000;kg;3,49;8,73;;;3,49;3859893944369;Hrana
ZUB.PASTA DENTA KISS B. 125 ml;373642;Vlastite potrebe;0,1250;L;0,99;7,92;;;0,99;9100000984353;Kozmetika
OSVJ.WC BREF LEMON 6X50 g ;373650;Bref;0,3000;kg;8,99;29,97;;;8,99;9000101591965;Sredstva za èišæenje
OSVJ.WC BREF PINE 6X50 g;373651;Bref;0,3000;kg;8,99;29,97;;;8,99;9000101592085;Sredstva za èišæenje
GALA KOBASICA ZA KUHANJE 300 g;373656;Gavrilovic;0,3000;kg;2,05;6,83;;;2,05;3858892725405;Hrana
PAP.RUÈ.VIOLETA ALL IN ONE 1/1;373659;Violeta;1,0000;KOM;2,59;2,59;;;2,29;3858893660620;Proizvodi za kuæanstvo
KATIN KOLAÈ PITA JABUKA  470 g;373667;;0,4700;kg;6,99;14,87;;;6,99;3859893454967;Hrana
ŠUNKA U OVITKU 400 g;373675;Pivac;0,4000;kg;3,49;8,73;;;3,39;3858884998114;Hrana
KOBASICA DOMAÆA 330 g;373678;Pivac;0,3300;kg;5,69;17,24;;;5,69;3858884998305;Hrana
KOBASICA BARANJSKA 330 g;373680;Pivac;0,3300;kg;5,49;16,64;;;5,49;3858884998329;Hrana
VANILIN ŠEÆER PODRA.8 g 10 PAK;373693;Dolcela;0,0800;kg;1,59;19,88;;;1,59;3856020260767;Hrana
PRAŠAK ZA PEC.PODRA.12g 10 PAK;373699;Podravka;0,1200;kg;1,59;13,25;;;1,59;3856020254643;Hrana
SPAR VREÆA ZA SM.REC.150L 8/1;373770;SPAR marka kvalitete;8,0000;kom;2,59;0,32;;;2,59;9100000005331;Proizvodi za kuæanstvo
DŽEM ŠIPAK DOORA 680 g;373776;Doora;0,6800;kg;4,99;7,34;;;4,99;3858894541744;Hrana
GEL TUŠ.ISANA ALOE VERA 300 ml;373822;ISANA;0,3000;L;0,89;2,97;;;0,89;4305615727387;Kozmetika
GEL TUŠ.ISANA MED&MLIJ. 300 ml;373824;ISANA;0,3000;L;0,89;2,97;;;0,89;4305615609447;Kozmetika
GAZIRAN.PIÆE S-BUDET TONIC 2 L;373836;S-Budget;2,0000;L;1,45;0,73;;;1,82;9100000035765;Piæa
RIB.ŠTAPIÆ.ZLA.PAN. LEDO 224 g;373837;Ledo;0,2240;kg;;10,67;2,39;2,99;2,99;3850116066578;Hrana
KOLAÈ MED.MARLENKA KAKAO 50g;373852;;0,0500;kg;1,39;27,80;;;1,39;8594071650537;Hrana
SIR S TARTUFIMA PRESID.200 g ;373886;President;0,2000;kg;6,99;34,95;;;6,99;8410285102733;Hrana
TJE.MARODI TAGLIATELLE 400 g;373899;;0,4000;kg;3,49;8,73;;;3,49;3859893944352;Hrana
SPR.ERDAL ZA IMPREGNACI.300 ml;373911;Erdal;0,3000;L;5,90;19,67;;;5,90;4009175964694;Proizvodi za kuæanstvo
TJE.MAR.TAGLIATELLE VERDI 400g;373915;;0,4000;kg;3,49;8,73;;;3,49;3859893944376;Hrana
TJESTENINA MARODI FUŽI 400 g;373916;;0,4000;kg;3,49;8,73;;;3,49;3859888666405;Hrana
SD SPUŽVICA SCRUB DADDY ORIG.;373921;;1,0000;kom;;2,09;2,09;2,99;3,39;5060481023870;Proizvodi za kuæanstvo
SD SPUŽVICA SCRUB MOMMY ROZA;373922;;1,0000;kom;;2,09;2,09;2,99;3,39;5060481022040;Proizvodi za kuæanstvo
SD SPUŽVICA ZA PRAŠ.DAMPDUSTER;373923;;1,0000;kom;;2,44;2,44;3,49;3,81;5060481022774;Proizvodi za kuæanstvo
KRUPICA KUKURUZ ÈAK.MLIN.450 g;373924;;0,4500;kg;1,19;2,64;;;1,19;3858884176048;Hrana
BRI.WILKIN.HYDRO+4PATRO.;373925;Wilkinson;1,0000;kom;;3,50;3,50;4,55;7,09;4027800513505;Kozmetika
ŠTAPIÆI SL.NUTRI PLUS 160 g;373929;;0,1600;kg;2,29;14,31;;;2,29;5310133003454;Hrana
ÈOK.PRUT.EUROCREM MIX 280 g;373930;Eurocrem;0,2800;kg;4,49;16,04;;;4,49;8601900502773;Hrana
TEK.SAPUN ISANA NARANÈA 350 ml;373941;ISANA;0,3500;L;2,49;7,11;;;2,49;4305615765129;Kozmetika
TEK.SAPUN ISANA LIMUN 350 ml;373942;ISANA;0,3500;L;;5,40;1,89;1,99;2,49;4305615904658;Kozmetika
DEO ISANA MEN APPEAL 150 ml ;373943;ISANA;0,1500;L;1,79;11,93;;;1,79;4305615754093;Kozmetika
GEL ZA KOSU ISANA MEN 150 ml;373944;ISANA;0,1500;L;1,99;13,27;;;1,99;4305615982663;Kozmetika
KUPKA ISANA KIDS 500 ml;373945;ISANA;0,5000;L;2,49;4,98;;;2,49;4068134031761;Kozmetika
LOSION PRANJE ISANA MED 500 ml;373946;ISANA;0,5000;L;1,49;2,98;;;1,49;4305615629100;Kozmetika
MLI.ZA TIJELO ISANA MED 250 ml;373947;ISANA;0,2500;L;2,49;9,96;;;2,49;4305615982250;Kozmetika
SD BRISAÈ DVOSTRAN.2/1,ERASER ;373948;;1,0000;kom;;2,79;2,79;3,99;4,24;5060481022651;Proizvodi za kuæanstvo
SD JASTUÈIÆ ZA RIB.3/1,DADDY;373949;;3,0000;kom;;1,16;3,49;4,99;4,24;5060481022552;Proizvodi za kuæanstvo
GEL TUŠ.ISANA MED 250 ml;373950;ISANA;0,2500;L;1,29;5,16;;;1,29;4305615629162;Kozmetika
SD DOZATOR S ÈETKOM,DADDY;373951;;1,0000;kom;;8,39;8,39;11,99;10,19;5060481022576;Proizvodi za kuæanstvo
ULJNI GEL TUŠ.ISANA MED 250 ml;373953;ISANA;0,2500;L;1,59;6,36;;;1,59;4305615629148;Kozmetika
SD REFIL ZA DOZ.ZA PRANJE POS.;373955;;2,0000;kom;;1,40;2,79;3,99;3,39;5060481022583;Proizvodi za kuæanstvo
ŠAM.ISANA MED MR.MO.SOL 200 ml;373956;ISANA;0,2000;L;;6,45;1,29;1,49;1,59;4305615629230;Kozmetika
SD DOZATOR ZA TEK.DETER.DADDY;373957;;1,0000;kg;;5,59;5,59;7,99;11,04;5060481020954;Proizvodi za kuæanstvo
SAPUN ALTERRA NARANÈA 100 g;373958;Alterra;0,1000;kg;0,99;9,90;;;0,99;4305615307619;Kozmetika
SAPUN ALTERRA LAVANDA100 g;373959;Alterra;0,1000;kg;0,99;9,90;;;0,99;4305615307640;Kozmetika
VINO ÈOBANKO.PINOT BIJ. 0,75 L;373966;;0,7500;L;4,99;6,65;;;4,78;3859891286218;Piæa
WHISKY KING ROBERT II 0,7 L;373969;;0,7000;L;11,99;17,13;;;11,02;5010852000436;Piæa
LIZALICA CANDY FACTO.KISS 15 g;373973;DUPIN;0,0150;kg;1,39;92,67;;;1,59;8435124855977;Hrana
PIÆE BUBB.TEA OMG MARAK.0,27 L;373978;;0,2700;L;3,19;11,81;;;3,19;4779033974218;Piæa
PIÆE BUBBLE TEA OMG BRE.0,27 L;373979;;0,2700;L;3,19;11,81;;;3,19;4779033974409;Piæa
INST.NAP.STEVIQ VRUÆA ÈOK.16 g;373990;;0,0160;KG;1,19;74,38;;;1,19;3858893680345;Piæa
INST.NAPITAK STEVIQ KAKAO 15 g;373991;;0,0150;KG;0,99;66,00;;;0,99;3858893680222;Piæa
SENDVIÈ SOFT  ÖLZ 400 g;373993;;0,4000;kg;4,49;11,23;;;4,49;9005300019401;Hrana
Kruh buèin 400 g;374024;Pekara SPAR;0,4000;kg;0,99;2,48;;;1,32;1554;Hrana
TEK.SAPUN ALTERRA LIMUN 300 ml;374025;Alterra;0,3000;L;1,99;6,63;;;1,99;4305615940311;Kozmetika
TEK.SAPUN ALTERRA REFIL 500 ml;374026;Alterra;0,5000;L;2,49;4,98;;;2,49;4305615940335;Kozmetika
GEL TUŠ.ALTERRA MEN 200 ml ;374028;Alterra;0,2000;L;2,29;11,45;;;2,29;4305615754635;Kozmetika
GEL TUŠ.ALTERRA LIMETA 250 ml;374031;Alterra;0,2500;L;2,29;9,16;;;2,29;4305615307916;Kozmetika
GEL TUŠ.ALTERRA RUŽA 250 ml;374033;Alterra;0,2500;L;2,29;9,16;;;2,29;4305615692951;Kozmetika
KREMA ZA TIJELO ALTERRA 200 ml;374035;Alterra;0,2000;L;2,99;14,95;;;2,99;4305615307329;Kozmetika
MLIJEKO TIJELO ALTERRA 250 ml;374036;Alterra;0,2500;L;3,49;13,96;;;3,49;4305615307275;Kozmetika
ŠAMPON ALTERRA BIO NAR 200 ml;374037;Alterra;0,2000;L;2,49;12,45;;;2,49;4305615307718;Kozmetika
ŠAMPON ALTERRA KOFEIN 200 ml;374038;Alterra;0,2000;L;2,49;12,45;;;2,49;4305615307763;Kozmetika
ŠAMP.ALTERRA NARANÈA 300 ml;374040;Alterra;0,3000;L;2,99;9,97;;;2,99;4305615460734;Kozmetika
REGENERATOR ALTERRA NAR 200 ml;374041;Alterra;0,2000;L;;11,45;2,29;2,99;2,99;4305615307787;Kozmetika
VL.MARAM.ÈIŠ.LICA ALTERRA 25/1;374044;Alterra;25,0000;kom;1,99;0,08;;;1,99;4305615304205;Kozmetika
KREMA ALTERRA DN.ALOE V. 50 ml;374102;Alterra;0,0500;L;3,99;79,80;;;3,99;4305615304212;Kozmetika
KREMA ALTERRA DNEVNA Q10 50 ml;374103;Alterra;0,0500;L;3,99;79,80;;;3,99;4305615304335;Kozmetika
DET.PERSIL UNIVERSAL 2,2 kg;374104;Persil;2,2000;kg;14,75;6,70;;;9,99;9000101804898;Sredstva za èišæenje
DET.PERSIL SENSITIVE 1,98 kg;374105;Persil;1,9800;kg;14,75;7,45;;;9,99;9000101805017;Sredstva za èišæenje
DET.PERSIL SENSITIVE 1,8 L;374107;Persil;1,8000;l;14,75;8,19;;;9,99;9000101566697;Sredstva za èišæenje
DET.PERSIL COLOR 1,98 L;374108;Persil;1,9800;l;14,75;7,45;;;9,99;9000101568363;Sredstva za èišæenje
KAP.PERSIL STAIN REMOVAL 22/1;374109;Persil;22,0000;kom;;0,41;8,99;9,99;9,99;9000101801385;Sredstva za èišæenje
KAP.PERSIL UNIVERSAL 26/1;374110;Persil;26,0000;kom;14,75;0,57;;;9,99;9000101599466;Sredstva za èišæenje
KAP.PERSIL COLOR 26/1;374111;Persil;26,0000;kom;14,75;0,57;;;9,99;9000101800043;Sredstva za èišæenje
Kruh s lanom 400 g;374131;Pekara SPAR;0,4000;kg;1,45;3,63;;;1,45;;Hrana
ROLL ON BIOBAZA FLOWER 50 ml;374134;Biobaza;0,0500;L;3,99;79,80;;;3,85;3856020913021;Kozmetika
ROLL ON BIOBAZA FR&FLOWE 50 ml;374136;Biobaza;0,0500;l;3,99;79,80;;;3,85;3856020913014;Kozmetika
KREMA ZA RUKE FRUIT&FLWE 50 ml;374138;Biobaza;0,0500;l;3,29;65,80;;;3,85;3856020912987;Kozmetika
VINO ROSE DIKA 0,187 L;374142;;0,1870;L;1,49;7,97;;;1,49;3859888852402;Piæa
VINO LINGUA FRANKA 0,75 L;374143;;0,7500;L;10,02;13,36;;;10,02;3859893924118;Piæa
ÈET.ZA ZUBE DENTA KISS 2/1;374156;DENTA KISS;2,0000;kom;0,89;0,45;;;0,89;9100000033518;Kozmetika
PILEÆA JETRA SA SRCEM 400 g;374163;Perutnina;0,4000;kg;1,69;4,23;;;1,69;3850220408981;Hrana
PILEÆA MINI KRILCA 450 g;374164;Perutnina;0,4500;kg;2,79;6,20;;;2,79;3850220408400;Hrana
ÈOK.JAJ.DES.PREMIUM LJEŠ.450 g;374165;SPAR PREMIUM;0,4500;kg;14,99;33,31;;;1,99;8001300805533;Hrana
LOSION MIXA ZA TIJ.SU  400 ml ;374169;MIXA;0,4000;l;6,79;16,98;;;6,99;3600551136028;Kozmetika
KREMA MIXA ZA TI.CER. 400 ml;374172;MIXA;0,4000;l;8,99;22,48;;;8,99;3600551135939;Kozmetika
KREMA MIXA ZA TI. 400 ml;374173;MIXA;0,4000;l;8,99;22,48;;;8,99;3600551135922;Kozmetika
KREMA MIXA ZA TI. 400 ml;374174;MIXA;0,4000;l;8,99;22,48;;;8,99;3600551135960;Kozmetika
KREMA MIXA ZA RUKE CERA.100 ml;374179;MIXA;0,1000;l;3,99;39,90;;;3,99;3600551135991;Kozmetika
KREMA FRUCTIS ZA KO.RE  400 ml;374181;Garnier;0,4000;L;6,19;15,48;;;5,99;3600542225397;Kozmetika
MASKA FRUCTIS KAKAO MAS.390 ml;374185;Garnier;0,3900;l;7,49;19,21;;;7,49;3600542450034;Kozmetika
PAŠTETA SPAR PILEÆA 100 g;374220;SPAR;0,1000;kg;0,95;9,50;;;0,95;3856021225161;Hrana
PAŠTETA SPAR ÈAJNA 100 g;374223;SPAR;0,1000;kg;0,95;9,50;;;0,95;3856021225185;Hrana
TUNA EVA FILET BILJ.ULJE 100 g;374230;Eva;0,0700;kg;3,49;49,86;;;3,49;3856020263096;Hrana
OKRUGLICE MARELICA S-BUD 600 g;374236;S-Budget;0,6000;kg;2,39;3,98;;;2,39;3856021225550;Hrana
MIJEŠANA SALATA DOORA 540 g ;374238;Doora;0,2900;kg;3,19;11,00;;;3,19;3858894541690;Hrana
GEL TUŠ.BIOBAZA FRU&FLO 250 ml;374246;Biobaza;0,2500;L;2,99;11,96;;;2,99;3856020913007;Kozmetika
GEL TUŠ.BIOBAZA FRU&FLO 250 ml;374251;Biobaza;0,2500;L;2,99;11,96;;;2,99;3856020912994;Kozmetika
HRANA ZA PSE ONE GOVED.4X85 g;374253;One;0,3400;kg;3,49;10,26;;;3,49;8445290299260;Proizvodi za kuæanstvo
HRANA ZA PSE ONE PURETINA 85 g;374255;One;0,0850;kg;0,99;11,65;;;0,99;8445290332189;Proizvodi za kuæanstvo
HRANA ZA PSE ONE PILETINA 85 g;374256;One;0,0850;kg;0,99;11,65;;;0,99;8445290298263;Proizvodi za kuæanstvo
KRASTAVCI VITAMIN.DELIK.520 g ;374262;Vitaminka;0,2800;kg;3,49;12,46;;;3,29;3870545003487;Hrana
VINO VRH.BLATINA DOMANO 0,75 L;374263;;0,7500;L;13,32;17,76;;;13,32;3870016000168;Piæa
PAPRIKA VITAMINKA ŽUTA 650 g;374264;Vitaminka;0,3600;kg;4,09;11,36;;;3,39;3870545000110;Hrana
PJENUŠAC DOMANO BRUT 0,75 L;374265;;0,7500;L;15,29;20,39;;;16,02;3870016000076;Piæa
AJVAR VITAMIN.DOMAÆI 310 g;374266;Vitaminka;0,3100;kg;5,49;17,71;;;4,79;3870545000349;Hrana
MIJEŠANA SALATA VITAMIN.650 g;374267;Vitaminka;0,3000;kg;3,49;11,63;;;2,99;3870545000431;Hrana
RISO SCOTTI RIŽA  800 g;374269;Scotti;0,8000;kg;2,59;3,24;;;2,59;8001860184253;Hrana
BIO CVJETAÈA BROKULA NP 500 g;374299;Natur pur;0,5000;kg;2,99;5,98;;;2,99;3831115314105;Hrana
TJEST.ZLATO POLJE PUŽIÆI 500 g;374305;Zlato Polje;0,5000;kg;1,99;3,98;;;1,99;3838700010718;Hrana
Gavuniæ Oliga;374307;;1,0000;kg;8,49;8,49;;;7,69;93856024300400;Hrana
KREMA ZA RUKE GARNIER 75 ml;374311;Garnier;0,0750;L;2,79;37,20;;;2,79;3600542561440;Kozmetika
SPAR FK PILEÆI BURGER 2X135 g;374318;SPAR Feine Küche;0,2700;kg;2,99;11,07;;;2,99;9100000692265;Hrana
KUPKA TESORI HAMMAM 500 ml;374319;Tesori;0,5000;L;;4,30;2,15;4,29;4,29;8008970005591;Kozmetika
DET.WEISSER RIESE BOX 2,475 kg;374320;Weisser Riese;2,4750;kg;9,99;4,04;;;12,99;9000101807493;Sredstva za èišæenje
SPAR FK CHEESEBURGER 250 g;374321;SPAR Feine Küche;0,2500;kg;3,29;13,16;;;3,29;9100000069036;Hrana
KAP.WEISSER RIESE ORC.COL.40/1;374322;Weisser Riese;40,0000;kom;9,99;0,25;;;12,99;9000101802375;Sredstva za èišæenje
GEL TUŠ.TESORI KARMA 250 ml;374327;Tesori;0,2500;L;2,59;10,36;;;2,59;8008970057514;Kozmetika
VODICA PROKUDENT 500 ml;374339;Prokudent;0,5000;L;1,59;3,18;;;1,59;4305615573885;Kozmetika
OME.SPLENDID ROSENGARTEN 1,5 L;374342;Splendid;1,5000;L;2,99;1,99;;;2,99;9100000156927;Sredstva za èišæenje
OME.SPLENDID FRUHLINGSWI.1,5 L;374343;Splendid;1,5000;L;2,99;1,99;;;3,09;9100000156989;Sredstva za èišæenje
SEND.PROT.TUNA POVRÆE 150 g;374345;;0,1500;kg;3,49;23,27;;;3,69;8013554114507;Hrana
SEND.PROT.PURET.POVRÆE 150 g;374346;;0,1500;kg;3,49;23,27;;;3,69;8013554114491;Hrana
DET.PERSIL UNIVERSAL 1,10 kg;374358;Persil;1,1000;kg;8,49;7,72;;;8,49;9000101804713;Sredstva za èišæenje
DET.PERSIL FRESHNESS 0,99 kg;374359;Persil;0,9900;kg;8,49;8,58;;;8,49;9000101804775;Sredstva za èišæenje
DET.PERSIL LAVENDER 0,9 L;374360;Persil;0,9000;l;8,49;9,43;;;8,49;9000101598056;Sredstva za èišæenje
DET.PERSIL UNIVERSAL 0,99 L;374361;Persil;0,9900;l;;7,06;6,99;8,49;8,49;9000101599060;Sredstva za èišæenje
DET.PERSIL COLOR 0,99 L ;374362;Persil;0,9900;l;;7,06;6,99;8,49;8,49;9000101599008;Sredstva za èišæenje
DET.PERSIL SENSITIVE 0,90 L;374363;Persil;0,9000;l;;7,77;6,99;8,49;8,49;9000101805871;Sredstva za èišæenje
KAP.PERSIL COLOR 13/1;374369;Persil;13,0000;kom;8,49;0,65;;;8,49;9000101800012;Sredstva za èišæenje
DET.PERSIL FRESHNESS 2,97 kg;374370;Persil;2,9700;kg;23,99;8,08;;;19,99;9000101806311;Sredstva za èišæenje
KAP.PERSIL UNIVERSAL 40/1;374374;Persil;40,0000;kom;23,99;0,60;;;19,99;9000101801255;Sredstva za èišæenje
KAP.PERSIL COLOR 40/1;374376;Persil;40,0000;kom;13,99;0,35;;;19,99;9000101599497;Sredstva za èišæenje
DET.PERSIL FRESHNESS 2,7 L ;374378;Persil;2,7000;l;;5,92;15,99;19,99;19,99;9000101566819;Sredstva za èišæenje
OME.SILAN FRESH SKY 1,408 L;374380;Silan;1,4080;l;3,99;2,83;;;2,79;9000101801125;Sredstva za èišæenje
OME.SILAN SENSITIVE 1,408 L;374382;Silan;1,4080;l;3,99;2,83;;;2,79;9000101801064;Sredstva za èišæenje
OME.SILAN MAGNOLIA 1,10 L;374383;Silan;1,1000;l;3,99;3,63;;;2,79;9000101584608;Sredstva za èišæenje
OME.SILAN COOL FRESH 1.10 L;374384;Silan;1,1000;l;3,99;3,63;;;2,79;9000101585247;Sredstva za èišæenje
HULALA  ZA ŠLAG BILJNO 500 ml;374388;Hulala;0,5000;L;2,19;4,38;;;2,19;8007990404964;Hrana
OMEK.SILAN SUPR.ELEGANCE 1,2 L;374400;Silan;1,0120;l;3,99;3,94;;;2,79;9000101580471;Sredstva za èišæenje
DET.PERWOLL BLACK 1 L;374403;Perwoll;1,0000;l;4,99;4,99;;;5,99;9000101810141;Sredstva za èišæenje
DET.PERWOLL COLOR 3 L;374405;Perwoll;3,0000;l;13,39;4,46;;;11,49;9000101808568;Sredstva za èišæenje
DET.PERWOLL BLACK 3 L;374407;Perwoll;3,0000;l;13,39;4,46;;;11,49;9000101809527;Sredstva za èišæenje
DET.PERWOLL BLOSSOM 3 L;374409;Perwoll;3,0000;l;13,39;4,46;;;11,49;9000101809619;Sredstva za èišæenje
DET.PERWOLL DARK BLOOM 3 L;374410;Perwoll;3,0000;l;13,39;4,46;;;11,49;9000101811322;Sredstva za èišæenje
KAP.PERWOLL COLOR 35/1;374413;Perwoll;35,0000;kom;8,99;0,26;;;11,49;9000101811513;Sredstva za èišæenje
KAP.PERWOLL BLACK 35/1;374414;Perwoll;35,0000;kom;8,99;0,26;;;11,49;9000101811544;Sredstva za èišæenje
BU KRPA UNIVER. 3/1, 32x32 cm;374416;S-BUDGET;3,0000;kom;1,99;0,66;;;2,99;9100000003979;Proizvodi za kuæanstvo
NAM.VEGANSKI GreenVie 200 g;374417;;0,2000;kg;3,19;15,95;;;3,29;5292874002265;Hrana
VINO GRAŠEVINA KV.ILOK 5 L;374436;;5,0000;L;14,79;2,96;;;14,79;3859890359227;Piæa
VINO TRAMINAC KV.ILOK 0,75 L;374439;;0,7500;L;5,89;7,85;;;5,89;3859890359463;Piæa
VINO MERLOT KV.ILOK 0,75 L;374443;;0,7500;L;5,89;7,85;;;5,89;3859890359548;Piæa
VINO GRAŠEVINA KV.ILOK 0,75 L;374445;;0,7500;L;5,89;7,85;;;5,89;3859890359012;Piæa
VINO CHARDONNAY KV.ILOK 0,75 L;374447;;0,7500;L;5,89;7,85;;;5,89;3859890359586;Piæa
VINO CABER.SAUV.KV.ILOK 0,75 L;374448;;0,7500;L;5,99;7,99;;;5,89;3859890359746;Piæa
VREÆE ZA SMEÆE 50L 15/1;374472;;15,0000;kom;1,99;0,13;;;1,79;3858891882192;Proizvodi za kuæanstvo
VINO GALATHEO BIANCO 0,75 L;374484;;0,7500;L;3,19;4,25;;;3,19;4006542075014;Piæa
VINO GALATHEO ROSSO 0,75 L;374486;;0,7500;L;3,19;4,25;;;3,19;4006542075007;Piæa
BEZALK.VINO ALLURE ROSE 0,75 L;374488;;0,7500;L;5,02;6,69;;;5,02;4006542077292;Piæa
BEZAL.VINO ALLURE WEISS 0,75 L;374489;;0,7500;L;5,02;6,69;;;5,02;4006542077285;Piæa
VINO ALLURE CHARDONNAY 0,75 L;374490;;0,7500;L;5,02;6,69;;;5,02;4006542076042;Piæa
VINO ALLURE PINOT GRIG. 0,75 L;374491;;0,7500;L;5,02;6,69;;;5,02;4006542073430;Piæa
VINO ALLURE PRIMITIVO  0,75 L;374492;;0,7500;L;5,02;6,69;;;5,02;4006542077926;Piæa
VINO ALLURE MERLOT ROSE 0,75 L;374494;;0,7500;L;5,02;6,69;;;5,02;4006542073423;Piæa
PIZZETTE RAJÈ.MOZZ. SB 350 g;374519;S-Budget;0,3500;kg;2,79;7,97;;;2,79;8057204092159;Hrana
KREMA ZA RUKE ALTERRA 75 ml;374528;Alterra;0,0750;L;2,49;33,20;;;2,49;4305615780771;Kozmetika
PIVO BITBURGER 4X0,5 L;374554;Bitburger;2,0000;L;5,59;2,80;;;6,11;4102430003418;Piæa
PIVO BENEDIKTINER HELL 4X0,5 L;374555;Bitburger;2,0000;L;5,59;2,80;;;6,11;4052197002844;Piæa
SIRUP SUNQUICK MANGO 0,7 L;374556;Sunquick;0,7000;L;6,49;9,27;;;6,02;5775345203380;Piæa
SIRUP SUNQUICK MARAKUJA 0,7 L;374557;Sunquick;0,7000;L;6,49;9,27;;;6,02;5775345205391;Piæa
SIRUP SUNQUICK TROPICAL 0,7 L;374559;Sunquick;0,7000;L;6,49;9,27;;;6,02;5775345205278;Piæa
SOL SOMAT 2,5 kg;374577;Somat;2,5000;kg;3,99;1,60;;;3,99;9000101597042;Sredstva za èišæenje
PESTO R.MARE TUNA BADEM 130 g;374609;Rio Mare;0,1300;kg;4,99;38,38;;;4,99;8004030506091;Hrana
PESTO R.MARE TUNA PISTAC.130 g;374611;Rio Mare;0,1300;kg;4,99;38,38;;;4,99;8004030506077;Hrana
VINO MERLOT SM SUPERIO. 0,75 L;374615;;0,7500;L;9,99;13,32;;;9,99;3859892237080;Piæa
VINO ROSE SM SUPERIORE 0,75 L;374616;;0,7500;L;9,99;13,32;;;9,99;3859892237257;Piæa
VINO MUŠKAT SM SUPERIO. 0,75 L;374617;;0,7500;L;9,99;13,32;;;9,99;3859892237165;Piæa
VINO MALVAZIJ.SM SUPER. 0,75 L;374618;;0,7500;L;9,99;13,32;;;9,99;3859892237073;Piæa
PUREÆE MLJEVENO MESO 450 g;374621;Perutnina;0,4500;kg;3,89;8,64;;;3,89;3838977042139;Hrana
MUSLI GR.KOELLN MED,LJEŠ.500 g;374632;;0,5000;kg;5,99;11,98;;;4,69;4000540023169;Hrana
NAMAZ ARGETA LEÆIN TARTAR 95 g;374638;Argeta;0,0950;kg;1,89;19,89;;;1,89;3838471050951;Hrana
NAMAZ ARG.MEATLESS KOKO.95 g;374639;Argeta;0,0950;kg;1,89;19,89;;;1,89;3838471050937;Hrana
MUSLI GR.KOELLN ÈOK.KROK.500 g;374641;;0,5000;kg;5,99;11,98;;;4,69;4000540043587;Hrana
NAMAZ ARG.MEATL.KOKO.PIKA.95 g;374642;Argeta;0,0950;kg;1,89;19,89;;;1,89;3838471051682;Hrana
ULJE MAS.EXT.DJEV.MONINI 0,5 L;374643;Monini;0,5000;L;10,49;20,98;;;10,99;80056591;Hrana
MUSLI GR.KOELLN ÈOK.KEKS 500 g;374644;;0,5000;kg;5,99;11,98;;;4,69;4000540003246;Hrana
MUSLI KOELLN VOÆ.BEZ.ŠEÆ.500 g;374648;;0,5000;kg;5,99;11,98;;;4,69;4000540001341;Hrana
VOÆ.PIRE NAT.PUR JAB.BRE.100 g;374664;Spar Natur pur;0,1000;kg;0,99;9,90;;;0,99;9100000707839;Hrana
VOÆ.PIRE NAT.PUR JAB.BAN.100 g;374665;Spar Natur pur;0,1000;kg;0,99;9,90;;;0,99;9100000707815;Hrana
KAŠICA NAT.PUR ŠPAG.BOLO.190 g;374666;Spar Natur pur;0,1900;kg;1,39;7,32;;;1,39;9100000014456;Hrana
MJEŠ.ZA MULT. KRUH DI-GO 400 g;374669;;0,4000;kg;2,39;5,98;;;2,99;3858887683116;Hrana
MJEŠ ZA MEDIT.KRUH DI-GO 400 g;374670;;0,4000;kg;2,39;5,98;;;2,99;3858887683109;Hrana
MJEŠ.ZA FINI DO.KR.DI-GO 400 g;374672;;0,4000;kg;2,39;5,98;;;2,99;3858887683093;Hrana
PRIP.ŠLAG CRE.PAT.SPRAY 250 g;374681;Meggle;0,2500;kg;2,59;10,36;;;2,59;4034900027788;Hrana
TJ.KLARA MARIÆ FUŽI. 250 g;374682;;0,2500;kg;2,59;10,36;;;2,59;3859893308796;Hrana
TJ.KLARA MARIÆ TAGLIATEL.500 g;374683;;0,5000;kg;4,99;9,98;;;4,99;3859888499010;Hrana
SIR EMMENT.U LIST.MEGGLE 125 g;374684;Meggle;0,1500;kg;2,59;17,27;;;2,79;4006265000058;Hrana
DET.PERSIL FRES.BY SIL.3,96 kg;374685;Persil;3,9600;kg;21,99;5,55;;;21,99;9000101805932;Sredstva za èišæenje
DET.PERSIL SENSITIVE 3,6 L;374686;Persil;3,6000;l;;5,28;18,99;21,99;21,99;9000101806458;Sredstva za èišæenje
VODICA PROKUDENT DESNI 500 ml;374691;Prokudent;0,5000;L;1,59;3,18;;;1,59;4305615573922;Kozmetika
ZUB.KONAC DENTA KISS 2U1 32/1;374694;DENTA KISS;32,0000;kom;0,99;0,03;;;0,99;9100000984193;Kozmetika
MONTE SNACK LJEŠNJ.29 g;374702;Zott;0,0290;kg;0,55;18,97;;;0,55;4014500520391;Hrana
MASLAC DIVLJI CV.KAMELI 150 ml;374724;DIVLJI CVIT;0,1500;l;12,99;86,60;;;12,99;3859893393112;Kozmetika
MASLAC DIVLJI CVIT RUŽA 150 ml;374725;DIVLJI CVIT;0,1500;l;12,99;86,60;;;12,99;3859893393099;Kozmetika
MASLAC DIVLJI CVIT LAV 150 ml;374727;DIVLJI CVIT;0,1500;l;12,99;86,60;;;12,99;3859893393105;Kozmetika
PROTEIN ZOTTARELLA 125 g;374739;Zott;0,1250;kg;1,79;14,32;;;1,79;4014500520414;Hrana
PROTEIN ZOTTARELLA STICKS 84 g;374740;Zott;0,0840;kg;2,49;29,64;;;2,49;4014500520407;Hrana
RAMA CREMA ZA KUHANJE 200 ml;374742;Rama;0,2000;L;1,49;7,45;;;1,49;8719200275836;Hrana
RAMA CREMA ZA ŠLAG 200 ml;374744;Rama;0,2000;L;1,79;8,95;;;1,79;8719200275867;Hrana
MLIJ.NAPITAK YFOOD LJEŠ.500 ml;374751;;0,5000;L;4,52;9,04;;;4,52;4260556636290;Hrana
MLIJ.NAPITAK YFOOD MALI.500 ml;374753;;0,5000;L;4,52;9,04;;;4,52;4260556636146;Hrana
MLIJ.NAPITAK YFOOD VANI.500 ml;374756;;0,5000;L;4,52;9,04;;;4,52;4260556636085;Hrana
MLIJ.NAPITAK YFOOD ÈOKO.500 ml;374758;;0,5000;L;4,52;9,04;;;4,52;4260556636115;Hrana
MLIJEKO ZA KAVU MARESI 250 g;374774;Maresi;0,2500;kg;1,65;6,60;;;1,35;90027871;Hrana
FLIPS SMOKI WOW ÈOKOLADA 70 g ;374826;Smoki;0,0700;kg;1,29;18,43;;;1,16;8600939508183;Hrana
VINO LIRICA PLAVAC MALI 0,75 L;374827;;0,7500;L;12,59;16,79;;;12,59;3859889291118;Piæa
VINO GRAŠEVINA EX.KREŠI.0,75 L;374831;;0,7500;L;9,02;12,03;;;9,02;3859892575038;Piæa
BOMB.WONDER LICKER 50 g;374832;;0,0500;kg;1,69;33,80;;;1,69;4260332199025;Hrana
VINO PINOT SIVI EX.KREŠ.0,75 L;374833;;0,7500;L;10,02;13,36;;;10,02;3859892575045;Piæa
Salama zimska Dobro;374848;Dobro;1,0000;kg;10,90;10,90;;;23,99;3850133812615;Hrana
ULJE OKUS.CRNOG TARTUFA 100 ml;374849;Zigante;0,1000;L;9,99;99,90;;;9,99;3859892291891;Hrana
KRE.JGL PANTHENOL BABY 50 g;374850;Jgl;0,0500;KG;5,35;107,00;;;5,35;3858891013176;Kozmetika
ULJE S OK.BIJELOG TARTU.100 ml;374851;Zigante;0,1000;L;10,99;109,90;;;10,99;3859892291884;Hrana
ULJE MAS.E.D. B.TART.PRE.90 ml;374852;SPAR Premium;0,0900;L;3,99;44,33;;;3,99;8001300242628;Hrana
ULJE MAS.EXD.TARTUF FAR.250 ml;374853;;0,2500;L;5,99;23,96;;;5,99;8007153149992;Hrana
ŠTAPIÆI GRISKI KIKIRIKI 360 g ;374855;Griski;0,3600;kg;3,99;11,08;;;3,99;5310133003713;Hrana
ULJE MAS.EXD.BOSI.FARC 250 ml;374856;;0,2500;L;4,49;17,96;;;4,49;8007153002549;Hrana
ÈOKOLADA TWIX 3X50 g;374857;Twix;0,1500;kg;2,89;19,27;;;2,89;5000159559362;Hrana
ÈOKOLADA SNICKERS 3X50 g;374861;Snickers;0,1500;kg;2,89;19,27;;;2,99;5000159560061;Hrana
PODRAVSKI ŠPEK 350 g;374864;Podravka;0,3500;kg;6,49;18,54;;;5,59;3856020272760;Hrana
TP ZEWA DELICATE CARE 12/1;374867;Zewa;12,0000;kom;3,99;0,33;;;4,99;7322540989779;Toaletne potrepštine
TP ZEWA BRESKVA 12/1;374868;Zewa;12,0000;kom;3,99;0,33;;;4,99;7322541396026;Toaletne potrepštine
PASTA TAFT TEKST. 100 ml;374869;Taft;0,1000;l;5,39;53,90;;;5,39;9000101723762;Kozmetika
GEL ZA TUŠ.FA REFRESH 400 ml;374871;Fa Duschgel;0,4000;l;4,19;10,48;;;4,19;9000101726817;Kozmetika
DEO SPRAY FA FEEL REF. 150 ml;374882;Fa;0,1500;l;3,29;21,93;;;3,20;9000101726732;Kozmetika
DEO SPRAY FA SPIC.BERG. 150 ml;374885;Fa;0,1500;l;3,29;21,93;;;3,20;9000101729238;Kozmetika
MASKA GLISS NUTR.400 ml;374892;Gliss;0,4000;l;6,69;16,73;;;6,99;9000101726053;Kozmetika
MASKA GLISS REPAIR 400 ml;374895;Gliss;0,4000;l;6,69;16,73;;;6,99;9000101726138;Kozmetika
PJENU.JP CHENET ICE ROSE 1,5 L;374902;JP Chenet;1,5000;L;;5,33;7,99;10,02;10,02;3500610110238;Piæa
PJEN.JP CHENET ICE WHITE 1,5 L;374903;JP Chenet;1,5000;L;;5,33;7,99;10,02;10,02;3500610108501;Piæa
ZUB.P.AQUAFRESH WHI&SHI.100 ml;374918;Aquafresh;0,1000;l;3,59;35,90;;;3,89;5054563205490;Kozmetika
GUM.BOMB.ZOZOLE RAINBOW 75 g;374926;;0,0750;kg;0,89;11,87;;;0,99;5900353700211;Hrana
GUM.BOMB.ZOZOLE PAINTER 75 g;374935;;0,0750;kg;0,89;11,87;;;0,99;5900353702147;Hrana
GUM.BOMB.ZOZOLE JAGODA 75 g;374938;;0,0750;kg;0,89;11,87;;;0,99;5900353701522;Hrana
GEL AIRWICK MAGNOLIA 150 g;374949;Airwick;0,1500;KG;2,69;17,93;;;2,69;5997321758954;Sredstva za èišæenje
MLIJEKO SVJ.3,6% NP BIO 1 L;374973;Natur pur;1,0000;L;1,69;1,69;;;1,69;9100000015774;Hrana
GRISINI PREMIUM CRVE.LUK 150 g;374983;SPAR Premium;0,1500;kg;3,49;23,27;;;3,50;9100000889894;Hrana
ŠAMPINJONI MINI 300 g;374984;;0,3000;kg;1,39;4,63;;;1,39;3858893060239;Hrana
Sir s mediteran.biljem GLIGORA;374996;;1,0000;kg;25,89;25,89;;;24,99;3858891772219;Hrana
LOPATICA DIMLJENA BK S KOŽOM ;375019;Pivac;1,0000;kg;7,49;7,49;;;5,99;3858884998909;Hrana
MJEŠ.POVR.GOURMET MIX SB 750 g;375028;S-Budget;0,7500;kg;3,29;4,39;;;2,96;9100000898162;Hrana
PATRONE WILKINSON HYDRO 5 4+1;375033;Wilkinson;5,0000;kom;12,59;2,52;;;14,49;4027800892266;Kozmetika
NOODLE S-BUDGET LJ.PERAD 70 g;375036;S-Budget;0,0700;kg;1,39;19,86;;;1,39;9100000002934;Hrana
NOODLE S-BUDGET PATKA 72 g;375037;S-Budget;0,0720;kg;1,39;19,31;;;1,39;9100000002958;Hrana
NOODLE S-BUDGET GOVEDINA 66 g;375038;S-Budget;0,0660;kg;1,39;21,06;;;1,39;9100000002972;Hrana
KREM.ZORINA M.MIC.SPF30  50 ml;375041;ZORINA MAST;0,0500;L;7,99;159,80;;;16,29;3859894008480;Kozmetika
MJEŠ.TAMNI KRUH NAT.PUR 1 kg;375042;SPAR Natur*pur;1,0000;kg;3,99;3,99;;;3,99;9100000983813;Hrana
MJEŠ.SUNCOKR.KRUH NAT.PUR 1 kg;375044;Natur pur;1,0000;kg;3,99;3,99;;;3,99;9100000983790;Hrana
ZUB.PASTA BLANX WHITE 75 ml;375068;Blanx;0,0750;l;2,95;39,33;;;2,95;8017331089675;Kozmetika
AJVAR DOORA DOMAÆI BLAGI 550 g;375069;Doora;0,5500;kg;;10,89;5,99;8,59;8,59;3858894540334;Hrana
AJVAR DOORA DOMAÆI LJUTI 550 g;375070;Doora;0,5500;kg;;10,89;5,99;8,59;8,59;3858894540341;Hrana
AJVAR DOORA DOMAÆI BLAGI 290 g;375071;Doora;0,2900;kg;;13,00;3,77;5,39;5,39;3858894540488;Hrana
AJVAR DOORA DOMAÆI LJUTI 290 g;375072;Doora;0,2900;kg;;13,00;3,77;5,39;5,39;3858894540495;Hrana
POSIP ZA MAÈKE MAG.CLEAN 3,8 L;375073;;3,8000;L;7,99;2,10;;;7,99;4008239196576;Proizvodi za kuæanstvo
HIPP BABY VODA 1 L;375076;Hipp;1,0000;l;1,39;1,39;;;1,39;9062300000662;Hrana
SRED.SMAC ZA KUPAONICU 650 ml;375079;Smac;0,6500;L;3,79;5,83;;;3,49;8003650026682;Sredstva za èišæenje
KAP.VESH COLOR 42/1;375103;Vesh;42,0000;kom;14,90;0,35;;;14,90;3870128037359;Sredstva za èišæenje
KAP.VESH WHITE 14/1;375107;Vesh;14,0000;kom;6,49;0,46;;;4,79;3870128037267;Sredstva za èišæenje
KAP.VESH COLOR 14/1;375110;Vesh;14,0000;kom;6,49;0,46;;;4,79;3870128037328;Sredstva za èišæenje
KOKO. MLIJ.S-BUDG.LIGHT.400 ml;375122;S-Budget;0,4000;l;1,59;3,98;;;1,49;9100000826998;Hrana
TUNA SAL.RIO MARE SICIL.160 g;375125;Rio Mare;0,1600;kg;4,68;29,25;;;4,68;8004030476004;Hrana
RIŽA REYHAN BASMAT.750 g;375135;Reyhani;0,7500;kg;4,99;6,65;;;4,99;9120006000307;Hrana
POSL.ZA PSE ADVENT.LOSOS 115 g;375140;Felix;0,1150;kg;2,79;24,26;;;2,69;8445290990785;Proizvodi za kuæanstvo
POSL.ZA PSE ADVENT.DIVLJ.115 g;375141;Felix;0,1150;kg;2,79;24,26;;;2,69;8445290990808;Proizvodi za kuæanstvo
HRANA ZA MAÈKE FELIX TUNA 80 g;375142;Felix;0,0800;kg;0,79;9,88;;;0,79;7613287249555;Proizvodi za kuæanstvo
HRANA ZA MAÈKE FELIX 4X80 g;375143;Felix;0,3200;kg;2,79;8,72;;;2,79;7613287249579;Proizvodi za kuæanstvo
SALVETE 33x33cm,20/1 PPD ;375149;;1,0000;kom;1,99;1,99;;;1,99;4021766277167;Proizvodi za kuæanstvo
SALVETE 33x33cm,20/1 PPD ;375151;;1,0000;kom;1,99;1,99;;;1,99;4021766297387;Proizvodi za kuæanstvo
SALVETE 33x33cm,20/1 PPD ;375152;;1,0000;kom;1,99;1,99;;;1,99;4021766298827;Proizvodi za kuæanstvo
SALVETE 33x33cm,20/1 PPD ;375153;;1,0000;kom;1,99;1,99;;;1,99;4021766296632;Proizvodi za kuæanstvo
ÈET.ZA ZUB.DENTA KISS PROF.1/1;375179;DENTA KISS;1,0000;kom;1,45;1,45;;;1,45;9100000034034;Kozmetika
SET UNIVER KRPA 30X40cm 10/1;375180;;10,0000;kom;5,99;0,60;;;5,99;8431250705605;Proizvodi za kuæanstvo
ZU.PASTA DENTA KISS AK.U.75 ml;375181;DENTA KISS;0,0750;L;;9,20;0,69;0,89;0,99;9100000984391;Kozmetika
HARINGE S-B UMAK RAJÈICA 200 g;375186;S-Budget;0,2000;kg;1,49;7,45;;;2,19;9100000002774;Hrana
HARINGE S-B MEKS.UMAK 200 g;375188;S-Budget;0,2000;kg;1,49;7,45;;;2,19;9100000002750;Hrana
DN.FLUID GARNIER SPF50+ 40 ml;375200;Garnier;0,0400;L;12,49;312,25;;;12,49;3600542573009;Kozmetika
KRUH HRSKAVI NATUR PUR 200 g;375201;SPAR Natur*pur;0,2000;kg;2,99;14,95;;;3,01;9100000995625;Hrana
ROLL ON LACTOVIT INV. 50 ml;375212;Lactovit;0,0500;L;2,99;59,80;;;3,49;8411135005532;Kozmetika
DET.PERSIL FRESHNESS 4,95 kg;375213;Persil;4,9500;kg;24,99;5,05;;;24,99;9000101805963;Sredstva za èišæenje
ROLL ON LACTOVIT UREA 50 ml;375215;Lactovit;0,0500;L;2,99;59,80;;;3,49;8411135353626;Kozmetika
ROLL ON LACTOVIT ORIG. 50 ml;375216;Lactovit;0,0500;L;2,99;59,80;;;3,49;8411135353091;Kozmetika
DEO SPRAY LACTOVIT INV. 200 ml;375220;Lactovit;0,2000;L;3,89;19,45;;;3,99;8411135005525;Kozmetika
DEO SPRAY LACTOVIT UREA 200 ml;375223;Lactovit;0,2000;L;3,89;19,45;;;3,99;8411135008939;Kozmetika
DEO SPRAY LACTOVIT ORI. 200 ml;375226;Lactovit;0,2000;L;3,89;19,45;;;3,99;8411135008953;Kozmetika
KAP.VIO 84/1;375251;Vio;84,0000;kom;17,99;0,21;;;17,99;3870128036918;Sredstva za èišæenje
SRE.ZA MRLJE OPAL ŠTIRK.500 ml;375337;Opal;0,5000;L;2,85;5,70;;;2,65;3859888110083;Sredstva za èišæenje
SIR STRACCIATELL.BURR.PR.140 g;375342;SPAR PREMIUM;0,1400;kg;2,49;17,79;;;2,49;9100000974453;Hrana
Sir Old Amsterdam mild 130 g;375345;Euroser;0,1300;kg;;23,00;2,99;3,49;3,49;5902431277547;Hrana
KAP.WEISSER RIESE LOT.&MA.18/1;375346;Weisser Riese;18,0000;kom;6,99;0,39;;;6,99;4015200032290;Sredstva za èišæenje
MLIJEKO ZA KAVU SPAR 500 g;375352;SPAR;0,5000;kg;2,19;4,38;;;2,19;9100000972848;Hrana
LUB.BILLY BOY DU&ICH 200 ml;375356;Billy Boy;0,2000;L;10,89;54,45;;;10,89;4008600420330;Toaletne potrepštine
PREZE.BILLY AROMATISIERT 4/1;375357;Billy Boy;4,0000;KOM;4,49;1,12;;;4,49;4008600235514;Toaletne potrepštine
PREZE.BILLY BOY EXTRA LUBR.4/1;375361;Billy Boy;4,0000;KOM;4,49;1,12;;;4,49;4008600235392;Toaletne potrepštine
TRAKE VEET EXPERT B&P 16/1;375363;Veet;16,0000;kom;5,99;0,37;;;5,49;5997321774749;Kozmetika
SRE.CHANTECLAIR WC AK.P.625 ml;375365;CHANTE CLAIR;0,6250;L;3,79;6,06;;;2,99;8015194535490;Sredstva za èišæenje
SRE.CHANTECLAIR ZA KAME.625 ml;375368;CHANTE CLAIR;0,6250;L;3,79;6,06;;;2,99;8015194518394;Sredstva za èišæenje
SRE.CHANTECLAIR ODMAŠÆI.600 ml;375372;CHANTE CLAIR;0,6000;L;3,79;6,32;;;2,99;8015194522957;Sredstva za èišæenje
HRANA ZA MAÈKE SHEBA 4X85 g;375376;Sheba;0,3400;kg;3,29;9,68;;;3,29;4770608265076;Proizvodi za kuæanstvo
HRANA ZA MAÈKE SHEBA 85 g;375377;Sheba;0,0850;kg;1,09;12,82;;;1,09;4770608264567;Proizvodi za kuæanstvo
HRANA ZA PSE CES.PIL.PUR.150 g;375379;Cesar;0,1500;kg;1,79;11,93;;;1,79;4008429061868;Proizvodi za kuæanstvo
HRANA ZA PSE PEDIGREE 12 kg;375380;Pedigree;12,0000;kg;49,99;4,17;;;49,99;5998749145043;Proizvodi za kuæanstvo
VINO PALIHNIÆ POŠIP 0,75 L;375383;;0,7500;L;10,49;13,99;;;10,49;3859892911300;Piæa
OME.COCCOLINO BLUE SPLAS.1,7 L;375386;Coccolino;1,7000;l;6,59;3,88;;;6,99;8720181410680;Sredstva za èišæenje
OME.COCCOLINO SENSITIVE 1,7 L;375387;Coccolino;1,7000;l;6,59;3,88;;;6,99;8720181410673;Sredstva za èišæenje
OME.COCCOLINO 925 ml;375393;Coccolino;0,9250;L;4,95;5,35;;;4,95;8720181409677;Sredstva za èišæenje
OME.COCCOLIN.BLUE SPLAS.975 ml;375396;Coccolino;0,9750;L;4,95;5,08;;;4,95;8720181410543;Sredstva za èišæenje
ZUB.P.ORAL-B PROEXPERT 2x75 ml;375400;Oral B;0,1500;l;5,95;39,67;;;5,95;8700216384643;Kozmetika
SVINJSKI ODREZAK 400 g;375411;;0,4000;kg;4,29;10,73;;;3,99;3859893373978;Hrana
KEKS SB FROLLINI ÈOK.700 g;375425;S-Budget;0,7000;kg;2,99;4,27;;;2,99;8057204091664;Hrana
KREKERI DESPAR LIGHT 250 g;375428;Despar;0,2500;kg;1,99;7,96;;;1,19;8001300800637;Hrana
TOAL.PAPIR LOVELY 16/1;375445;Lovely;16,0000;kom;4,99;0,31;;;4,99;3831115337760;Toaletne potrepštine
ÈOK.PLO.DEKOR.SR.ROÐ.SPAR 16 g;375453;SPAR;0,0160;kg;;86,88;1,39;1,99;1,99;9100000009964;Hrana
ÈETKA ZA WC S PODLOŠKOM,BIJELA;375463;;1,0000;kom;9,99;9,99;;;9,99;8010402402106;Proizvodi za kuæanstvo
ÈETKA ZA WC S PODLOŠ.ANTRACIT;375464;;1,0000;kom;9,99;9,99;;;9,99;8010402402144;Proizvodi za kuæanstvo
MALINA S-BUDGET 450 g;375466;S-Budget;0,4500;kg;5,49;12,20;;;3,59;5999033898058;Hrana
MUSLI F.F.ZOB.PAHULJ.ÈOK.400 g;375478;SPAR free from;0,4000;kg;4,49;11,23;;;4,49;9100000014371;Hrana
ÈETK.ZUB.BIOMED BLACK 3/1;375481;;3,0000;kom;8,99;3,00;;;9,99;7640168935573;Kozmetika
ÈETK.ZUB.BIOMED BLACK 1/1;375482;;1,0000;kom;3,69;3,69;;;3,99;7640168930479;Kozmetika
ZU.PASTA BIOMED CHARCOAL 100 g;375483;;0,1000;kg;3,69;36,90;;;3,99;7640168930424;Kozmetika
ZU.PASTA BIOMED WHITE 100 g;375485;;0,1000;kg;3,69;36,90;;;3,99;7640170370058;Kozmetika
ZU.PASTA BIOMED GUM HEA. 100 g;375486;;0,1000;kg;3,69;36,90;;;3,99;7640168932589;Kozmetika
ZU.PASTA BIOMED CALCIMAX 100 g;375490;;0,1000;kg;3,69;36,90;;;3,99;7640170370096;Kozmetika
ÈEŠNJOVKA 250 g;375541;Podravka;0,2500;kg;5,99;23,96;;;6,49;3856020271725;Hrana
LJUTA 250 g;375544;Podravka;0,2500;kg;6,19;24,76;;;6,49;3856020271756;Hrana
ÈAJNA 250 g;375546;Podravka;0,2500;kg;6,19;24,76;;;4,99;3856020271695;Hrana
KEKSI JIMMY ÈOKOLADA 145 g;375549;Jimmy Fantastic;0,1450;kg;2,49;17,17;;;2,49;8600939843468;Hrana
KEKSI JIMMY NOISETTE 145 g;375551;Jimmy Fantastic;0,1450;kg;2,49;17,17;;;2,49;8600939843475;Hrana
KOLAÈ JAFFA INTEN.BROWNIE 36 g;375591;;0,0360;kg;0,59;16,39;;;0,60;8600114011477;Hrana
ÈET.ZA ZUB.DENTA KISS SEN.1/1;375595;DENTA KISS;1,0000;kom;0,95;0,95;;;0,95;9100000984339;Kozmetika
DET.PERWOLL COLOR 3,75 L;375605;Perwoll;3,7500;l;15,99;4,26;;;12,99;9000101810325;Sredstva za èišæenje
DET.PERWOLL BLACK 3,75 L;375606;Perwoll;3,7500;l;15,99;4,26;;;12,99;9000101810295;Sredstva za èišæenje
GAZIRANO PIÆE FANTA 2 L;375623;Fanta;2,0000;L;2,39;1,20;;;2,29;5449000322203;Piæa
GAZIRANO PIÆE FANTA 1,5 L;375624;Fanta;1,5000;L;1,98;1,32;;;1,98;5449000322166;Piæa
GAZIRANO PIÆE FANTA 2X2 L;375625;Fanta;4,0000;L;4,49;1,12;;;4,45;5449000322326;Piæa
GAZIRANO PIÆE FANTA 0,5 L;375626;Fanta;0,5000;L;1,19;2,38;;;1,19;5449000322142;Piæa
LEDENI ÈAJ JANA LIMUN 0,5 L;375637;Jana;0,5000;L;1,19;2,38;;;1,19;3856028500254;Piæa
LEDENI ÈAJ JANA LIMUN 1,5 L;375640;Jana;1,5000;L;;0,97;1,45;1,69;1,69;3856028500223;Piæa
GAZIRANO PIÆE FANTA 1 L;375658;Fanta;1,0000;L;1,59;1,59;;;1,48;5449000322180;Piæa
BOMB.BAZOOKA JU.EXTREME 57 g;375662;Ajax;0,0570;kg;3,29;57,72;;;3,09;5011053025129;Hrana
LIZ.BAZOOKA PUSH POP 30 g;375664;Ajax;0,0300;kg;2,59;86,33;;;2,39;5011053024283;Hrana
HREN S-BUDGET STAKLO 200 g;375666;S-Budget;0,2000;kg;1,25;6,25;;;1,39;9100000015064;Hrana
BOMBONI EUKA LIMUN 150 g;375668;Euka;0,1500;kg;1,15;7,67;;;1,19;5900353505663;Hrana
SALATA POTOÈARKA 100 g;375674;;0,1000;kg;1,99;19,90;;;1,99;3859894055583;Hrana
GAZ.PIÆE FANTA ORANGE 0,33 L;375679;Fanta;0,3300;L;1,15;3,48;;;1,15;5449000322241;Piæa
ÈOKOLADA LEO 48 g;375691;Milka;0,4800;kg;1,39;2,90;;;1,39;7622202041495;Hrana
KAVA ANAMARIA 175 g;375698;Anamarija;0,1750;KG;3,99;22,80;;;3,99;3858881775985;Piæa
INST.KAVA ARABESCA 3U1 16,5 g;375700;Arabesca;0,0165;KG;0,49;29,70;;;0,45;3858886804192;Piæa
UMAK SPAR PREMIUM SOJA 150 ml ;375701;Premium;0,1500;L;3,49;23,27;;;3,49;8001300242994;Hrana
KAVA JUL.MEINL VIEN.MEL.500 g ;375702;JULIUS MEINL;0,5000;KG;12,19;24,38;;;11,79;9000403975494;Piæa
KAVA JUL.MEINL VIEN.ESPR.1 kg;375706;JULIUS MEINL;1,0000;KG;35,49;35,49;;;32,49;9000403953300;Piæa
KAVA JULI.MEINL ESP.DELI.168 g;375711;JULIUS MEINL;0,1680;KG;;67,80;11,39;15,19;14,49;9000403972547;Piæa
SMOOTHIE ZOB.BOOM BOX 200 g;375714;Boom Box;0,2000;kg;2,19;10,95;;;1,99;3856027801277;Hrana
SMOOTHIE ZOB.BOOM BOX 200 g;375717;Boom Box;0,2000;kg;2,19;10,95;;;1,99;3856027801307;Hrana
SMOOTHIE ZOB.BOOM BOX 200 g;375718;Boom Box;0,2000;kg;2,19;10,95;;;1,99;3856027801338;Hrana
NAPITAK BOLERO ŠUM.VOÆE 9 g;375720;Bolero;0,0090;kg;0,99;110,00;;;0,99;3800048200229;Hrana
NAPITAK BOLERO ALOE VERA 9 g;375721;Bolero;0,0090;kg;0,99;110,00;;;0,99;3800048226953;Hrana
NAPITAK BOLERO JABUKA 9 g;375722;Bolero;0,0090;kg;0,99;110,00;;;0,99;3800048200885;Hrana
BILJNI PRIPRAVAK HOPLA 500 ml;375796;;0,5000;L;2,19;4,38;;;2,19;8000005046166;Hrana
KOLAÈ PARFE ÈOK.PODRAVKA 200 g;375818;;0,2000;;2,54;12,70;;;3,39;3856020271329;Hrana
VODA STOLNA S-BUDGET 7 L;375825;S-Budget;7,0000;L;1,45;0,21;;;1,45;3856021226540;Piæa
LIZ.FIZZY TWISTY POP 17 g;375829;DUPIN;0,0170;kg;0,99;58,24;;;0,99;3395502488492;Hrana
TORT.ÈIPS DORITOS NACHO 90 g;375832;Doritos;0,0900;kg;1,79;19,89;;;1,99;8606033741327;Hrana
TORT.ÈIPS DORITOS BBQ 90 g;375833;Doritos;0,0900;kg;1,99;22,11;;;1,99;8606017379430;Hrana
TORT.ÈIPS DORITOS TACO 90 g;375835;Doritos;0,0900;kg;1,79;19,89;;;1,99;8606017379416;Hrana
TORT.ÈIPS DORIT.HOT CORN 90 g;375836;Doritos;0,0900;kg;1,79;19,89;;;1,99;8606017379423;Hrana
TORT.ÈIP.DOR.SWEET CHILLI 90 g;375839;Doritos;0,0900;kg;1,99;22,11;;;1,99;8606017379409;Hrana
NAP.CEDEVITA MANG.ANANA.340 ml;375840;Cedevita;0,3400;L;1,19;3,50;;;1,12;3850322016565;Piæa
SALATA BABY ICEBERG 100 g;375841;;0,1000;kg;1,49;14,90;;;1,49;3859891662234;Hrana
CEDEVITA ANANAS MANGO 455 g;375842;Cedevita;0,4550;KG;4,39;9,65;;;3,95;3850322016268;Piæa
CEDEVITA ANANAS MANGO 900 g;375843;Cedevita;0,9000;KG;6,69;7,43;;;5,79;3850322016626;Piæa
DEO SPR.BOROTA.MEN AMB 150 ml;375845;Borotalco;0,1500;l;3,99;26,60;;;3,50;8002410044539;Kozmetika
DEO SPR.BOROTA.MEN UNIQ 150 ml;375846;Borotalco;0,1500;l;3,99;26,60;;;3,50;8002410044546;Kozmetika
ROLL ON BOROTALCO INVIS. 50 ml;375847;Borotalco;0,0500;L;3,99;79,80;;;3,50;80924531;Kozmetika
DEO SPR.BOROTA.MEN INV. 150 ml;375848;Borotalco;0,1500;l;3,99;26,60;;;3,50;8002410045154;Kozmetika
VODA JANA 5 L;375849;Jana;5,0000;L;3,09;0,62;;;2,49;3856028502937;Piæa
VODA CETINA 7 L;375851;Cetina;7,0000;L;1,75;0,25;;;1,69;3859890129974;Piæa
ALKALNI NAPIT.RAAB 200 g;375858;Raab;0,2000;kg;16,99;84,95;;;15,99;4019839803832;Hrana
VODA CETINA 15 L;375864;Cetina;15,0000;L;6,49;0,43;;;6,49;3859890129981;Piæa
ROLL ON BOROTALACO MEN  50 ml;375876;Borotalco;0,0500;L;3,99;79,80;;;3,50;80972990;Kozmetika
ROLL ON BOROTALACO MEN  50 ml;375878;Borotalco;0,0500;l;3,99;79,80;;;3,50;80886754;Kozmetika
GEL.TUŠ.L´ANGELICA HYDR.500 ml;375886;L'Angelica;0,5000;l;2,59;5,18;;;2,99;8017331096680;Kozmetika
GEL.TUŠ.L´ANGELICA PURE 500 ml;375887;L'Angelica;0,5000;l;2,59;5,18;;;2,99;8017331096703;Kozmetika
GEL.TUŠ.L´ANGELICA TONI.500 ml;375888;L'Angelica;0,5000;l;2,59;5,18;;;2,99;8017331096727;Kozmetika
OME.DUEL SOFT LOTUS 1,6 L;375895;Duel;1,6000;L;4,99;3,12;;;4,99;8606015846880;Sredstva za èišæenje
 OME.DUEL LIKE A DIAMOND 1,6 L;375899;Duel;1,6000;L;4,99;3,12;;;4,99;8606015847023;Sredstva za èišæenje
OME.DUEL LOVE ACTUALLY 1,6 L;375900;Duel;1,6000;L;4,99;3,12;;;4,99;8606015847061;Sredstva za èišæenje
ÈIPS ÈIPI ÈIPS ULTRA SLA.120 g;375919;Chio;0,1200;kg;2,19;18,25;;;1,79;3856021306587;Hrana
ÈIPS ÈIPI ÈIPS PRŠUT 130 g;375922;Chio;0,1400;kg;1,89;13,50;;;1,79;3856021306525;Hrana
ÈIPS ÈIPI ÈIPS SLANI 130 g;375927;Chio;0,1300;kg;1,89;14,54;;;1,79;3856021306501;Hrana
ÈIPS È.ÈIPS SVJ.SIR-L.130 g   ;375930;Chio;0,1300;kg;1,89;14,54;;;1,79;3856021306662;Hrana
ÈIPS ÈIPI ÈIPS PAPRIKA 120 g;375935;Chio;0,1200;kg;1,89;15,75;;;1,79;3856021306549;Hrana
ÈIPS ÈIPI ÈIPS SIR-LUK 120 g;375941;Chio;0,1200;kg;2,19;18,25;;;1,79;3856021306563;Hrana
VINO JUST MERLOT VEGAN 0,75 L;375942;;0,7500;L;3,99;5,32;;;3,99;3770019267363;Piæa
BOSILJAK 30 g;375943;;0,0300;kg;1,39;46,33;;;1,39;8012566004134;Hrana
VINO JUST PIN.GR.ROSE 0,75 L;375945;;0,7500;L;3,99;5,32;;;3,99;3770019267370;Piæa
VINO JUST SAUVIGNON BL. 0,75 L;375949;;0,7500;L;3,99;5,32;;;3,99;3770019267387;Piæa
BOMBONI RICOLA ORIGINAL 75 g;375950;Ricola;0,0750;kg;2,65;35,33;;;2,65;7610700945087;Hrana
BOMBONI RICOLA LIMUN-MINT 75 g;375951;Ricola;0,0750;kg;2,65;35,33;;;2,65;7610700945131;Hrana
BOMBONI RICOLA MALINA 75 g;375956;Ricola;0,0750;kg;2,65;35,33;;;2,65;7610700018675;Hrana
BOMBONI RICOLA MENTOL 75 g;375963;;0,0750;kg;2,65;35,33;;;2,65;7610700011089;Hrana
BOMBONI RICOLA MALINA 40 g;375967;Ricola;0,0400;kg;1,59;39,75;;;1,59;7610700022498;Hrana
DET.DESPAR LANA DE.ARGAN 1,5 L;375969;Despar;1,5000;L;;1,57;2,35;2,99;3,25;8001300891444;Sredstva za èišæenje
DET.DESPAR LANA LAVANDER 1,5 L;375970;Despar;1,5000;L;2,99;1,99;;;3,25;8001300891451;Sredstva za èišæenje
DET.DESPAR LANA CLASSIC 1,5 L;375971;Despar;1,5000;L;2,99;1,99;;;3,25;8001300891437;Sredstva za èišæenje
DES.PROTEIN SNACK VINDIJA 40 g;375977;Vindija;0,0400;kg;1,45;36,25;;;1,49;3850108049909;Hrana
VOÆ.JOG.JAG.´Z BREG.TTOP 1 kg;375979;Vindija;1,0000;kg;2,49;2,49;;;2,49;3850108037586;Hrana
MASLAC ´Z BREGOV 15 g;375987;Z Bregov;0,0150;kg;0,39;26,00;;;0,39;3850108060188;Hrana
ODSTR.MRLJA DR.BECKMANN 400 ML;375988;Dr. Beckmann;0,4000;L;5,39;13,48;;;5,39;4008455612317;Sredstva za èišæenje
KAP.SPLENDID UNIVERSAL 18/1;376010;Splendid;18,0000;kom;4,79;0,27;;;4,99;9100000971629;Sredstva za èišæenje
KAP.SPLENDID COLOR 18/1;376012;Splendid;18,0000;kom;4,79;0,27;;;4,99;9100000971643;Sredstva za èišæenje
PULLED CHICKEN 400 g TABAY;376013;;0,4000;kg;6,49;16,23;;;6,49;3859894177056;Hrana
DET.SPAR SUPER SENSITIVE 3 L ;376016;SPAR;3,0000;KOM;;2,00;5,99;7,99;7,99;3830046459947;Sredstva za èišæenje
DET.SPAR SUPER GREEN F.5,2 kg ;376020;SPAR;5,2000;kg;11,99;2,31;;;11,99;3831115321462;Sredstva za èišæenje
PRELJ.ZA SAL.SA JOGURTOM 50 ml;376029;Kühne;0,0500;L;0,99;19,80;;;0,99;4012200391723;Hrana
PRELJ.ZA SAL.AMER.CAESAR 50 ml;376030;Kühne;0,0500;L;0,99;19,80;;;0,99;4012200398395;Hrana
VINO BIJELO 5 L KG PET;376066;;5,0000;L;9,39;1,88;;;9,39;3858891544793;Piæa
VINO GRAŠEVINA KG ZELINA 5 L;376070;;5,0000;L;11,89;2,38;;;11,89;3858891544779;Piæa
UMAK ZVIJEZDA BBQ LJUTI 300 g;376078;Zvijezda;0,3000;kg;2,39;7,97;;;2,39;3856015328205;Hrana
UMAK ZVIJEZDA BBQ BLAGI 300 g;376084;Zvijezda;0,3000;kg;2,39;7,97;;;2,39;3856015328175;Hrana
SPAR VREÆA ZA SM.REC.15L 8/1;376106;SPAR marka kvalitete;8,0000;kom;2,99;0,37;;;2,99;9100000006987;Proizvodi za kuæanstvo
LIK.VODKA S-BUDGET PINK 0,7 L;376107;S-Budget;0,7000;L;5,99;8,56;;;8,12;9100300000623;Piæa
LIK.VODKA S-BUDGET BLUE 0,7 L;376108;S-Budget;0,7000;L;5,99;8,56;;;8,12;9100300000647;Piæa
MLIJ. UHT 2,8% JUNIOR DU.0,2 L;376151;Dukat;0,2000;L;0,69;3,45;;;0,69;3850354018100;Hrana
MLIJEKO ÈOK.JUNIOR DUKAT 0,2 L;376152;Dukat;0,2000;L;1,09;5,45;;;1,09;3850354018124;Hrana
VRH.KIS.BAKIN.25%M.M.B&F 300 g;376154;Dukat;0,3000;kg;1,99;6,63;;;1,89;3850354018087;Hrana
ŠAMP.H&S MEN OLD SPIC.330 ml;376157;Head&Shoulders;0,3300;l;6,19;18,76;;;6,19;8700216305235;Kozmetika
ŠAMP.H&S 2U1 MENTHOL 400 ml;376158;Head&Shoulders;0,4000;l;6,99;17,48;;;6,99;8700216305419;Kozmetika
ŠAMP.H&S 2U1 APPLE 330 ml;376160;Head&Shoulders;0,3300;l;6,19;18,76;;;6,19;8700216304689;Kozmetika
ŠAMP.H&S MENTHOL 800ml;376162;Head&Shoulders;0,8000;l;;11,24;8,99;9,95;9,95;8700216156196;Kozmetika
ŠAMP.H&S CLASSIC 800ml;376165;Head&Shoulders;0,8000;l;;11,24;8,99;9,95;9,95;8700216156134;Kozmetika
ŠAMP.H&S APPLE  500 ml;376167;Head&Shoulders;0,5000;l;6,59;13,18;;;6,99;8700216305259;Kozmetika
REGENERATOR PANTENE MIR.160 ml;376170;Pantene;0,1600;l;4,89;30,56;;;5,39;8700216191609;Kozmetika
ŠAMPON PANTENE HYDRA 250 ml;376171;Pantene;0,2500;l;4,99;19,96;;;5,99;8700216323512;Kozmetika
MASKA PANTENE MIRACLES 300 ml;376172;Pantene;0,3000;l;11,99;39,97;;;14,99;8700216173346;Kozmetika
ŠAMP.H&S CITRUS 330 ml;376174;Head&Shoulders;0,3300;l;6,19;18,76;;;6,19;8700216304733;Kozmetika
ŠAMP.H&S MENTHOL 500 ml;376175;Head&Shoulders;0,5000;l;6,59;13,18;;;6,99;8700216158114;Kozmetika
ŠAMP.H&S CITRUS 500 ml;376176;Head&Shoulders;0,5000;l;6,59;13,18;;;6,99;8700216305303;Kozmetika
ŠAMP.H&S CITRUS  800 ml;376178;Head&Shoulders;0,8000;l;;11,24;8,99;9,95;9,95;8700216156172;Kozmetika
VINO CATT.CABER.SAUVIG. 0,75 L;376184;;0,7500;L;13,89;18,52;;;13,89;3859890724186;Piæa
VINO DAMJ.MALVAZIJA 0,75 L;376187;;0,7500;L;15,59;20,79;;;15,59;3859893140013;Piæa
SLAD.BANANKO LEDO 3x85 ml;376193;Ledo;0,2550;L;3,99;15,65;;;3,75;3850116064147;Hrana
VINO AR.LILLET BLANC 0,75 L;376194;;0,7500;L;15,99;21,32;;;19,02;3057230000253;Piæa
VINO AR.LILLET ROSE 0,75 L;376198;;0,7500;L;15,99;21,32;;;19,02;3057230000277;Piæa
AJVAR GURMANO DOMAÆI BLA.300 g;376200;;0,3000;kg;5,99;19,97;;;5,49;5319991599376;Hrana
PINDŽUR GURMANO BLAGI 300 g;376203;;0,3000;kg;5,49;18,30;;;4,99;5319991599710;Hrana
PINDŽUR GURMANO LJUTI 300 g;376204;;0,3000;kg;5,49;18,30;;;4,99;5319991599802;Hrana
ZAKUSKA GURMANO BLAGA 300 g;376205;;0,3000;kg;5,49;18,30;;;4,99;5319991599550;Hrana
ZAKUSKA GURMANO LJUTA 300 g;376206;;0,3000;kg;5,49;18,30;;;4,99;5319991599567;Hrana
PAPRIÈICE GURMANO PUNJ.290 g;376209;;0,1800;kg;5,49;30,50;;;4,99;5319991599574;Hrana
KISELI KUPUS NATURETA 530 g;376219;Natureta;0,3000;kg;2,69;8,97;;;2,99;3831029504586;Hrana
KISELA REPA NATURETA 530 g;376221;Natureta;0,3000;kg;3,29;10,97;;;2,99;3831029504609;Hrana
ÐUVEÈ PODRAVKA  340 g;376222;Podravka;0,3400;kg;1,99;5,85;;;1,85;3856020267971;Hrana
ÐUVEÈ PODRAVKA  690 g;376223;Podravka;0,6900;kg;3,49;5,06;;;3,29;3856020221393;Hrana
TJESTENINA PODR.MILANEZE 155 g;376224;Podravka;0,1550;kg;2,49;16,06;;;2,49;3856020269340;Hrana
POSL.ZA PSE PEDIGR.TASTY 140 g;376230;Pedigree;0,1400;kg;2,19;15,64;;;2,19;5998749145333;Proizvodi za kuæanstvo
POSL.ZA PSE PEDIGR.TASTY 155 g;376233;Pedigree;0,1550;kg;2,19;14,13;;;2,19;5998749170151;Proizvodi za kuæanstvo
UMAK KIKKOMAN OD SEZAMA 300 g;376239;Kikkoman;0,3000;kg;5,49;18,30;;;5,49;8715035800007;Hrana
KAŠICA FRUT.POV.PIL.RIŽA 190 g;376242;Fructal;0,1900;kg;1,99;10,47;;;1,99;3838945036115;Hrana
KREKERI ELEPHANT SLANI 300 g;376244;Elephant;0,3000;kg;2,19;7,30;;;2,19;5949040204663;Hrana
KREKERI ELEPHANT SEZAM 300 g;376245;Elephant;0,3000;kg;2,19;7,30;;;2,19;5949040204649;Hrana
VOÆNI PIRE GERB NATURAL 90 g;376247;;0,0900;kg;1,29;14,33;;;1,29;8445290256539;Hrana
VOÆNI PIRE GERB.NATURAL 90 g;376254;;0,0900;kg;1,29;14,33;;;1,29;8445290308238;Hrana
VOÆNI PIRE GERB.NATURAL 90 g;376255;;0,0900;kg;1,29;14,33;;;1,29;8445290359865;Hrana
VINO D.WACHAU RIESLING 0,75 L;376266;Domäne Wachau;0,7500;L;14,02;18,69;;;13,49;9007500465835;Piæa
PEL.PRETTY BABY NEWBORN 26/1;376270;Pretty Baby;26,0000;kom;3,95;0,15;;;3,95;9100000980928;Toaletne potrepštine
VINO D.W.GR. VELTLINER 0,75 L;376273;Domäne Wachau;0,7500;L;10,02;13,36;;;10,02;9007500450138;Piæa
VODKA BLACK THREE SIXTY 0,7 L;376277;;0,7000;L;18,52;26,46;;;17,49;4007675050008;Piæa
VINO MERLOT ŠOŠKIÆ 0,75 L;376318;;0,7500;L;6,92;9,23;;;6,92;3859893712708;Piæa
VINO GRAŠEVINA ŠOŠKIÆ 1 L;376320;;1,0000;L;6,62;6,62;;;6,62;3859893712494;Piæa
VINO PZ VRB.ZL.SELEKCI. 0,75 L;376329;;0,7500;L;15,69;20,92;;;15,69;3859889467384;Piæa
SPRAY AMBI PUR GO&ORCHI.185 ml;376338;Ambi Pur;0,1850;l;3,99;21,57;;;4,45;8700216261623;Sredstva za èišæenje
SPRAY AMBI PUR OCE&MIST 185 ml;376340;Ambi Pur;0,1850;l;3,99;21,57;;;4,45;8700216261586;Sredstva za èišæenje
MJEŠAVINA GLJIVA S-BUD. 300 g ;376393;S-Budget;0,3000;kg;1,99;6,63;;;1,99;8057204093415;Hrana
VINO S-BUDGET GRAŠEVINA 3 L;376394;S-Budget;3,0000;L;6,79;2,26;;;7,49;3856021226168;Piæa
VINO S-BUDGET GRAŠEVINA 5 L;376400;S-Budget;5,0000;L;10,99;2,20;;;10,99;3856021226182;Piæa
ZAÈ.MJ.VEGETA PODR.500g +100g ;376414;;0,6000;kg;3,89;6,48;;;3,89;3850104252594;Hrana
SALVETE 33x33cm,20/1 PPD ;376415;;1,0000;kom;1,99;1,99;;;1,99;4021766299763;Proizvodi za kuæanstvo
SALVETE 33x33cm,20/1 PPD ;376416;;1,0000;kom;1,99;1,99;;;1,99;4021766204934;Proizvodi za kuæanstvo
SALVETE 33x33cm,20/1 PPD ;376417;;1,0000;kom;1,99;1,99;;;1,99;4021766295390;Proizvodi za kuæanstvo
SALVETE 33x33cm,20/1 PPD ;376418;;1,0000;kom;1,99;1,99;;;1,99;4021766258081;Proizvodi za kuæanstvo
LIKER BARCELO CREMA 0,7 L;376419;;0,7000;L;18,99;27,13;;;20,02;7461323129657;Piæa
RUM BARACELO ORGANIC 0,7 L;376420;;0,7000;L;24,02;34,31;;;24,02;7461323129336;Piæa
MLIJEKO MEDIHELP  LF50+ 50ml;376421;MediHelp;0,0500;L;4,59;91,80;;;4,59;9100000016566;Kozmetika
MLIJEKO SUN KISS S.LF50+ 50 ml;376422;Sun Kiss;0,0500;l;4,59;91,80;;;4,49;9100000016580;Kozmetika
ÈOK.SALUT MLIJEÈNA 100 g;376425;Schogetten;0,1000;kg;1,29;12,90;;;0,59;4000415066000;Hrana
SNACK SCOTTI BBQ 50 g;376427;Scotti;0,0500;kg;1,29;25,80;;;1,29;8001860185069;Hrana
SNACK SCOTTI KURK.50 g;376428;Scotti;0,0500;kg;1,29;25,80;;;1,29;8001860185052;Hrana
ŽIT.RIŽ.PAHULJ.SPAR ÈOK. 500 g;376434;SPAR;0,5000;kg;3,79;7,58;;;3,79;9100000012230;Hrana
VINO GRAŠEVINA ANTUNOVIÆ 1 L;376438;Antunovic;1,0000;L;6,99;6,99;;;6,99;3859892364076;Piæa
VINO CAB.SAUVIGN.ANTUNOVIÆ 1 L;376441;Antunovic;1,0000;L;6,99;6,99;;;6,99;3859892364243;Piæa
SLA.SORB.STRACC.SAMMONT.1 kg;376454;;1,0000;kg;;4,89;4,89;6,99;6,99;8005840004609;Hrana
SLAD.MANGO GRUVI SAMM. 4x75 ml;376456;;0,3000;L;;14,97;4,49;5,99;5,99;8005840021057;Hrana
SNACK VITAL SLANUTAK 100 g;376469;SPAR Vital;0,1000;kg;1,99;19,90;;;1,99;9100000004754;Hrana
SNACK VITAL LEÆA 100 g;376476;SPAR Vital;0,1000;kg;1,99;19,90;;;1,99;9100000004822;Hrana
VINO VR.CAB.SAUVIG. POI 0,75 L;376496;;0,7500;L;6,02;8,03;;;6,02;3859891249671;Piæa
SLAD.SUPREME KING LEDO 100 ml;376505;King;0,1000;L;2,79;27,90;;;2,79;3850116064116;Hrana
VINO VR.GRAŠEVINA POI 0,75 L ;376508;;0,7500;L;6,02;8,03;;;6,02;3859891249725;Piæa
VINO GRAŠEVINA POI 0,75 L;376509;;0,7500;L;3,99;5,32;;;4,02;3859891249633;Piæa
DET.SPLENDID COLOR 2,97 L;376510;Splendid;2,9700;L;5,99;2,02;;;5,99;9100000993836;Sredstva za èišæenje
VINO SILVANAC ZELEN.POI 0,75 L;376511;;0,7500;L;6,02;8,03;;;6,02;3859891249060;Piæa
VINO ROSE POI 0,75 L;376512;;0,7500;L;5,02;6,69;;;5,02;3859891249657;Piæa
VINO RAJN.RIZLING POI 0,75 L ;376513;;0,7500;L;5,02;6,69;;;5,02;3859891249718;Piæa
DET.SPLENDID 2,97 L;376514;Splendid;2,9700;L;5,99;2,02;;;5,99;9100000993812;Sredstva za èišæenje
VODA UFF+COLLAGEN 0,25 L;376544;;0,2500;L;2,22;8,88;;;2,02;3858892650196;Piæa
VODA UFF +PROTEIN 0,25 L;376545;;0,2500;L;2,22;8,88;;;2,02;3858892650189;Piæa
SOK UFF NARANÈA 100% 0,25 L;376546;;0,2500;L;1,82;7,28;;;1,68;3858892650059;Piæa
SOK UFF JABUKA 100% 0,25 L;376547;;0,2500;L;1,82;7,28;;;1,68;3858892650066;Piæa
SOK UFF ANANAS 100% 0,25 L;376548;;0,2500;L;2,02;8,08;;;1,82;3858892650042;Piæa
PIVO PRIMARIUS CJEPIVO 0,5 L;376549;;0,5000;L;2,75;5,50;;;2,75;3859893576096;Piæa
PIVO PRIMARIUS RINGIŠPIL 0,5 L;376550;;0,5000;L;3,25;6,50;;;3,25;3859893576003;Piæa
PIVO PRIMARIUS TAMAN TAM.0,5 L;376551;;0,5000;L;3,25;6,50;;;3,25;3859893576027;Piæa
PIVO PRIMARIUS BLAGOSLOV 0,5 L;376552;;0,5000;L;3,09;6,18;;;3,09;3859893576065;Piæa
PLANTED CHICKEN KRAEUTER 160 g;376559;Ekskluzivno za SPAR;0,1600;kg;3,99;24,94;;;3,99;7649994063511;Hrana
PLANTED PULLED SOUTHSTYL.160 g;376561;Ekskluzivno za SPAR;0,1600;kg;3,99;24,94;;;3,99;7630294504576;Hrana
PLANTED KEBAB 160 g;376562;Ekskluzivno za SPAR;0,1600;kg;3,99;24,94;;;3,99;7649990821061;Hrana
PLANTED CHICKEN NENI 160 g;376563;Ekskluzivno za SPAR;0,1600;kg;3,99;24,94;;;3,99;7630294500844;Hrana
INST.JUHA INDOMIE PILETIN.70 g;376596;Indomie;0,0700;kg;0,66;9,43;;;0,66;0089686170108;Hrana
NEKTAR S-BUDGET MARELICA 1 L;376607;S-Budget;1,0000;L;1,89;1,89;;;1,69;9100000008110;Piæa
NEKTAR S-BUDGET JAGODA 1 L;376608;S-Budget;1,0000;L;2,29;2,29;;;2,09;9100000008134;Piæa
VIT.VODA CEDEV.LIM.TRAVA 0,5 L;376611;Cedevita;0,5000;L;1,19;2,38;;;1,12;3850322016848;Piæa
VIT.VODA CEDE.LIM.KUPINA 0,5 L;376612;Cedevita;0,5000;L;1,19;2,38;;;1,12;3850322016862;Piæa
NEKTAR BRAVO NAR.MRK.LIMUN 2 L;376614;Bravo;2,0000;L;;1,12;2,23;3,19;2,99;9008700232043;Piæa
CROIS.7 DAYS MIDI SPUMANTE 60g;376616;7 Day's;0,0600;kg;0,85;14,17;;;0,85;7622201391737;Hrana
NEKTAR MARASKA MAR.BRE.JAB.1 L;376617;Maraska;1,0000;L;1,79;1,79;;;1,65;3850158800109;Piæa
PIVO KOSTRIZER CRNO 0,5 L;376621;;0,5000;L;1,62;3,24;;;1,62;4014964112514;Piæa
GAZIRANO PIÆE LIMONA 1,25 L;376622;Limona;1,2500;L;2,59;2,07;;;2,42;3877000209897;Piæa
GAZIRANO PIÆE SPEZI 1,25 L;376623;;1,2500;L;2,59;2,07;;;2,19;3877000209873;Piæa
SOK VINDI JABUKA CIJEÐENA 1 L;376624;Vindija;1,0000;L;2,49;2,49;;;2,49;3850108074338;Piæa
NEKTAR VINDI CRNI RIBIZL 1 L;376625;Vindija;1,0000;L;2,09;2,09;;;2,09;3850108074321;Piæa
SOK VINDI HRV.JABUKA 100% 1 L;376626;Vindija;1,0000;L;2,29;2,29;;;2,29;3850108078664;Piæa
ENERGE.PIÆE URAGAN ZERO 0,25 L;376627;;0,2500;L;,79;3,16;;;0,79;3850108073010;Piæa
NEKTAR VINDI NARANÈA 2 L;376628;Vindija;2,0000;L;2,59;1,30;;;1,99;3850108078398;Piæa
RADLER BITBURGER LIMUN 0,5 L;376629;Bitburger;0,5000;L;1,52;3,04;;;1,52;4102430083472;Piæa
KIKIRIKI MASLAC LINO LADA 350g;376630;Podravka;0,3500;kg;4,29;12,26;;;3,79;3856020271077;Hrana
KIKIRIKI MASLAC LINO LADA 350g;376632;Podravka;0,3500;kg;4,29;12,26;;;3,79;3856020271107;Hrana
RAJÈICA PODRAVKA KONCENT.210 g;376635;;0,2100;kg;2,39;11,38;;;2,39;3856020269135;Hrana
RAJÈICA PODRAVKA KONCENT.370 g;376637;Podravka;0,3700;kg;3,49;9,43;;;3,49;3856020269166;Hrana
RAJÈICA PODRAVKA KONCENT.720 g;376639;Podravka;0,7200;kg;4,99;6,93;;;4,99;3856020269197;Hrana
NEKTAR S-BUDGET CRNI RIBIZ.1 L;376669;S-Budget;1,0000;L;2,55;2,55;;;2,55;9100000018799;Piæa
KAPSULE BARCAFFE VANILIJ.140 g;376679;Barcaffe;0,1400;KG;;25,64;3,59;4,49;3,98;3838471053709;Piæa
INST.KAVA BARCAFFE CLASS.100 g;376682;Barcaffe;0,1000;KG;4,59;45,90;;;4,29;3838471049450;Piæa
KAPSULE BARCAFFE PERU 55 g;376683;Barcaffe;0,0550;KG;;79,82;4,39;5,49;4,69;3838471047081;Piæa
KAP.FRANCK NOTA CORTADO 104 g;376684;Franck;0,1040;KG;5,99;57,60;;;5,99;3850291054926;Piæa
EN.PIÆE S-BUDE.LIMET.ZE.0,25 L;376685;S-Budget;0,2500;L;,69;2,76;;;0,63;9100000045603;Piæa
MUSLI PL.COR.BIG KARAMELA 40 g;376690;Corny;0,0400;kg;1,19;29,75;;;1,19;4011800587314;Hrana
LJEŠNJAK JEZGRA S-BUDGET 300 g;376691;S-Budget;0,3000;kg;4,29;14,30;;;4,19;3856021226687;Hrana
ORAH JEZGRA S-BUDGET 500 g;376696;S-Budget;0,5000;kg;3,29;6,58;;;4,99;3856021226663;Hrana
BADEM JEZGRA S-BUDGET 500 g;376698;S-Budget;0,5000;kg;3,74;7,48;;;5,99;3856021226649;Hrana
BOMBONI M&M CRISPY 36 g;376704;M&M's;0,0360;kg;1,09;30,28;;;1,09;5000159561662;Hrana
BOMBONI M&M CRISPY 77 g;376709;M&M's;0,0770;kg;2,19;28,44;;;2,19;5000159562263;Hrana
KAJMAK TRAVNIÈKI 200 g;376715;;0,2000;kg;2,99;14,95;;;2,99;3870101000257;Hrana
SLADOLED EUPHORIA MAGNUM 90 ml;376717;Magnum;0,0900;L;2,79;31,00;;;2,49;8711327622289;Hrana
SIR MOZZARELLA  S-BUDGET 400 g;376718;S-BUDGET;0,4000;kg;3,99;9,98;;;3,99;8057204092968;Hrana
SAL.MOR.PLODOVA S BUDGET 175 g;376722;S-BUDGET;0,1750;kg;3,29;18,80;;;3,29;8057204092937;Hrana
VOÆNI SNACK NUTRINO LAB 200 g;376723;;0,2000;kg;2,25;11,25;;;2,25;8606019652968;Hrana
VOÆNI SNACK NUTRINO LAB 200 g;376724;;0,2000;kg;2,25;11,25;;;2,25;8606019652951;Hrana
VOÆNI SNACK NUTRINO LAB 200 g;376725;;0,2000;kg;2,25;11,25;;;2,25;8606019652944;Hrana
SLAD.TRO.ÈOK.CARTE D´OR 825 ml;376726;Carte D'or;0,8250;L;;6,05;4,99;7,39;6,99;8711327618060;Hrana
PELENE GAÆICE NINJAMAS 9/1;376727;;9,0000;kom;7,99;0,89;;;8,99;8006540630648;Toaletne potrepštine
AYRAN SPAR 500 ml;376728;SPAR marka kvalitete;0,5000;L;1,09;2,18;;;1,12;9100000450384;Hrana
PELENE GAÆICE NINJAMAS 9/1;376729;;9,0000;kom;7,99;0,89;;;8,99;8006540630617;Toaletne potrepštine
PELENE GAÆICE NINJAMAS 10/1;376730;;10,0000;kom;7,99;0,80;;;8,99;8006540630549;Toaletne potrepštine
SLAD.BLACK F.CARTE D´OR 825 ml;376731;Carte D'or;0,8250;l;7,39;8,96;;;6,99;8711327617575;Hrana
PELENE GAÆICE NINJAMAS 10/1;376732;;10,0000;kom;7,99;0,80;;;8,99;8006540630518;Toaletne potrepštine
SLA.LIMUN PI.CARTE D´OR 825 ml;376734;Carte D'or;0,8250;L;;6,05;4,99;7,39;6,99;8711327617407;Hrana
SLAD.NY CHEE.CARTE D´OR 825 ml;376735;Carte D'or;0,8250;L;;6,05;4,99;7,39;6,99;8711327619678;Hrana
ŠUM.TAB.NATUR.ŽELJ.VIT.C 96 g;376736;Naturel;0,0960;kom;2,49;25,94;;;2,49;3858887246489;Hrana
SLAD.BOROVNI.CARTE D´OR 825 ml;376738;Carte D'or;0,8250;L;;6,05;4,99;7,39;6,99;8711327617841;Hrana
KREK.KVIKI MEDITERAN 120 g;376741;Kviki;0,1200;kg;1,29;10,75;;;1,29;3856020270483;Hrana
PINSA S-BUDGET 250 g;376743;S-BUDGET;0,2500;kg;2,29;9,16;;;2,29;8057204092777;Hrana
PLOÈICA COR.PROT.SL.KARAM.50 g;376744;Corny;0,0500;kg;1,94;38,80;;;1,94;4011800296117;Hrana
SLAD.EUPHORIA MAGNUM 440 ml;376747;Magnum;0,4400;L;7,69;17,48;;;7,69;8711327621978;Hrana
SLA.ÈOK.LJEŠ.CARTE D´OR 825 ml;376748;Carte D'or;0,8250;L;6,99;8,47;;;6,99;8711327630680;Hrana
VODA SARA RIVA 6 L;376752;Sara;6,0000;L;1,79;0,30;;;1,95;3856028501992;Piæa
KEKS JAFFA BUTTONS 95 g;376754;Jaffa;0,0950;kg;1,69;17,79;;;1,49;8600114011439;Hrana
TJES.SVJ.TROFIE S BUDGET 500 g;376756;S-Budget;0,5000;kg;1,29;2,58;;;1,29;8057204092913;Hrana
SLAD.CLASSIC VAN.MAGNUM 110 ml;376758;Magnum;0,1100;L;;18,09;1,99;2,79;2,49;8711327612372;Hrana
SLA.BIJELA ÈOKOL.MAGNUM 110 ml;376759;Magnum;0,1100;L;2,79;25,36;;;2,49;8711327612945;Hrana
SLAD.BADEM MAGNUM 110 ml;376760;Magnum;0,1100;L;2,79;25,36;;;2,49;8711327609341;Hrana
ÈIPS CHIO VRHNJE&LUK 130 g;376762;Chio;0,1300;kg;1,89;14,54;;;1,89;3856021306747;Hrana
ÈIPS CHIO PAPRIKA 130 g;376765;Chio;0,1300;kg;1,89;14,54;;;1,89;3856021306709;Hrana
ÈIPS CHIO VRHNJE LUK 120 g;376766;Chio;0,1200;kg;2,19;18,25;;;1,89;3856021306365;Hrana
ÈIPS CHIO FEFERONI 130 g  ;376769;Chio;0,1300;kg;1,89;14,54;;;1,89;3856021306723;Hrana
KAPSULE S-BUDGET CARAMEL 50g;376770;S-Budget;0,0500;KOM;2,29;45,80;;;2,69;9100000969282;Piæa
PIVO PAULANER ORIGINAL 4X0,5 L;376773;Paulaner;2,0000;L;6,61;3,31;;;6,61;4066600311812;Piæa
PIVO PAULANER PŠENIÈNO 4X0,5 L;376774;Paulaner;2,0000;L;6,61;3,31;;;6,61;4066600392811;Piæa
NAPO.KRAŠ ÈOK.KOKOS 500 g;376787;Kraš;0,5000;kg;6,29;12,58;;;4,99;3850102012473;Hrana
NAPO.KRAŠ ÈOK.KOKOS 250 g;376793;Kraš;0,2500;kg;3,99;15,96;;;3,99;3850102012442;Hrana
VAF.LOACKER TORTINA ORIG.126 g;376798;Loacker;0,1260;kg;4,99;39,60;;;4,29;8000380106028;Hrana
VAF.LOAC.TORT.ÈOKO.126 g;376799;Loacker;0,1260;kg;4,99;39,60;;;4,29;8000380192151;Hrana
ÈOK.DORINA MOUSSE 95 g;376800;Dorina;0,0950;kg;1,49;15,68;;;1,99;3850102500505;Hrana
SLAD.ÈOKOLAD.MACARON HD 420 ml;376802;Haeagen Dazs;0,4200;L;;11,88;4,99;6,99;6,99;3415583000830;Hrana
ÈOK.DORINA PETIT BEURRE 95 g;376803;Dorina;0,0950;kg;1,49;15,68;;;1,99;3850102009978;Hrana
ÈOK.DORINA PETIT BEURRE 240 g;376804;Dorina;0,2400;kg;4,99;20,79;;;3,79;3850102010004;Hrana
ÈOK.DOR.KREMASTI LJEŠNJAK 98 g;376805;Dorina;0,0980;kg;1,49;15,20;;;1,99;3850102005734;Hrana
ÈOK.DORI.KREM.LJEŠ.245 g;376806;Dorina;0,2450;kg;4,99;20,37;;;3,79;3850102005758;Hrana
ÈOK.DORINA JAGODA VANILI.245 g;376807;Dorina;0,2450;kg;4,99;20,37;;;3,79;3850102010011;Hrana
ÈOK.DOR.JAGODA VANILIJA 95 g;376808;Dorina;0,0950;kg;1,49;15,68;;;1,99;3850102009947;Hrana
TORTICA KRAŠ LINO LADA 21 g;376810;Kraš;0,0210;kg;0,55;26,19;;;0,55;3850102008735;Hrana
LIKER PELINOVA 0,7 L;376823;Stock;0,7000;L;14,99;21,41;;;14,99;8594005025561;Piæa
ÈOK.MILKA LJEŠ.KREMA 85 g;376825;Milka;0,8500;kg;;1,75;1,49;2,49;2,49;7622202013218;Hrana
BOMB.NEGRO PION.LIM.ÐUM.100 g;376848;Pionir;0,1000;kg;1,19;11,90;;;1,29;8602300234547;Hrana
BOM.PION.MENTOL LIMUN 100 g;376849;Pionir;0,1000;kg;0,89;8,90;;;0,89;8602300231034;Hrana
GUM.BOMB.PION.MEDVJEDIÆI 100 g;376855;Pionir;0,1000;kg;1,39;13,90;;;1,39;8600091370314;Hrana
BOMB.PIONIR NARANÈA 100 g;376858;Pionir;0,1000;kg;1,19;11,90;;;1,19;8602300204687;Hrana
KARAM.PIONIR ORIGINAL 100 g;376862;Pionir;0,1000;kg;1,49;14,90;;;1,49;8602300205059;Hrana
DVOPEK MINI INTEGRALNI 180 g;376865;Naturel;0,1800;kg;2,35;13,06;;;2,35;3858889366338;Hrana
ÈOK.PRUT.DESPAR PUNJ.ML.200 g;376875;Despar;0,2000;kg;2,99;14,95;;;2,99;8001300502630;Hrana
VRH.ZA KUH.BEZ LAKT.DUKA.500 g;376882;Dukat;0,5000;kg;3,39;6,78;;;3,39;3850354017295;Hrana
PUD.LAG.JUT.VANI.DUKAT 4X125 g;376884;Dukat;0,5000;kg;2,49;4,98;;;2,39;3850354018162;Hrana
JOGURT TEKUÆI LAG.JUTRO 330 g;376885;Dukat;0,3300;kg;1,59;4,82;;;1,59;3850354018186;Hrana
JOGURT LAG.JUTRO JAGODA 330 g;376886;Dukat;0,3300;kg;1,59;4,82;;;1,59;3850354018209;Hrana
FLIPS CHEETOS SIR 85 g;376889;Cheetos;0,0850;kg;1,69;19,88;;;2,49;5900259029041;Hrana
CARSKI DROBLJENAC SPAR 195g;376893;SPAR;0,1950;kg;;7,13;1,39;1,99;1,99;9100000831916;Hrana
UL.VIOLETA AIR FIT NIGHT 10/1;376894;Violeta;10,0000;kom;1,85;0,19;;;1,85;3870128041011;Toaletne potrepštine
PILEÆI PAN.ZABATAK CEKIN 700 g;376931;Cekin;0,7000;kg;7,99;11,41;;;6,49;3850159141195;Hrana
OTIRAÈ OD KOKOSA,70X40 cm,WTOH;376958;;1,0000;kom;;3,99;3,99;5,99;5,99;8010402486540;Proizvodi za kuæanstvo
OTIRAÈ OD KOKOSA,70X40 cm,HOME;376959;;1,0000;kom;;3,99;3,99;5,99;5,99;8010402486625;Proizvodi za kuæanstvo
ZUB.KONAC DENTA KISS 40m 1/1;376960;DENTA KISS;1,0000;kom;1,49;1,49;;;1,49;9100000984094;Kozmetika
ZUBNA PASTA SENSODYNE 2x75 ml;376982;Sensodyne;0,1500;l;8,99;59,93;;;7,89;5054563186942;Kozmetika
ZUBNA PASTA PARODONTAX 2x75ml;376983;Parodontax;0,1500;l;8,99;59,93;;;7,99;5054563158789;Kozmetika
GEL TUŠ.L´ANGELICA PA.2x500 ml;376986;L´Angelica;1,0000;l;3,99;3,99;;;3,99;8017331088005;Kozmetika
GEL TUŠ.L´ANGELICA KO.2x500 ml;376989;L´Angelica;1,0000;l;3,99;3,99;;;3,99;8017331088104;Kozmetika
AFTER SHAVE DENIM SENS. 100 ml;376991;Denim;0,1000;l;6,99;69,90;;;6,99;8008970054278;Kozmetika
GEL TUŠ.OLD SPICE BEAR. 675 ml;377013;Old Spice;0,6750;l;6,49;9,61;;;5,97;8006540651063;Kozmetika
GEL TUŠ.OLD SPICE WOLF. 675 ml;377014;Old Spice;0,6750;l;6,49;9,61;;;5,97;8700216230988;Kozmetika
GEL TUŠ.OLD SPICE TIGER 400 ml;377015;Old Spice;0,4000;l;2,99;7,48;;;3,85;8006540456484;Kozmetika
DEO ST.OLD SPICE WOLF. 85 ml;377016;Old Spice;0,0850;l;6,49;76,35;;;5,97;8700216879835;Kozmetika
DEO ST.OLD SPICE OASIS 50 ml;377017;Old Spice;0,0500;l;3,49;69,80;;;3,85;8006540839362;Kozmetika
DEO SP.REXONA B.BOUQUET150 ml;377021;Rexona;0,1500;l;3,35;22,33;;;3,49;8720181450396;Kozmetika
DEO SP.REXONA W. B&W 150 ml;377039;Rexona;0,1500;l;3,35;22,33;;;3,49;8720181450419;Kozmetika
DEO S.REXONA MEN COBALT 200 ml;377050;Rexona;0,2000;l;3,89;19,45;;;3,99;8720181334757;Kozmetika
DEO SP.AXE JUNGLE FRESH 150 ml;377052;Axe;0,1500;l;4,89;32,60;;;4,55;8720181436734;Kozmetika
AFTER SHAVE AXE DARK T. 100 ml;377053;Axe;0,1000;l;7,09;70,90;;;7,99;8720181343476;Kozmetika
DEO S.DOVE W PEAR&ALOE 150 ml;377054;Dove;0,1500;l;5,20;34,67;;;5,20;8720181291746;Kozmetika
ROLL ON NEUTRO FRESCO  50 ml;377056;Neutro Roberts;0,0500;L;3,45;69,00;;;3,45;80838265;Kozmetika
ROLL ON NEUTRO FRESCO  50 ml;377058;Neutro Roberts;0,0500;L;3,45;69,00;;;3,45;80838289;Kozmetika
DEO ST.OLD SPICE ROCK. 50 ml;377059;Old Spice;0,0500;l;3,49;69,80;;;3,85;8700216203906;Kozmetika
DEO SP.OLD SPICE ROCK. 150 ml;377061;Old Spice;0,1500;l;3,49;23,27;;;3,85;8700216169820;Kozmetika
HRANA ZA PSE PEDI.ADULT 2,6 kg;377062;Pedigree;2,6000;kg;12,99;5,00;;;12,99;5998749145067;Proizvodi za kuæanstvo
GEL TU.OLD SPICE ROCKST.400 ml;377063;Old Spice;0,4000;l;2,99;7,48;;;3,85;8700216232746;Kozmetika
HRANA ZA PSE PEDIG.JUNIOR 2 kg;377066;Pedigree;2,0000;kg;10,49;5,25;;;10,49;5998749145111;Proizvodi za kuæanstvo
HRANA ZA PSE PEDIG.ADULT 500 g;377067;Pedigree;0,5000;kg;2,99;5,98;;;2,99;5900951310706;Proizvodi za kuæanstvo
HRANA ZA PSE PED.PIL.POV.100 g;377068;Pedigree;0,1000;kg;0,89;8,90;;;0,89;5900951312946;Proizvodi za kuæanstvo
PILEÆA ZADNJA ÈETVRT;377069;S-BUDGET;1,0000;kg;2,99;2,99;;;2,79;3856021216992;Hrana
POSL.ZA MAÈ.FELIX PAR.MIX 60 g;377070;Felix;0,0600;kg;1,59;26,50;;;1,59;7613034097699;Proizvodi za kuæanstvo
POSL.ZA MAÈ.FELIX PAR.MIX 60 g;377071;Felix;0,0600;kg;1,59;26,50;;;1,59;7613036064439;Proizvodi za kuæanstvo
LOSOS EVA FIL.BILJ.ULJE 100 g;377080;Eva;0,0700;kg;4,89;69,86;;;4,89;3856020271268;Hrana
OSLIÆ EVA FIL.BILJ.ULJE 100 g;377082;Eva;0,0700;kg;2,99;42,71;;;2,69;3856020269616;Hrana
INTEGRALNE KRUŠNE MRVICE 400 g;377085;;0,4000;kg;1,99;4,98;;;1,99;4000186011407;Hrana
PAŠTETA ARG.KOK.EKST.PIK.95 g;377087;Argeta;0,0950;kg;1,49;15,68;;;1,49;3838471052771;Hrana
PAŠTETA ARGETA RIBLJA POV.95 g;377088;Argeta;0,0950;kg;1,49;15,68;;;1,49;3838471052795;Hrana
VINO ANÐEO S GREŠ.CRNO 0,75 L;377090;;0,7500;L;20,89;27,85;;;20,89;3857500108586;Piæa
VINO ANÐEO.S GREŠ.BIJ. 0,75 L;377091;;0,7500;L;20,89;27,85;;;20,89;3857500108579;Piæa
ŠAMP.AFRODITA ZA MAS. 320 ml;377093;Afrodita;0,3200;l;6,99;21,84;;;6,99;3831070661887;Kozmetika
VINO MALVAZ.KALAVOJNA 0,75 L;377094;;0,7500;L;11,02;14,69;;;11,02;3859889986892;Piæa
ŠAMP.AFRODITA PR.ISPADN.320 ml;377095;Afrodita;0,3200;l;6,99;21,84;;;6,99;3831070661894;Kozmetika
ŠAMP.AFRODITA ZA SUHU K.320 ml;377096;Afrodita;0,3200;l;6,99;21,84;;;6,99;3831070661900;Kozmetika
ŠAMP.AFRODITA PR.PRHUTI 320 ml;377097;Afrodita;0,3200;l;6,99;21,84;;;6,99;3831070661917;Kozmetika
MASKA AFRODITA ZA KOSU  175 ml;377098;Afrodita;0,1750;l;6,99;39,94;;;6,99;3831070661924;Kozmetika
VODA AFRODITA ZA NJEGU  100 ml;377099;Afrodita;0,1000;l;6,99;69,90;;;6,99;3831070661931;Kozmetika
VINO MALVAZIJA BABOS 0,75 L;377100;;0,7500;L;11,02;14,69;;;11,02;3859893510069;Piæa
BRIJ.GILL.VENUS COMFORT 1/1;377101;Gillette;1,0000;kom;8,49;8,49;;;8,19;8700216130516;Kozmetika
VINO SAUV.BIJELI SV.PE. 0,75 L;377102;;0,7500;L;11,02;14,69;;;11,02;3859892938147;Piæa
JOG.GRÈKI TIP NATUR SB 150 g;377103;S-BUDGET;0,1500;kg;0,65;4,33;;;0,75;3856021226076;Hrana
ÈAJNO PECIVO MIJEŠA.SPAR 500 g;377104;SPAR marka kvalitete;0,5000;kg;3,99;7,98;;;5,09;3856021226625;Hrana
PATRONE GILLETTE COMFORT 4/1;377105;Gillette;4,0000;kom;;2,50;9,99;23,99;23,99;8700216122849;Kozmetika
JOG.GRÈ.TIP VIŠ./NAR. SB150 g;377106;S-BUDGET;0,1500;kg;0,75;5,00;;;0,75;3856021226090;Hrana
PJ.VINO SPIRITZ M.S. 0,75 L;377107;;0,7500;L;3,99;5,32;;;3,02;5905466012152;Piæa
JOG.GRÈ. TIP DAT./MED SB 150 g;377109;S-BUDGET;0,1500;kg;0,75;5,00;;;0,75;3856021226113;Hrana
PJ.VINO HUGO MONTE SAN. 0,75 L;377112;;0,7500;L;3,02;4,03;;;3,02;5905466045587;Piæa
APEROL SPRITZ 3x0,2 L;377116;Aperol;0,6000;L;10,49;17,48;;;10,39;8002230340538;Piæa
KRASTAVCI SPAR REZANI 510 g;377118;SPAR Qualitätsmarke;0,3000;kg;1,59;5,30;;;1,59;9100000019093;Hrana
HRANA ZA MAÈKE MOLLY 24X100 g;377120;Molly;2,4000;kg;9,99;4,16;;;9,99;9100000983714;Proizvodi za kuæanstvo
STOCK COLA 0,25 L;377122;;0,2500;L;2,42;9,68;;;2,42;8594005026087;Piæa
ŠAMP.H&S 2U1 CLASSIC C.330ml;377124;Head&Shoulders;0,3300;l;6,19;18,76;;;6,19;8700216157919;Kozmetika
ŠAMPON H&S SMOOTH&SILKY 330 ml;377125;Head&Shoulders;0,3300;l;6,19;18,76;;;6,19;8700216304856;Kozmetika
GIN BICKENS 0,7 L;377131;;0,7000;L;18,09;25,84;;;18,09;8000040520072;Piæa
ŠAMP.H&S 2U1 CLASSIC C.250 ml;377143;Head&Shoulders;0,2500;l;4,79;19,16;;;4,99;8700216157872;Kozmetika
ŠAMP.H&S 7U1 DANDRUFF 250 ml;377149;Head&Shoulders;0,2500;l;5,49;21,96;;;5,99;8700216156882;Kozmetika
ŠAMP.H&S 7U1 HAIR FALL 250 ml;377150;Head&Shoulders;0,2500;l;5,49;21,96;;;5,99;8700216156936;Kozmetika
ŠAMP.H&S 7U1 INTEN.ITCH 250 ml;377151;Head&Shoulders;0,2500;l;2,70;10,80;;;5,99;8700216156844;Kozmetika
PAŠTETA GAVRIL.JETRENA 4X100 g;377163;Gavrilovic;0,4000;kg;4,99;12,48;;;4,99;3858892723784;Hrana
PAŠTETA GAVRIL.ÈAJNA 4X100 g;377164;Gavrilovic;0,4000;kg;4,99;12,48;;;4,99;3858892726136;Hrana
DEO SP.REXONA INVISIBLE 150 ml;377168;Rexona;0,1500;l;3,35;22,33;;;3,49;8720181450426;Kozmetika
DEO SPRAY DOVE W PEACH 150 ml;377169;Dove;0,1500;l;5,20;34,67;;;5,20;8720181443572;Kozmetika
DEO SP.DOVE EUCALYPTUS150 ml;377171;Dove;0,1500;l;5,20;34,67;;;5,20;8720181433573;Kozmetika
DEO STICK AXE AFRICA 50 ml;377172;Axe;0,0500;l;4,99;99,80;;;4,59;8720181415678;Kozmetika
NEKTAR S-BUDGET ACE 6X0,2 L;377179;S-Budget;1,2000;L;2,35;1,96;;;2,35;8057204090872;Piæa
NEKTAR S-BUDGET CR.NAR.6X0,2 L;377182;S-Budget;1,2000;L;2,35;1,96;;;2,35;8057204090889;Piæa
NEKTAR S-BUDGET MULTIV.6X0,2 L;377183;S-Budget;1,2000;L;2,35;1,96;;;2,35;8057204090865;Piæa
BOJA SYOSS 9-53 PLATINUM ;377184;Syoss;1,0000;kom;6,19;6,19;;;5,59;9000101731767;Kozmetika
BOJA SYOSS 12-53 SILVER ;377186;Syoss;1,0000;kom;6,19;6,19;;;5,59;9000101731989;Kozmetika
BOJA SYOSS 3-89 BRONZE ;377187;Syoss;1,0000;kom;6,19;6,19;;;5,59;9000101732207;Kozmetika
ŠAMPON PANTENE REPAIR 250 ml;377188;Pantene;0,2500;l;4,99;19,96;;;5,99;8700216323598;Kozmetika
BOJA LIVE  B11 FROSTY ;377189;LIVE;1,0000;l;6,19;6,19;;;6,19;9000101657937;Kozmetika
REGENERATOR PANTENE RE.160 ml ;377190;Pantene;0,1600;l;4,89;30,56;;;5,39;8700216191708;Kozmetika
MASKA PANTENE REP&PRO. 300 ml;377192;Pantene;0,3000;l;4,99;16,63;;;5,79;8006540608494;Kozmetika
SPREJ AZENA ULJNI PR.KOM.50 ml;377194;AZENA;0,0500;kom;5,99;119,80;;;5,99;3859888549647;Kozmetika
MAST AZENA BILJNA 60 ml;377195;AZENA;0,0600;kom;7,99;133,17;;;7,99;3859888549012;Kozmetika
GEL JOHNSON ZA TUŠ 400 ml;377202;Johnson;0,4000;l;4,19;10,48;;;3,95;3574661385730;Kozmetika
GEL JOHNSON ZA TUŠ BADE.400 ml;377203;Johnson;0,4000;l;4,19;10,48;;;3,95;3574661384627;Kozmetika
GEL JOHNSON ZA TUŠ NAR 400 ml;377204;Johnson;0,4000;l;4,19;10,48;;;3,95;3574661093956;Kozmetika
GEL JOHNSON ZA TUŠ.SHEA 400 ml;377206;Johnson;0,4000;l;4,19;10,48;;;3,95;3574661543888;Kozmetika
LUB.YOU&ME WATERLUB 150 ml;377209;Vulkan;1;;8,25;8,25;;;8,25;8594068382595;Toaletne potrepštine
ZUB.PAS.PHYTODENT WHI.75 ml;377213;Plidenta;0,7500;l;;2,39;1,79;2,29;3,39;3856007911781;Kozmetika
SIR BIJ.KOCK.ÈEŠ.APET.410 g;377216;;0,2000;kg;3,99;19,95;;;3,99;5711953182617;Hrana
MUSLI SPAR ÈOKOLADA 600 g;377217;SPAR;0,6000;kg;4,99;8,32;;;4,99;9100000001708;Hrana
MUSLI SPAR JOGURT JAGODA 600 g;377218;SPAR marka kvalitete;0,6000;kg;3,99;6,65;;;3,99;9100000001722;Hrana
MELEM ZA USNE MELT 10 ml;377219;Melem;0,0100;l;5,89;589,00;;;5,89;3856007911729;Kozmetika
MELEM ZA USNE COLD 4,5 g;377220;Melem;1,0000;kom;3,99;3,99;;;3,99;3856007910074;Kozmetika
MELEM ZA USNE VITAMIN 4,5 g;377221;Melem;1,0000;kom;3,99;3,99;;;3,99;3856007911828;Kozmetika
MELEM ZA USNE CICA 4,5 g;377222;Melem;1,0000;kom;3,99;3,99;;;3,99;3856007911668;Kozmetika
SERUM GLISS ELIKS.NIGHT 100 ml;377230;Gliss;0,1000;l;8,45;84,50;;;8,45;9000101702286;Kozmetika
SERUM GLISS ELIKS.NIGHT 100 ml;377231;Gliss;0,1000;l;8,45;84,50;;;8,45;5410091767334;Kozmetika
ŠAM.SYOSS INT&PLEKS440 ml;377238;Syoss;0,4400;l;4,99;11,34;;;4,49;9000101731460;Kozmetika
REGENER.SYOSS INTENSE 250 ml;377239;;0,2500;l;4,99;19,96;;;4,49;9000101731545;Kozmetika
DET.WEISSER RIESE COLOR 1,10 L;377275;Weisser Riese;1,1000;l;6,99;6,35;;;6,99;4015200032184;Sredstva za èišæenje
NADJEV MANGO NATUR PUR 190 g ;377277;Spar Natur pur;0,1900;kg;2,49;13,11;;;2,49;9100000002460;Hrana
PILEÆI MARINIRANIMINI FILE;377281;SPAR BBQ;1,0000;kg;9,99;9,99;;;9,99;3850159155284;Hrana
INS.NAP.STEV.3U1 ORIGINAL 15 g;377322;;0,0150;KG;0,99;66,00;;;0,99;3858893680079;Piæa
KOMBUCHA BOBIÈASTO VOÆE 330 ml;377329;;0,3300;L;2,69;8,15;;;2,69;3859893720222;Piæa
KOMBUCHA MENTA I LIMETA 330 ml;377331;;0,3300;L;2,69;8,15;;;2,69;3859893720253;Piæa
KOMBUCHA MATIÈ. I LIMUN 330 ml;377333;;0,3300;L;2,69;8,15;;;2,69;3859893720239;Piæa
GRANOLA KELLOGG´S KAR. 380 g;377334;Kelloggs;0,3800;kg;5,49;14,45;;;5,49;5059319020396;Hrana
PAPIR ZA PEÈ.ZA FR.NA VR.ZRAK;377336;;20,0000;kom;4,99;0,25;;;4,99;4008871220349;Proizvodi za kuæanstvo
ŽIT.KELLOGG´S TRESOR NOU.410 g;377337;Kelloggs;0,4100;kg;5,99;14,61;;;5,99;5053827199568;Hrana
VODKA F.I. ORIGINAL 0,7 L;377338;;0,7000;L;20,02;28,60;;;20,02;7629999059320;Piæa
GIN F.I.ROSE 0,7 L;377341;;0,7000;L;13,99;19,99;;;17,02;7629999550384;Piæa
SLA.COLORI CHOCO QUATT.1500 ml;377355;Quattro;1,5000;L;6,49;4,33;;;5,99;3850116064352;Hrana
SLA.COLORI FRUIT QUATT.1500 ml;377356;Quattro;1,5000;L;6,49;4,33;;;5,99;3850116064321;Hrana
KAP.PERSIL EXPERT 11/1;377363;Persil;11,0000;kom;8,49;0,77;;;8,49;9000101802436;Sredstva za èišæenje
KAVA NESCAF.DG BARISTA 3X104 g;377367;Nescafe;0,3120;KG;12,99;41,63;;;14,99;8445290869678;Piæa
SLAD.PLAZMA CHEES.ŠTAPIÆ 90 ml;377369;Plazma;0,0900;l;1,99;22,11;;;1,99;3850116064260;Hrana
SLA.MACHO TAM.ÈOK.NAR. 370 ml;377371;Macho;0,3700;L;4,29;11,59;;;3,99;3850116064024;Hrana
SLA.MACHO ÈOKOLADA LEDO 370 ml;377372;Macho;0,3700;L;4,29;11,59;;;3,99;3850116063997;Hrana
SLA.MACHO BIJ.ÈOK. LEDO 370 ml;377373;Macho;0,3700;L;4,29;11,59;;;3,99;3850116063966;Hrana
MIR.VODICA LA RIVE GOLD.200 ml;377374;La Rive;0,2000;l;6,89;34,45;;;6,89;5903719640763;Kozmetika
LIKER BADEL ANTIQUE. 1 L;377380;Badel;1,0000;L;22,02;22,02;;;21,99;3850112111838;Piæa
PELIN SPRITZ BADEL LIM. 0,25 L;377381;Badel 1862;0,2500;L;2,02;8,08;;;2,02;3850112143075;Piæa
PELIN SPRITZ BADEL ORA. 0,25 L;377382;Badel 1862;0,2500;L;2,02;8,08;;;2,02;3850112143099;Piæa
DET. JAR LILAC 905 ml;377394;Jar;0,9050;l;5,49;6,07;;;5,49;8006540355589;Sredstva za èišæenje
PROSECCO MIONET.TREVISO 0,2 L;377395;;0,2000;L;5,49;27,45;;;5,02;8006220110774;Piæa
VODKA SKYY 0,7 L;377397;;0,7000;L;15,99;22,84;;;16,79;8000040007009;Piæa
DEZ.MAR.DOMESTOS OCEAN 60/1;377398;Domestos;60,0000;kom;3,49;0,06;;;3,29;8720181349843;Sredstva za èišæenje
DEZ.MAR.DOMES.LEMON 60/1;377399;Domestos;60,0000;kom;3,49;0,06;;;3,29;8720181349836;Sredstva za èišæenje
PUDER JOHNSON´S BABY 100 g;377402;Johnson's;0,1000;kg;4,19;41,90;;;4,19;3574661728513;Kozmetika
GEL WC DOMEST FLORAL FR.700 ml;377404;Domestos;0,7000;L;3,29;4,70;;;3,29;8720181345920;Sredstva za èišæenje
GEL WC DOMEST LIME 700 ml;377405;Domestos;0,7000;L;3,29;4,70;;;3,29;8720181345913;Sredstva za èišæenje
MUSLI NATUREL JAGODA BAD.350 g;377410;Naturel;0,3500;kg;2,49;7,11;;;3,59;3858889366659;Hrana
HRENOVKE WUDY AIA KLASIK 300 g;377423;Wudy;0,3000;kg;1,29;4,30;;;1,19;8008110040642;Hrana
RAJÈ.PASIR FRUCTAL KLAS.750 ml;377426;Fructal;0,7500;l;1,79;2,39;;;1,79;3838945042505;Hrana
RAJÈ.PASIR.FRUCTAL PIK. 750 ml;377432;Fructal;0,7500;l;1,79;2,39;;;1,79;3838945042529;Hrana
SRE.VANISH SPREJ WHITE 500 ml ;377441;Vanish;0,5000;L;6,39;12,78;;;6,45;5999109561435;Sredstva za èišæenje
GEL.VANISH OXI PINK 750 ml;377447;Vanish;0,7500;L;7,95;10,60;;;7,95;5999109561084;Sredstva za èišæenje
FLIPS GUSTO RINGS PIZZA 300 g;377451;GUSTO;0,3000;kg;2,49;8,30;;;2,49;5941868208489;Hrana
GEL JAJOPER MEN BIOBAZ.100 ml ;377460;Biobaza;0,1000;L;3,99;39,90;;;3,96;3856020904470;Toaletne potrepštine
KREMA BIOBAZA BABY 550 ml ;377461;Biobaza;0,5500;L;11,99;21,80;;;9,69;3859889915847;Kozmetika
SLA.SEDUCTION KING LEDO 100 ml;377498;King;0,1000;L;2,79;27,90;;;2,79;3850116064086;Hrana
KRUH AGRAMER NAREZANI  500 g;377503;;0,5000;kg;1,69;3,38;;;1,49;3856016907041;Hrana
KAPSULE DG.RISTRE.BARIST.104 g;377508;DOLCE GUSTO;0,1040;KG;5,49;52,79;;;6,49;8445290869531;Piæa
KAPSULE DOLCE GU.ARDENZA 104 g;377511;DOLCE GUSTO;0,1040;KG;5,49;52,79;;;6,49;8445290870537;Piæa
KAPSU.DOLCE GUSTO LUNGO 89,6 g;377513;DOLCE GUSTO;0,0896;KG;5,49;61,27;;;6,49;8445290871992;Piæa
INST.KAVA NES.3U1 FRAPPE 120 g;377525;Nescafe;0,1200;KG;2,99;24,92;;;2,99;8445291183049;Piæa
TAB.SOMAT EXCELLENCE 20/1;377528;Somat;20,0000;kom;;0,42;8,49;8,99;12,99;9000101808384;Sredstva za èišæenje
SOK FRUCTAL JABUKA BRES.0,75 L;377539;Fructal;0,7500;L;2,15;2,87;;;2,19;3838945042680;Piæa
SOK FRUCTAL JABUKA 0,75 L;377540;Fructal;0,7500;L;2,15;2,87;;;2,19;3838945042673;Piæa
SOK FRUCTAL NARANÈA 0,75 L;377541;Fructal;0,7500;L;3,89;5,19;;;2,59;3838945042697;Piæa
PIÆE BUBBLE TEA OMG MAL.0,27 L;377543;;0,2700;L;3,19;11,81;;;3,19;4779056910187;Piæa
PIÆE BUBBLE TEA OMG LIM.0,27 L;377544;;0,2700;L;3,19;11,81;;;3,19;4779056910194;Piæa
NEKTAR VINDI JAGODA 1 L;377545;Vindija;1,0000;L;2,79;2,79;;;2,79;3850108078695;Piæa
PIVO ANGELUŠ SESSIO.IPA 0,33 L;377546;;0,3300;L;2,02;6,12;;;2,02;3857500070753;Piæa
BEZAL.KOKTEL TWI.MOJITO 0,24 L;377547;;0,2400;L;1,99;8,29;;;1,99;9004380002006;Piæa
CIDER SOMERS.JAGOD.LIME.0,33 L;377551;Somersby;0,3300;L;1,32;4,00;;;1,32;8600331002685;Piæa
BEZAL.KOK.TW.PINA COLAD.0,24 L;377569;;0,2400;L;1,99;8,29;;;1,99;9004380002204;Piæa
BEZAL.KOKTEL PASS.FRUIT 0,24 L;377570;;0,2400;L;1,99;8,29;;;1,99;9004380209702;Piæa
POMMES BATAT S-BUDGET 500 g;377571;S-Budget;0,5000;kg;2,99;5,98;;;2,99;9100000019253;Hrana
PIVO EFES PILSNER 0,3 L;377572;;0,3000;L;1,39;4,63;;;1,48;8690520011567;Piæa
OSV.PIÆE FRUCTAL LIMUNADA 1 L;377574;Fructal;1,0000;L;;1,43;1,43;1,79;1,79;3838945042383;Piæa
OSVJ.PIÆE FRUCTAL LIM.MENT.1 L;377575;Fructal;1,0000;L;;1,43;1,43;1,79;1,79;3838945042390;Piæa
ŠAMPON NIVEA BABY 200 ml;377584;Nivea;0,2000;l;4,49;22,45;;;4,49;9005800369099;Kozmetika
VAFEL FRONDI KOKOS KRAŠ 250 g;377590;Kraš;0,2500;kg;1,99;7,96;;;1,99;3850102010066;Hrana
ŠAMPON NIVEA BABY 200 ml;377591;Nivea;0,2000;l;4,39;21,95;;;4,39;9005800369075;Kozmetika
ŠTRU.KRAŠ JABU.PREKRAŠNI 200 g;377595;Kraš;0,2000;kg;;7,45;1,49;1,99;1,99;3850102009985;Hrana
VL.MAR.NIVEA BABY FRE&PUR.57/1;377601;Nivea;57,0000;kom;3,29;0,06;;;3,29;9005800369228;Toaletne potrepštine
ŠTRU.KRAŠ SMOK.PREKRAŠNI 200 g;377604;Kraš;0,2000;kg;;7,45;1,49;1,99;1,99;3850102012794;Hrana
VL.MAR.NIVEA BABY SOFT&CR.2X57;377605;Nivea;114,0000;kom;;0,04;3,99;5,75;5,75;9005800374413;Toaletne potrepštine
ŠTRU.KRAŠ MIJE.VOÆE PREK.200 g;377607;Kraš;0,2000;kg;;7,45;1,49;1,99;1,99;3850102009992;Hrana
UMAK FANT 4 VRSTE SIRA 42 g;377629;Podravka;0,0420;kg;1,39;33,10;;;1,39;3856020269432;Hrana
UMAK FANT SA ZEL.PAPROM 30 g;377630;Podravka;0,0300;kg;1,39;46,33;;;1,39;3856020269463;Hrana
FANT KREM DELIKATESNI UMAK 40g;377635;Podravka;0,0400;kg;1,39;34,75;;;1,39;3856020269494;Hrana
UMAK FANT CURRY 28 g;377638;Podravka;0,0280;kg;1,39;49,64;;;1,39;3856020269401;Hrana
RADLER KARLOVAÈK.LIMUN 4X0,5 L;377639;Karlovacko;2,0000;L;5,89;2,95;;;5,61;3850103001995;Piæa
PATRONE WILKINSON HYBRID 4/1;377640;Wilkinson;4,0000;kom;;0,68;2,70;3,69;5,49;4027800503605;Kozmetika
PUD.ÈOKO-BANANA PODR.PREM.44 g;377642;Podravka;0,0440;kg;;16,82;0,74;0,99;0,99;3856020263294;Hrana
KEKS NOBLICE BANINI 222 g;377644;Banini;0,2220;kg;1,79;8,06;;;1,69;8600462042536;Hrana
KUPKA NIVEA BABY 500 ml ;377646;Nivea;0,5000;l;7,99;15,98;;;7,99;9005800369129;Kozmetika
VANILIN ŠEÆER U PRAHU POD.100g;377647;Podravka;0,1000;kg;;8,10;0,81;1,09;1,09;3856020270742;Hrana
KREKER SCHAR 50 g;377648;Schar;0,0500;kg;1,59;31,80;;;1,59;8008698044742;Hrana
KEKS OREO REMIX TIRAMISU 157 g;377649;Oreo;0,1570;kg;1,85;11,78;;;1,69;7622201389215;Hrana
UM.POD.VEG.GR.TERIYAKI-MED 75g;377650;Podravka;0,0750;kg;1,29;17,20;;;1,29;3856020269913;Hrana
UM.POD.VEG.GR.SENF MED.BI. 75g;377652;Podravka;0,0750;kg;1,29;17,20;;;1,29;3856020269975;Hrana
MRAMORNI KOLAÈ SCHAR 250 g;377653;Schar;0,2500;kg;5,99;23,96;;;5,99;8008698009024;Hrana
UM.POD.VEG.GR.SWEET CHILI 75g;377654;Podravka;0,0750;kg;1,29;17,20;;;1,29;3856020270001;Hrana
KOLAÈ SCHAR LIMUN 250 g;377656;Schar;0,2500;kg;5,99;23,96;;;5,99;8008698013663;Hrana
SLA.PISTAC.SPAR PREMIUM 480 ml;377657;SPAR PREMIUM;0,4800;L;5,99;12,48;;;5,99;9100000716619;Hrana
SLA.ŠTAP.NARANÈA SPAR 10x40 g;377658;SPAR Qualitätsmarke;0,4000;kg;3,49;8,73;;;3,49;9100000986227;Hrana
TORTILJA OL EL PASO B.G.216 g;377659;;0,2160;kg;3,59;16,62;;;3,99;8410076474001;Hrana
ÈOKOPEKMEZ PODRAVKA  350 g;377661;Podravka;0,3500;kg;2,99;8,54;;;2,99;3856020270247;Hrana
SLA.NUII MINI IND.MANGO 6x45 g;377666;;0,2700;kg;5,99;22,19;;;5,99;5900130040219;Hrana
DEO SP.NIVEA SPORT DEEP 150 ml;377669;Nivea;0,1500;l;4,99;33,27;;;4,99;9005800379869;Kozmetika
KETCHUP PODRAVKA LJUTI 310 g;377671;Podravka;0,3100;kg;1,49;4,81;;;1,49;3856020273910;Hrana
KETCHUP PODRAVKA BLAGI 310 g;377674;Podravka;0,3100;kg;1,49;4,81;;;1,49;3856020273880;Hrana
OME.LENOR DESIRABLE 925 ml;377675;Lenor;0,9250;l;4,99;5,39;;;3,49;8700216162722;Sredstva za èišæenje
DOLCELA BROWNIES 225 g;377685;Podravka;0,2250;kg;4,19;18,62;;;3,99;3856020271787;Hrana
DOLCELA POGAÈICE SA SIROM 360g;377686;Podravka;0,3600;kg;4,19;11,64;;;3,99;3856020269678;Hrana
TJE.ZL.POLJ.MINI PENNE 400 g;377687;Zlato Polje;0,4000;kg;1,99;4,98;;;1,99;3838700330069;Hrana
TJE.ZL.POLJ.MINI RIGATONI 400g;377688;Zlato Polje;0,4000;kg;1,99;4,98;;;1,99;3838700330076;Hrana
MG DIREKT ESENCIA 20/1;377690;;20,0000;kom;6,49;0,32;;;6,49;3858894620067;Hrana
VRH.KIS.22,5%M.M.MEGGLE 430 g;377693;;0,4300;kg;2,69;6,26;;;2,69;3870085020784;Hrana
VARIVO POVR.I M.PODRAVKA 86 g;377698;Podravka;0,0860;kg;2,29;26,63;;;2,29;3856020269289;Hrana
VARIVO ŠAM.POVR.T.PODRAVKA 95g;377699;Podravka;0,0950;kg;2,29;24,11;;;2,29;3856020269258;Hrana
SLAD.KING SEDUCTION 3x100 ml;377732;King;0,3000;L;6,99;23,30;;;6,99;3850116064536;Hrana
INST.KAVA NESCAFE 3U1 KAR.15 g;377741;Nescafe;0,0150;KG;0,35;23,33;;;0,39;8445291184091;Piæa
INS.KAVA NESCA.3U1 FRAPPE 15 g;377744;Nescafe;0,0150;KG;0,35;23,33;;;0,35;8445291182646;Piæa
INS.KAVA JACOBS CRO.GOLD 250 g;377748;Jacobs;0,2500;KG;14,99;59,96;;;12,99;8711000571170;Piæa
TORTEL. AURELIA PURETINA 250 g;377757;Aurelia;0,2500;kg;2,89;11,56;;;2,75;3859890561101;Hrana
ÈOK.SAMO TI MALINA 100 g;377758;Zvecevo;0,1000;kg;;11,90;1,19;1,59;1,29;3858888573829;Hrana
TORTELLONI AURELIA PRŠUT 450 g;377760;Aurelia;0,4500;kg;4,69;10,42;;;4,69;3859893533969;Hrana
MJEŠ.SUŠ.VOÆA SPAR VITAL 30 g;377769;SPAR Vital;0,0300;kg;2,99;99,67;;;2,99;9100000005249;Hrana
JAG.SUŠ.SPAR VITAL 30 g;377771;SPAR Vital;0,0300;kg;2,99;99,67;;;2,99;9100000005263;Hrana
SIR LEERDAMMER ORIGINAL140 g;377787;Leerdammer;0,1400;kg;3,49;24,93;;;3,59;8721800401294;Hrana
SIR LEERDAMMER ORIGINAL 250 g;377789;Leerdammer;0,2500;kg;5,19;20,76;;;5,19;8721800082110;Hrana
SALATA COLESLAW SPAR 350 g ;377793;SparBBQ;0,3500;kg;2,59;7,40;;;2,59;9100000007427;Hrana
KRUMPIR SALATA SPAR BBQ 350 g;377796;SparBBQ;0,3500;kg;2,59;7,40;;;2,59;9100000007403;Hrana
ULJE MASL.EKS DJ.MARKO P.0,5 L;377801;;0,5000;L;13,99;27,98;;;13,99;3859888154230;Hrana
KREMA OLIVAL ROUTEEN  50 ml;377802;;0,0500;l;6,90;138,00;;;6,90;3858892694787;Kozmetika
SERUM OLIVAL ROUTEEN 30 ml;377804;Olival;0,0300;kom;8,90;296,67;;;8,90;3858892694770;Kozmetika
KREMA OLIVAL ROUTE.SILKY 50 ml;377805;Olival;0,0500;l;7,90;158,00;;;7,90;3858892694794;Kozmetika
ŠLAG SPREJ SPAR 36% M.M 250 ml;377818;SPAR;0,2500;L;2,49;9,96;;;2,49;9100000011738;Hrana
ŠLAG SPREJ S BU 30%M.M. 250 ml;377819;S-Budget;0,2500;L;2,29;9,16;;;2,29;9100000011769;Hrana
DRESING BALSAMICO 230 ml;377847;;0,2300;L;2,29;9,96;;;2,49;4006824003698;Hrana
JOG. GRÈKI TIP VILIKIS 900 g;377848;;0,9000;kg;3,99;4,43;;;3,79;3850108039184;Hrana
DUOP.LAY´S SLANI I PAP.260 g;377855;Lay's;0,2600;kg;2,99;11,50;;;2,79;3858889367120;Hrana
SLAD.DESERT SL.KARAM.150 g;377856;;0,1500;kg;5,99;39,93;;;5,99;9120070100408;Hrana
SLAD.DESERT JOG.-AMARENA 150 g;377857;;0,1500;kg;5,99;39,93;;;5,99;9120070100422;Hrana
DEO SPR.STR 8 ORIGINAL 150 ml;377874;Str8;0,1500;L;2,99;19,93;;;3,50;5201314153542;Kozmetika
DEO SPR.STR 8 RED CODE 150 ml;377875;Str8;0,1500;l;2,99;19,93;;;3,50;5201314153573;Kozmetika
DEO SPR.STR 8 GAME 150 ml;377876;Str8;0,1500;l;2,99;19,93;;;3,50;5201314170457;Kozmetika
GEL TUŠ.STR8 RED CODE 250 ml;377877;Str8;0,2500;l;2,09;8,36;;;2,09;5201314149903;Kozmetika
GEL TUŠ.STR8 RED GAME  250 ml;377878;Str8;0,2500;l;2,09;8,36;;;2,09;5201314170372;Kozmetika
GEL TUŠ.STR8 ORIGINAL  250 ml;377879;Str8;0,2500;l;2,09;8,36;;;2,09;5201314149880;Kozmetika
LOSION POS.STR8 BRIJAN.R 50 ml;377880;Str8;0,0500;l;5,49;109,80;;;6,49;5201314149811;Kozmetika
LOSION POS.STR8 BRIJAN.G 50 ml;377881;Str8;0,0500;l;;99,80;4,99;5,49;6,49;5201314170358;Kozmetika
LOSION POS.STR8 BRIJAN.O 50 ml;377882;Str8;0,0500;l;5,49;109,80;;;6,49;5201314149767;Kozmetika
TOAST KLARA  AMER.SANDW.750 g;377913;;0,7500;kg;2,99;3,99;;;2,99;3856016906945;Hrana
SIRNI NAMAZ LABNE PRESID.200 g;377941;President;0,2000;kg;2,19;10,95;;;1,89;8692971430942;Hrana
SIRNI NAMAZ LABNE PRESID.100 g;377942;President;0,1000;kg;1,19;11,90;;;0,99;8692971431604;Hrana
JOG.DUKATOS DIVINE ÈOKO.150 g;377950;Dukat;0,1500;kg;;6,60;0,99;1,19;1,19;3850354018391;Hrana
JOG.DUKAT.DIVINE KARAMEL.150 g;377951;Dukat;0,1500;kg;;6,60;0,99;1,19;1,19;3850354018377;Hrana
PUD.PROT.STAY STRO.KAKAO 200 g;377952;Dukat;0,2000;kg;1,55;7,75;;;1,55;3850354018490;Hrana
PUD.PROT.STAY STRO.VANIL.200 g;377955;Dukat;0,2000;kg;1,55;7,75;;;1,55;3850354018551;Hrana
PUD.PROT.STAY STRO.LJEŠ.200 g;377956;Dukat;0,2000;kg;1,55;7,75;;;1,55;3850354018612;Hrana
GEL ZA TUŠ.LACTOVIT LAC.300 ml;377971;Lactovit;0,3000;l;2,69;8,97;;;2,69;8411135008465;Kozmetika
SLAD.QUATTRO LINO LADA 1500 ml;377984;Quattro;1,5000;L;7,49;4,99;;;7,49;3850116064239;Hrana
LOSOS FJK UMAK SENF 110 g ;378005;Franz Jozef Kaiser;55,0000;kg;;0,04;2,31;2,89;2,89;8595241524887;Hrana
LOSOS FJK UMAK RAJÈICA 110 g ;378007;Franz Jozef Kaiser;55,0000;kg;;0,04;2,31;2,89;2,89;8595241524900;Hrana
BOJA SYOSS OLEO CRV.ÐUM.7-77;378015;Syoss;1,0000;kom;6,49;6,49;;;6,79;9000101661187;Kozmetika
BOJA SYOSS OLEO PJE.PLAVA 8-68;378016;Syoss;1,0000;kom;6,49;6,49;;;6,79;9000101705867;Kozmetika
MUESLI HIPP HRSKAVI 200 g;378018;Hipp;0,2000;kg;2,99;14,95;;;2,99;4062300256385;Hrana
MUESLI HIPP BOBIÈ.VOÆE 200 g;378019;Hipp;0,2000;kg;2,99;14,95;;;2,99;4062300378391;Hrana
GEL SYOSS Z. KMAX HOLD  250 ml;378023;Syoss;0,2500;l;5,49;21,96;;;5,69;9000100591058;Kozmetika
VOÆ.PLOÈICA HIPP BAN.JAB.20 g;378025;Hipp;0,0200;kg;,89;44,50;;;0,90;4062300362239;Hrana
VOÆ.PLOÈICA HIPP BAN.JAB.20 g;378026;Hipp;0,0200;kg;,89;44,50;;;0,90;4062300362246;Hrana
VOSAK SYOSS M.HOLD 150 ml;378027;Syoss;0,1500;l;5,49;36,60;;;5,69;9000101681543;Kozmetika
LAK GOT2B ZA KOSU GLUED 300 ml;378029;Got2b;0,3000;l;5,99;19,97;;;6,99;9000101290875;Kozmetika
KUPKA TESORI BYZANTIUM 500 ml;378052;Tesori;0,5000;l;4,29;8,58;;;4,29;8008970040738;Kozmetika
KUPKA TESORI AYUREDA 500 ml;378053;Tesori;0,5000;l;4,29;8,58;;;4,29;8008970043630;Kozmetika
GEL TESORI ZA TUŠ HAMM.250 ml;378055;Tesori;0,2500;l;2,59;10,36;;;2,59;8008970005621;Kozmetika
GEL TESORI ZA TUŠ BYZA.250 ml;378056;Tesori;0,2500;l;2,59;10,36;;;2,59;8008970040745;Kozmetika
GEL TESORI ZA TUŠ AYUR.250 ml;378057;Tesori;0,2500;l;2,59;10,36;;;2,59;8008970043647;Kozmetika
DEO SPR.TESORI HAMMAM 150 ml;378058;Tesori;0,1500;l;3,89;25,93;;;3,89;8008970036908;Kozmetika
DEO SPR.TESORI AYURVE 150 ml;378059;;0,1500;l;3,89;25,93;;;3,89;8008970051062;Kozmetika
OMEKŠ. TESORI BYZ. 760 ml;378061;Tesori;0,7600;l;4,49;5,91;;;4,49;8008970055237;Sredstva za èišæenje
DEO SPR.TESORI IMPER.150 ml;378062;Tesori;0,1500;l;3,89;25,93;;;3,89;8008970036939;Kozmetika
OMEKŠ. TESORI AYURVEDA 760 ml;378063;Tesori;0,7600;L;4,49;5,91;;;4,49;8008970055244;Sredstva za èišæenje
OMEKŠ.TESORI PERSIAN 760 ml;378064;Tesori;0,7600;l;4,49;5,91;;;4,49;8008970055268;Sredstva za èišæenje
OMEK.TESORI HAMMAM 760 ml;378066;Tesori;0,7600;l;4,49;5,91;;;4,49;8008970055213;Sredstva za èišæenje
SERUM GLISS ELIKS.NIGHT 100 ml;378079;Gliss;0,1000;l;4,99;49,90;;;4,99;9000101702224;Kozmetika
KREMA ZIAJA ZA RUKE CER.100 ml;378087;Ziaja;0,1000;L;1,69;16,90;;;1,60;5901887036388;Kozmetika
KREMA ZIAJA ZA RUKE KAŠ.100 ml;378089;Ziaja;0,1000;L;1,69;16,90;;;1,60;5901887036395;Kozmetika
KREMA LICE ZIAJA MASLINA 50 ml;378091;Ziaja;0,0500;L;4,19;83,80;;;4,19;5901887033226;Kozmetika
DN.KREMA LICE ZIAJA MLIJ.50 ml;378093;zhengwei zhang;0,0500;L;5,35;107,00;;;5,35;5901887032212;Kozmetika
NO.KREMA LICE ZIAJA MLIJ.50 ml;378094;Ziaja;0,0500;L;5,35;107,00;;;5,35;5901887032229;Kozmetika
GEL ZIAJA TUŠ. NARANÈA 500 ml;378098;Ziaja;0,5000;L;2,99;5,98;;;2,99;5901887016236;Kozmetika
FLIPS CHEETOS PIZZA 85 g;378103;Cheetos;0,0850;kg;1,69;19,88;;;2,49;5900259130839;Hrana
GEL TUŠ.ZIAJA MLIJEKO 500 ml;378104;Ziaja;0,5000;L;2,99;5,98;;;2,99;5901887007241;Kozmetika
GEL TUŠ.ZIAJA KAKAO 500 ml;378109;Ziaja;0,5000;L;2,99;5,98;;;2,99;5901887008316;Kozmetika
FLIPS CHEETOS KETCHUP 85 g;378110;Cheetos;0,0850;kg;1,69;19,88;;;2,49;5900259353276;Hrana
GEL TUŠ.ZIAJA MASLINA 500 ml;378112;Ziaja;0,5000;L;2,99;5,98;;;2,99;5901887008309;Kozmetika
LOSION ZIAJA KAŠMIR 400 ml;378114;Ziaja;0,4000;L;3,89;9,73;;;4,79;5901887035930;Kozmetika
LOSION ZIAJA MLIJEKO 400 ml;378115;Ziaja;0,4000;L;3,89;9,73;;;4,79;5901887018223;Kozmetika
ROLL ON ZIAJA ELEGANCE 60 ml;378116;Ziaja;0,0600;L;2,49;41,50;;;2,49;5901887028192;Kozmetika
ROLL ON ZIAJA SENSITIVE 60 ml;378117;Ziaja;0,0600;L;2,49;41,50;;;2,49;5901887028208;Kozmetika
ROLL ON ZIAJA ACTIVE 60 ml;378119;Ziaja;0,0600;L;2,49;41,50;;;2,49;5901887010548;Kozmetika
MASKA ZIAJA MLIJEKO 200 ml;378120;Ziaja;0,2000;L;4,19;20,95;;;4,19;5901887035534;Kozmetika
REGENER.ZIAJA MLIJEKO 200 ml;378121;Ziaja;0,2000;L;3,39;16,95;;;3,39;5901887051312;Kozmetika
ŠAMPON ZIAJA MLIEKO 400 ml;378122;Ziaja;0,4000;L;4,89;12,23;;;4,89;5901887035459;Kozmetika
TONIK ZIAJA ACAI BERRY 200 ml;378124;zhengwei zhang;0,2000;L;4,79;23,95;;;4,79;5901887042259;Kozmetika
MICELARNA VODA ZIAJA 390 ml;378125;Ziaja;0,3900;L;5,39;13,82;;;5,39;5901887050018;Kozmetika
RIŽINE PAHULJICE HIPP 200 g;378135;Hipp;0,2000;kg;2,39;11,95;;;2,39;9062300139775;Hrana
KOLAÈ MINI KREMŠNITE 270 g;378136;;0,2700;kg;3,64;13,48;;;3,34;3858889619144;Hrana
KOLAÈ MINI ZAG.KREMŠNITE 300 g;378138;;0,3000;kg;3,84;12,80;;;3,57;3858889619120;Hrana
SRE.PINK STUFF ZA ÈIŠÆE.750 ml;378145;;0,7500;L;2,99;3,99;;;2,99;5060033823682;Sredstva za èišæenje
INST.KAVA NESC.CREM.VREÆ.150 g;378148;Nescafe;0,1500;KG;8,69;57,93;;;7,39;8445291256323;Piæa
SRE.PINK STUFF ZA KUPAO.750 ml;378150;;0,7500;L;2,99;3,99;;;2,99;5060033820117;Sredstva za èišæenje
SRE.PINK STUFF ZA ÈI.3X100 g;378154;;0,3000;KG;6,99;23,30;;;6,99;5060033821664;Sredstva za èišæenje
PASTA PINK STUFF ZA ÈIŠÆ.850 g;378157;;0,8500;KG;4,49;5,28;;;4,49;5060033821114;Sredstva za èišæenje
OMEK.ORNEL GLOW 800 ml;378186;Ornel;0,8000;l;2,19;2,74;;;3,29;3850105186522;Sredstva za èišæenje
KREMA COXIR  CRNI PUŽ OÈ 30 ml;378193;COXIR;0,0300;l;19,99;666,33;;;19,99;8809080826317;Kozmetika
OMEKŠ.ORNEL GLOW 1,6 L;378201;Ornel;1,6000;l;4,99;3,12;;;4,99;3850105186614;Sredstva za èišæenje
DET.NILA MY PINK  2,7 L;378203;Nila;2,7000;l;6,99;2,59;;;4,59;3850105186874;Sredstva za èišæenje
PIÆE GRIN GUAVA 0,5 L;378207;;0,5000;L;2,02;4,04;;;2,02;3858895210267;Piæa
MASKA  ZA LICE MIZON SMOKVA ;378208;Mizon;1,0000;KOM;2,79;2,79;;;2,79;8809663755492;Kozmetika
MASKA  ZA LICE MIZON KAMELIJA ;378209;Mizon;1,0000;KOM;2,79;2,79;;;2,79;8809663755461;Kozmetika
MASKA  ZA LICE MIZON SRCE LI.;378210;Mizon;1,0000;KOM;2,79;2,79;;;2,79;8809663755508;Kozmetika
GIN GORD.PASS.FRU. 0,7 L;378212;;0,7000;L;21,99;31,41;;;21,89;5000289934800;Piæa
WHISKEY SHAN.WHIP 0,7 L;378221;;0,7000;L;;35,70;24,99;27,99;28,02;0810035510104;Piæa
MASKA ZA KOS.CRAZY HAIR 300 ml;378226;;0,3000;L;7,99;26,63;;;7,99;5907775547134;Kozmetika
SERUM CRAZY HAIR ZA KOSU 50 ml;378227;;0,0500;L;6,99;139,80;;;6,99;5907775548063;Kozmetika
SPREJ CRAZY HAIR ZAST.T.100 ml;378228;;0,1000;l;7,99;79,90;;;7,99;5907775548070;Kozmetika
ULJE CRAZY HAIR ZA KOS.100 ml;378229;;0,1000;L;6,99;69,90;;;6,99;5907775546380;Kozmetika
VINO AR.STARLINO ELDEL. 0,75 L;378230;;0,7500;L;;13,32;9,99;15,99;16,02;0810035510852;Piæa
ŠAMP.CRAZY HAIR 300 ml;378231;;0,3000;l;6,99;23,30;;;6,99;5907775546328;Kozmetika
ŠAMP.CRAZY HAIR 300 ml;378232;;0,3000;l;6,99;23,30;;;6,99;5907775546335;Kozmetika
VINO AR.STAR.ROSE 0,75 L;378233;;0,7500;L;;13,32;9,99;15,99;16,02;0810035510043;Piæa
REG.CRAZY HAIR KOKOS 300 ml;378235;;0,3000;L;;11,63;3,49;6,99;6,99;5907775546489;Kozmetika
GIN TON.OL.TO.PI. 0,25 L;378237;;0,2500;L;1,79;7,16;;;1,72;8586019225570;Piæa
REG.CRAZY HAIR  ÈOKOL.250 ml;378239;;0,2500;L;6,99;27,96;;;6,99;5907775546373;Kozmetika
GIN TON.OLD TOW.D 0,25 L;378240;;0,2500;L;1,79;7,16;;;1,72;8586019225563;Piæa
REG.CRAZY HAIR  BANANA 250 ml;378241;;0,2500;L;6,99;27,96;;;6,99;5907775546366;Kozmetika
REG.CRAZY HAIR  BUB.GUM 250 ml;378243;;0,2500;L;6,99;27,96;;;6,99;5907775546359;Kozmetika
PILING CRAZY HAIR ZA KO.100 ml;378244;;0,1000;l;6,99;69,90;;;6,99;5907775546410;Kozmetika
VINO MAG.MALVAZI.BENÈIÆ 0,75 L;378247;;0,7500;L;9,02;12,03;;;9,02;3859888105010;Piæa
VINO MALVAZIJA BENÈIÆ 0,75 L;378248;;0,7500;L;6,99;9,32;;;7,02;3859888105386;Piæa
VINO POL.MUŠKAT BENÈIÆ 0,75 L;378249;;0,7500;L;10,02;13,36;;;9,49;3859889514019;Piæa
VINO TERAN BENÈIÆ 0,75 L;378250;;0,7500;L;8,02;10,69;;;8,02;3859888105218;Piæa
UMAK KUHNE SWEET CHILLI 250 ml;378251;Kühne;0,2500;l;3,29;13,16;;;3,29;40122724;Hrana
SERUM ELSEVE NIGH.100 ml;378259;Elseve;0,1000;l;10,19;101,90;;;9,99;3600524255763;Kozmetika
DJEÈJI ŠAMPON HISKIN 300 ml ;378260;;0,3000;L;8,89;29,63;;;8,89;5905359804901;Kozmetika
DJ.REGENERATOR HISKIN 250 ml ;378261;;0,2500;L;9,49;37,96;;;9,49;5905359804895;Kozmetika
DJ.SPREJ HISKIN 150 ml ;378262;;0,1500;L;8,89;59,27;;;8,89;5905359804888;Kozmetika
TEQUILA DON JULIO BLAN. 0,7 L;378263;;0,7000;L;56,99;81,41;;;62,39;7506064300160;Piæa
DJ.AKTIVATOR HISKIN 150 ml ;378264;;0,1500;L;9,49;63,27;;;9,49;5905359804871;Kozmetika
TEQUILA SIERRA CHILI 0,7 L;378265;;0,7000;L;17,99;25,70;;;19,99;4062400168809;Piæa
DJ.ŠAMPON HISKIN 300 ml ;378266;;0,3000;L;8,89;29,63;;;8,89;5905359804864;Kozmetika
DJ.REGENERATOR HISKIN 250 ml ;378269;;0,2500;L;9,49;37,96;;;9,49;5905359804857;Kozmetika
DJ.REGENERATOR HISKIN 150 ml ;378273;;0,1500;L;8,89;59,27;;;8,89;5905359804840;Kozmetika
RUM OLD PASCAS DARK 0,7 L;378274;;0,7000;L;12,99;18,56;;;12,99;4062400171403;Piæa
DJ.SPREJ HISKIN 150 ml ;378275;;0,1500;L;9,49;63,27;;;9,49;5905359804833;Kozmetika
GEL GARNIER ZA ÈIŠ.LICA 250 ml;378276;Garnier;0,2500;l;7,99;31,96;;;7,99;3600542586030;Kozmetika
GIN HENDRICKS GR.CABARN. 0,7 L;378278;;0,7000;L;44,99;64,27;;;48,02;5010327705910;Piæa
MICELAR. GARNIER VOD.P. 400 ml;378281;Garnier;0,4000;L;7,59;18,98;;;7,59;3600542607599;Kozmetika
GIN FINSBURRY STRAWBERY 0,7 L;378282;;0,7000;L;14,29;20,41;;;13,99;4062400309202;Piæa
INT.SAPUN CHILLY DELICA.250 ml;378290;Chilly;0,2500;L;3,99;15,96;;;4,85;8002410031690;Toaletne potrepštine
INT.SAPUN CHILLY FRESH 300 ml;378292;Chilly;0,3000;L;4,85;16,17;;;4,85;8002410037364;Toaletne potrepštine
ŠAM.OLIVAL PASJI TRN  250ml;378294;Olival;0,2500;L;6,89;27,56;;;6,29;3858892694916;Kozmetika
GRISSINI ŠUNKA-SIR 70 g;378295;;0,0700;kg;0,69;9,86;;;0,62;8606108732434;Hrana
TAB.SOMAT EXCELLENCE 65/1;378299;Somat;65,0000;kom;16,49;0,25;;;19,99;9000101807875;Sredstva za èišæenje
CROISSANT MILKY WAY 4x48 g;378303;;0,1920;kg;;10,36;1,99;2,99;3,49;4101540710605;Hrana
INT.SAPUN XME MENTOL 300 ml;378306;Despar;0,3000;L;1,99;6,63;;;1,99;8001300902409;Toaletne potrepštine
ŠAM.RECEPT CAFFEINE 400 ml;378307;Recept;0,4000;l;5,19;12,98;;;4,69;3838980607868;Kozmetika
INT.SAPUN XME SLJEZ&ALO.300 ml;378309;Despar;0,3000;L;1,99;6,63;;;1,99;8001300902416;Toaletne potrepštine
KAPSULE ARIEL AMETIST 36/1;378311;Ariel;36,0000;kom;;0,36;12,99;18,99;14,99;8700216357128;Sredstva za èišæenje
PILING NAJFINIJI ARGAN 300 ml;378321;;0,3000;kg;7,99;26,63;;;7,99;3859893913389;Kozmetika
ŠAM.HERBAL ESSENCE ARGA.350 ml;378322;Herbal Essences;0,3500;l;4,49;12,83;;;4,99;8700216211345;Kozmetika
ŠAM.HERBAL ESSENCE ROSE 350 ml;378323;Herbal Essences;0,3500;l;4,49;12,83;;;4,99;8700216211277;Kozmetika
ŠAM.HERBAL ESSENCE ORAN.350 ml;378324;Herbal Essences;0,3500;l;4,49;12,83;;;4,99;8700216210713;Kozmetika
ŠAM.HERBAL ESSENCE COCO 350 ml;378325;Herbal Essences;0,3500;l;4,49;12,83;;;4,99;8700216210843;Kozmetika
REG.HERBAL ESSENCE ARG.250 ml;378326;Herbal Essences;0,2500;l;4,49;17,96;;;4,99;8700216211161;Kozmetika
REG.HERBAL ESSENCE ROSE 250 ml;378327;Herbal Essences;0,2500;l;4,49;17,96;;;4,99;8700216211024;Kozmetika
REG.HERBAL ESSENCE ORAN.250 ml;378328;Herbal Essences;0,2500;l;4,49;17,96;;;4,99;8700216210317;Kozmetika
REG.HERBAL ESSENCE COCO 250 ml;378329;Herbal Essences;0,2500;l;4,49;17,96;;;4,99;8700216210393;Kozmetika
MASKA HERBAL ARGAN OIL 300 ml;378330;Herbal Essences;0,3000;l;6,49;21,63;;;6,99;8700216210966;Kozmetika
KRPA VIŠENAMJENSKA,20x4x18cm;378335;;1,0000;kom;1,79;1,79;;;1,79;8009986016045;Proizvodi za kuæanstvo
SORBET MANGO MARAKU.CRO.500 ml;378342;;0,5000;L;8,49;16,98;;;7,99;3859894052308;Hrana
KREM SLA.VAN.BOUR.CROCC.500 ml;378343;;0,5000;L;7,99;15,98;;;7,49;3859894052315;Hrana
TJES.DE CECCO VERMICELLI 500 g;378344;De Cecco;0,5000;kg;3,39;6,78;;;3,39;8001250121707;Hrana
EN.NAP.PRO GAME FOC.MAN.0,33 L;378345;Jamnica;0,3300;L;,99;3,00;;;0,99;3856028500469;Piæa
EN.NAP.PRO GAME STA.VIŠ.0,33 L;378346;Jamnica;0,3300;L;,99;3,00;;;0,99;3856028500438;Piæa
TONIC JAMNICA SENSATION 0,5 L;378347;Jamnica;0,5000;L;1,12;2,24;;;1,12;3875000184367;Piæa
OSV.PIÆE TOCO JAB.RABARB.1,5 L;378348;;1,5000;L;1,69;1,13;;;1,69;3856028501060;Piæa
OSVJ.PIÆE TOCO LIM.KRAST.1,5 L;378349;;1,5000;L;1,69;1,13;;;1,69;3856028501121;Piæa
MED BAGREM OPG KLAIÆ 450 g;378350;;0,4500;kg;8,99;19,98;;;8,99;3859894301017;Hrana
MED BAGREM OPG KLAIÆ 900 g;378352;;0,9000;kg;15,99;17,77;;;15,99;3859894301000;Hrana
MED CVJETNI OPG KLAIÆ 900 g;378353;;0,9000;kg;15,99;17,77;;;15,99;3859894301024;Hrana
MED CVJETNI OPG KLAIÆ 450 g;378359;;0,4500;kg;8,99;19,98;;;8,99;3859894301031;Hrana
TONIC JAMNICA SENSATION 1,5 L;378360;Jamnica;1,5000;L;1,69;1,13;;;1,69;3875000183278;Piæa
OSVJ.PIÆE TOCO LIM.KRAST.0,5 L;378361;;0,5000;L;1,05;2,10;;;1,05;3856028501091;Piæa
OSVJ.PIÆE TOCO JAB.RABAR.0,5 L;378363;;0,5000;L;1,05;2,10;;;1,05;3856028501039;Piæa
TP PALOMA EXCLUSIVE XXL 20/1;378364;Paloma;20,0000;kom;4,49;0,22;;;5,49;3838952034005;Toaletne potrepštine
DŽEM DIDA BOŽA MALINA 240g;378369;Dida Boza;0,2400;kg;4,19;17,46;;;3,69;3859894111180;Hrana
KEKS BISKREM KAKAO 160 g;378384;Biskrem;0,1600;kg;1,99;12,44;;;1,99;5941664006814;Hrana
KREKERI S BUDGET SLANI 350 g;378387;S-Budget;0,3500;kg;1,89;5,40;;;1,89;3831115340906;Hrana
KAPSULE DG.ESPRE.INTENSO 560 g;378419;Nescafe;0,5600;KG;20,99;37,48;;;20,99;8445291433342;Piæa
KAPSULE DOLCE GU.CORTADO 504 g;378422;Nescafe;0,5040;KG;20,99;41,65;;;20,99;8445291433526;Piæa
GEL SOMAT EXC.DUO 2x810 ml;378438;Somat;1,0500;l;16,49;15,70;;;19,99;9000101819342;Sredstva za èišæenje
NJOKI SVJ. REBRASTI SB 500 g;378444;S-Budget;0,5000;kg;1,29;2,58;;;1,19;8033954557070;Hrana
PIVO STAROPRAMEN 6x0,5 L;378445;Staropramen;3,0000;L;7,29;2,43;;;7,29;3850131006153;Piæa
KEKS ZOB.WELLNE.GROŽÐICE 210 g;378447;Bambi;0,2100;kg;1,99;9,48;;;1,99;8600043030532;Hrana
CHANDON GARDEN SPRITZ  0,75 L;378449;;0,7500;L;24,02;32,03;;;24,02;7790975197456;Piæa
VINO MONTE PERD.ROSE 0,75 L;378450;;0,7500;L;7,99;10,65;;;11,02;5604424000933;Piæa
LIKER AVELL.LJEŠ.PREMI. 0,7 L;378451;;0,7000;L;26,02;37,17;;;26,02;3859889132220;Piæa
VINO MALVASIA LINIJA 0,75 L;378453;;0,7500;L;6,52;8,69;;;5,49;3859889132640;Piæa
VINO TERAN ZIGANTE TAR. 0,75 L;378454;;0,7500;L;19,49;25,99;;;19,49;3858891982533;Piæa
VINO SH.ROSE 0,75 L;378455;;0,7500;L;19,99;26,65;;;21,79;3857500066923;Piæa
VINO SH POSH 0,75 L;378456;;0,7500;L;25,19;33,59;;;25,19;3857500066947;Piæa
DET.VESH WHITE 3 kg;378462;Vesh;3,0000;kg;;3,83;11,49;11,99;14,99;3870128037038;Sredstva za èišæenje
ZAÈ.VEGETA FINO MLJEVENA 200g;378479;Podravka;0,2000;kg;1,99;9,95;;;1,99;3856020270544;Hrana
TJES.PODR.MAC´N´CHEESE 160g;378485;Podravka;0,1600;kg;2,49;15,56;;;2,49;3856020269319;Hrana
ŽELIN SUPER DOLCELA 25g;378491;Podravka;0,0250;kg;1,29;51,60;;;1,07;3856020269586;Hrana
NAMAZ VOÆ.SUHA SMOKVA POD.350g;378495;Podravka;0,3500;kg;3,99;11,40;;;3,99;3856020269807;Hrana
DŽEM VIŠ.KUP.JAG.PODRAVKA 330g;378497;Podravka;0,3300;kg;2,89;8,76;;;2,89;3856020270186;Hrana
DŽEM JAGODA POD.SQUEEZE 330g;378498;Podravka;0,3300;kg;2,89;8,76;;;2,89;3856020270155;Hrana
DŽEM MARELICA PODR.SQUEEZ 330g;378499;Podravka;0,3300;kg;2,89;8,76;;;2,89;3856020270124;Hrana
BADEMI SEEBERGER 200 g;378501;Seeberger;0,2000;kg;;23,45;4,69;5,89;5,39;4008258065013;Hrana
ORASI OLJUŠTENI SEEBERGER 200g;378503;Seeburger;0,1500;kg;;30,33;4,55;5,69;5,39;4008258130018;Hrana
CIDER BUZDOVAN CRVE.JAB.0,33 L;378506;;0,3300;L;2,19;6,64;;;2,29;3857500065414;Piæa
CIDER BUZDOVAN SUHA JAB.0,33 L;378508;;0,3300;L;2,19;6,64;;;2,29;3857500065407;Piæa
CIDER BUZDOVAN JAB.BAZG.0,33 L;378510;;0,3300;L;2,19;6,64;;;2,29;3857500065438;Piæa
CIDER BUZDOVAN JABU.ÐUM.0,33 L;378512;;0,3300;L;2,19;6,64;;;2,29;3857500065469;Piæa
GEL MR.MUSCLE ZA ODVODE 500 ML;378515;Mr.Muscle;0,5000;L;4,19;8,38;;;4,19;5000204316155;Sredstva za èišæenje
BADEMI BLANŠIR.SEEBERGER 200 g;378516;Seeberger;0,2000;kg;;29,95;5,99;7,49;6,99;4008258073049;Hrana
PIVO BECK´S 4X0,5 L 3+1 GRATIS;378518;Becks;1,5000;L;5,29;3,53;;;5,07;3850131290125;Piæa
OCAT ACETO BALSAMICO 250 ml;378519;Monari;0,2500;l;7,49;29,96;;;7,99;80674016;Hrana
OCAT ACETO BALSAMICO 250 ml;378535;Monari;0,2500;l;2,49;9,96;;;2,49;8003185006012;Hrana
SLA.MINI QUATTRO PLAZMA 800 ml;378540;Quattro;0,8000;L;4,99;6,24;;;4,99;3850116064383;Hrana
GAZIRA.PIÆE COCA-COLA 6X0,15 L;378543;Coca-Cola;0,9000;L;4,09;4,54;;;4,09;5449000241085;Piæa
ENERGE.PIÆE MONSTER ZERO 0,5 L;378553;Monster;0,5000;L;1,95;3,90;;;1,95;5061013940139;Piæa
ENER.PIÆE MONSTER AUSSIE 0,5 L;378557;Monster;0,5000;L;1,95;3,90;;;1,95;5061013941488;Piæa
PIVO BITBURGER PILS.BEZA.0,5 L;378559;Bitburger;0,5000;L;1,52;3,04;;;1,52;4102430061395;Piæa
PASTA ZA KUH.MAGG.PAD THAI 65g;378564;Maggi;0,0650;kg;1,79;27,54;;;1,59;8445291189409;Hrana
REF.FRESH DAY BOHEMIAN 260 ml;378565;Fresh day;0,2600;L;2,99;11,50;;;2,65;3858893727569;Sredstva za èišæenje
REF.FRESH DAY MARINE WA.260 ml;378567;Fresh day;0,2600;L;2,99;11,50;;;2,65;3858893727583;Sredstva za èišæenje
UMAK MAGGI TIKKA MASALA 65 g;378568;Maggi;0,0650;kg;1,79;27,54;;;1,59;8445291189836;Hrana
REF.FRESH DAY SWEET FLO.260 ml;378570;Fresh day;0,2600;L;2,99;11,50;;;2,65;3858893727590;Sredstva za èišæenje
UMAK MAGGI TERIYAKI 65 g;378572;Maggi;0,0650;kg;1,59;24,46;;;1,59;8445291189850;Hrana
REF.FRESH DAY SPRING BL.260 ml;378573;Fresh day;0,2600;L;2,99;11,50;;;2,65;3858893727606;Sredstva za èišæenje
CROISSANTS MARS 4x48 g;378574;;0,1920;kg;;10,36;1,99;2,99;3,49;4101540710612;Hrana
UMAK MAG.EXTRA HOT CHILLI 361g;378576;Maggi;0,3610;kg;3,19;8,84;;;3,59;8445291218260;Hrana
UMAK MAG.HOT SWEET CHILLI 362g;378578;Maggi;0,3620;kg;3,19;8,81;;;3,59;8445291218710;Hrana
UMAK MAGGI TERIYAKI 183 ml;378579;Maggi;0,1830;l;3,59;19,62;;;3,59;8445291156647;Hrana
UMAK MAGGI FRIED NOODLES 190ml;378582;;0,1900;l;3,99;21,00;;;3,59;8445291156586;Hrana
UMAK MAGGI SWEER CHILLI 191ml;378584;Maggi;0,1910;l;3,99;20,89;;;3,59;8445291156678;Hrana
SLAD.KING MAJESTIC LEDO 450 ml;378591;King;0,4500;L;6,99;15,53;;;6,99;3850116064505;Hrana
SLA.KING OBSESSION LEDO 450 ml;378592;King;0,4500;L;7,99;17,76;;;6,99;3850116064475;Hrana
SLAD.KING SUPREME LEDO 450 ml;378593;King;0,4500;L;7,99;17,76;;;6,99;3850116064444;Hrana
PJENA ERDAL ZA ÈIŠÆENJE.150 ml;378596;Erdal;0,1500;L;5,75;38,33;;;5,75;9001531964879;Proizvodi za kuæanstvo
KOREK.ERDAL ZA BIJELU BO.75 ml;378597;Erdal;0,0750;L;3,15;42,00;;;3,15;4001499197659;Proizvodi za kuæanstvo
ZAÈ.KORIJANDER MLJ.KOTANYI 20g;378598;Kotanyi;0,0200;kg;1,79;89,50;;;1,49;9001414137260;Hrana
ZAÈIN GARAM MASALA.KOTANYI 20g;378601;Kotanyi;0,0200;kg;1,79;89,50;;;1,49;9001414535523;Hrana
ZAÈIN KUMIN MLJEV.KOTANYI 15g;378603;Kotanyi;0,0150;kg;1,79;119,33;;;1,49;9001414135532;Hrana
ZAÈIN PAPAR ŠARENI KOTANYI 50g;378605;Kotanyi;0,0500;kg;2,39;47,80;;;1,99;9001414007358;Hrana
ZAÈ.CEJLON.CIMET KOTA.BIO 20 g;378613;Kotanyi;0,0200;kg;1,99;99,50;;;1,99;9001414019139;Hrana
ZAÈIN ÐUMBIR KOTANYI BIO 20 g;378614;Kotanyi;0,0200;kg;1,99;99,50;;;1,99;9001414019122;Hrana
ZAÈIN KURKUMA KOTANYI BIO 20 g;378615;Kotanyi;0,0200;kg;1,99;99,50;;;1,99;9001414019115;Hrana
ZAÈ.ÈEŠNJAK GRAN.KOTA.BIO 20 g;378616;Kotanyi;0,0200;kg;1,99;99,50;;;1,99;9001414019078;Hrana
ZAÈIN ORIGANO KOTANYI BIO 9 g;378618;Kotanyi;0,0090;kg;1,49;165,56;;;1,49;9001414004944;Hrana
KEKS ZOB.WELLNESS NAR.155 g;378624;Bambi;0,1550;kg;1,99;12,84;;;2,29;8600043034493;Hrana
KEKS ZOB.WELLNESS ÈOKO.210 g;378625;Bambi;0,2100;kg;1,99;9,48;;;1,99;8600043030549;Hrana
VERMOUTH MARTINI FIERO 1 L;378630;;1,0000;L;17,49;17,49;;;16,02;7630040409155;Piæa
PROTEIN PROT.SI VANIL.400 g;378632;PROTEINI SI;0,4000;kg;17,59;43,98;;;15,69;3830081425372;Hrana
PROT.PROT.SI COOK.&CREAM 400 g;378635;PROTEINI SI;0,4000;kg;17,59;43,98;;;15,69;3830081425341;Hrana
KIKIRIKI CHIO PRŽENI 250 g;378637;Chio;0,2500;kg;2,49;9,96;;;2,29;3856021306198;Hrana
PLOÈICA PROT.PROTEINI.SI 50 g;378640;PROTEINI SI;0,0500;kg;1,69;33,80;;;1,69;3830081429837;Hrana
PLOÈICA PROT.PROTEINI.SI 50 g;378642;Proteini.si;0,0500;kg;1,69;33,80;;;1,69;3830081429820;Hrana
KIKIRIKI CHIO NESLANI 125 g;378644;Chio;0,1250;kg;1,79;14,32;;;1,59;3856021306174;Hrana
PLOÈICA PROT.PROTEINI.SI 55 g;378645;Proteini.si;0,0550;kg;1,69;30,73;;;1,69;3830059011354;Hrana
PLOÈICA PROT.PROTEINI.SI 55 g;378646;Proteini.si;0,0550;kg;1,69;30,73;;;1,69;3830059011330;Hrana
PLOÈICA PROT.PROTEINI.SI 55 g;378648;Proteini.si;0,0550;kg;1,69;30,73;;;1,69;3830059011316;Hrana
KIKIR.MASLAC PROTEINI.SI 1 kg;378656;;1,0000;kg;10,99;10,99;;;10,99;3830084723987;Hrana
ORBIT BLUEBERRY BOÈICA 64 g;378663;Wrigley;0,0640;kg;3,69;57,66;;;3,69;4009900538008;Hrana
ŽV.AIRW.BLACKCURRANT BOÈ.64 g;378665;Wrigley;0,0640;kg;3,69;57,66;;;3,69;4009900550499;Hrana
RAKIJA WILLIAMS ZADAR 0,7 L;378667;Maraska;0,7000;l;20,02;28,60;;;20,02;3850158202156;Piæa
ŽVA.AIR.EXTREME BOÈICA 64 g;378668;Wrigley;0,0640;kg;3,69;57,66;;;3,69;4009900550208;Hrana
ŽVA.AIRW.BLACKMINT BOÈICA 64 g;378673;Wrigley;0,0640;kg;3,69;57,66;;;3,69;4009900550178;Hrana
ŽVAKE ORBIT SWEETMINT BOÈ.64 g;378676;Wrigley;0,0640;kg;3,69;57,66;;;3,69;4009900549981;Hrana
ŽVAKE ORB.WHIT.FRE.BOÈ.64 g;378680;Wrigley;0,0640;kg;3,69;57,66;;;3,69;4009900538237;Hrana
ORBIT PEPERMINT BOÈICA 64 g;378682;Wrigley;0,0640;kg;3,69;57,66;;;3,69;4009900550215;Hrana
ŽVAKE ORBIT SPEARMINT BOÈ.64 g;378683;Wrigley;0,0640;kg;3,69;57,66;;;3,69;4009900537506;Hrana
ŽVAKE ORBIT BUBBLEMINT 64 g;378684;Wrigley;0,0640;kg;3,69;57,66;;;3,69;4009900537445;Hrana
ENERGE.PIÆE BLUE HEAVEN 0,25 L;378688;;0,2500;L;,82;3,28;;;0,82;3857500144003;Piæa
VREÆE ZA SMEÆE,35 L,15/1, FINO;378689;;15,0000;kom;3,59;0,24;;;3,59;5201314154303;Proizvodi za kuæanstvo
BEZAL.KOKT.BLACK RO.G&T 0,25 L;378690;;0,2500;L;1,45;5,80;;;1,52;5304000311438;Piæa
BEZA.KO.BLACK RO.IT.SPR.0,25 L;378691;;0,2500;L;1,45;5,80;;;1,52;5304000311469;Piæa
VREÆE ZA SMEÆE,60 L,10/1, FINO;378693;;10,0000;kom;3,59;0,36;;;3,59;5201314154327;Proizvodi za kuæanstvo
BEZAL.KOKT.BLACK RO.ICE 0,25 L;378694;;0,2500;L;1,45;5,80;;;1,52;5304000311452;Piæa
KAVA ALPRO SOJA KARAMEL 250 ml;378695;Alpro;0,2500;L;2,19;8,76;;;2,19;5411188138839;Hrana
BEZAL.KOK.BLACK WSKY.CO.0,25 L;378696;;0,2500;L;1,45;5,80;;;1,52;5304000311445;Piæa
HRANA ZA PSE S-B PERAD 300 g;378697;S-Budget;0,3000;kg;0,79;2,63;;;0,99;9100000020624;Proizvodi za kuæanstvo
SOK RAUCH CULIN.LIMUN 100% 1 L;378698;Rauch;1,0000;L;3,99;3,99;;;3,99;9008700231299;Piæa
VREÆE ZA SMEÆE,160L, 10/1;378699;;10,0000;kom;6,39;0,64;;;6,39;5201314932048;Proizvodi za kuæanstvo
KAVA ALPRO BADEM 250 ml;378700;Alpro;0,2570;l;2,19;8,52;;;2,19;5411188138853;Hrana
HRANA ZA PSE S-B GOVED.300 g;378701;S-Budget;0,3000;kg;0,79;2,63;;;0,99;9100000020662;Proizvodi za kuæanstvo
HRANA ZA MAÈKE S-B GOV.100 g;378703;S-Budget;0,1000;kg;0,39;3,90;;;0,49;9100000020570;Proizvodi za kuæanstvo
HRANA ZA MAÈKE S-B PERAD 100 g;378704;S-Budget;0,1000;kg;0,39;3,90;;;0,49;9100000020471;Proizvodi za kuæanstvo
VREÆE ZA SMEÆE,10L,50/1,U BOJI;378707;;50,0000;kom;1,79;0,04;;;1,79;5201314413943;Proizvodi za kuæanstvo
NAPOLITANKE LJEŠ.KOEST.370 g;378728;Koestlin;0,3700;kg;2,09;5,65;;;3,09;3856014114687;Hrana
KAVA FRANCK CREMA ŠEÆER 9 g;378743;Franck;0,0090;KG;0,45;50,00;;;0,39;3850291054117;Piæa
KAVA FRANCK CREMA MLIJ.ŠEÆ.9 g;378746;Franck;0,0090;KG;0,45;50,00;;;0,39;3850291054100;Piæa
INSTANT KAVA ANAMAR.CLAS.200 g;378747;Anamarija;0,2000;KG;7,49;37,45;;;7,49;3858881776005;Piæa
KEKS BAIOCCHI MULINO BIA.260 g;378750;Mulino Bianco;0,2600;kg;2,09;8,04;;;2,99;8076809573252;Hrana
KEKS BAIOCCHI MB.PIST.168 g;378755;Mulino Bianco;0,1680;kg;2,09;12,44;;;2,99;8076809581318;Hrana
PELINKOVAC TONIC PETE 0,33 L;378756;Maraska;0,3300;L;2,29;6,94;;;2,02;3850158510305;Piæa
ÈAJ YOGI DETOX ORGANIC 30,6 g;378761;Yogi;0,0306;KG;3,69;120,59;;;3,69;4012824402492;Piæa
ÈAJ YOGI IMMUNE SUPPORT 34 g;378765;Yogi;0,0340;KG;3,69;108,53;;;3,69;4012824403222;Piæa
ÈAJ YOGI WOMEN´S BLANCE 30,6 g;378767;Yogi;0,0306;KG;3,69;120,59;;;3,69;4012824401631;Piæa
ÈAJ YOGI BEDTIME 30,6 g;378768;Yogi;0,0306;KG;3,69;120,59;;;3,69;4012824402485;Piæa
TEQUILA AGAVI.GOLD 0,7 L;378769;;0,7000;L;12,49;17,84;;;12,49;3263285153909;Piæa
TEQUILA AGAVITA BLANCO 0,7 L;378771;Les Grand Chais de France;0,7000;L;12,49;17,84;;;12,49;3263285152896;Piæa
ÈAJ YOGI GINGER LEMON 30,6 g;378802;Yogi;0,0306;KG;3,69;120,59;;;3,69;4012824401341;Piæa
ÈAJ YOGI CLASSIC ORGANI.37,4 g;378806;Yogi;0,0374;KG;3,69;98,66;;;3,69;4012824400054;Piæa
MICEL.NIVEA MARAMICE 3U1 25/1;378816;Nivea;25,0000;kom;3,99;0,16;;;4,99;9005800339955;Kozmetika
GEL TUŠ.NIVEA MEN DE.SP 500 ml;378818;Nivea;0,5000;l;;7,58;3,79;4,79;5,99;9005800379401;Kozmetika
DES.SIR S JAG.PAW PATROL 80 g;378894;;0,0800;kg;0,69;8,63;;;0,69;8595588200833;Hrana
ZUB.PASTA LACALUT AC.PLU 75 ml;378901;Lacalut;0,0750;L;4,99;66,53;;;4,99;4016369542460;Kozmetika
ZUB.PASTA LACALUT WH.PRE 75 ml;378902;Lacalut;0,0750;L;5,09;67,87;;;5,09;4016369546154;Kozmetika
LIKER PELIN.MADRE BAD. 0,7 L;378905;;0,7000;L;24,02;34,31;;;22,59;3858894970063;Piæa
IZBJELJ.AFRODITA E.WHITE 50 ml;378911;Afrodita;0,0500;l;5,99;119,80;;;5,99;3830001293579;Kozmetika
KREKERI MCVITIES VRHNJE 110 g;378939;Mc Vitie's;0,1100;kg;1,95;17,73;;;1,99;5000396053388;Hrana
KREKERI MCVITIES CHILLI 110 g;378942;Mc Vitie's;0,1100;kg;1,95;17,73;;;1,99;5000396053340;Hrana
KEKS ZOB.BOOM BOX BAN.KAK.50 g;378944;Boom Box;0,0500;kg;1,29;25,80;;;1,03;3856027801475;Hrana
KEKS ZOB.BOOM BOX ŠUM.VOÆ.50 g;378945;Boom Box;0,0500;kg;1,29;25,80;;;1,03;3856027801451;Hrana
KEKS ZOB.B.B.BITES.JAG.20 g;378948;Boom Box;0,0200;kg;0,59;29,50;;;0,49;3856027801215;Hrana
KEKS ZOB.B.B.BITES.ÈOK.20 g;378949;Boom Box;0,0200;kg;0,59;29,50;;;0,49;3856027801246;Hrana
SLAD.WAVES JAG.S-BUD.5x57 ml;378962;S-Budget;0,2850;L;2,59;9,09;;;2,59;9100000020822;Hrana
SLAD.WAVES VANIL.S-BUD.5x57 ml;378963;S-Budget;0,2850;L;2,59;9,09;;;2,59;9100000020808;Hrana
KREMA NIVEA  ZA TI.REPA.400 ml;378985;Nivea;0,4000;l;10,99;27,48;;;10,99;9005800380551;Kozmetika
ÈOK.JIMMY F.CHO.LJEŠNJAK 80 g;379004;Jimmy Fantastic;0,8000;kg;1,55;1,94;;;1,55;8600939346716;Hrana
KEKSI JIMMY ÈOKOLADA 32 g;379020;Jimmy Fantastic;0,0320;kg;0,59;18,44;;;0,59;8600939843529;Hrana
ÈETK.ZA ZUBE SENSODYNE COMPLET;379021;Sensodyne;1,0000;kom;6,39;6,39;;;4,79;3830029294749;Kozmetika
ÈETK.ZUB.PARODONTAX 3/1 CLEAN ;379024;Parodontax;3,0000;kom;;3,03;9,09;11,39;10,59;5054563049889;Kozmetika
ÈOK.MILKA MLIJEÈ.KREMA 100 g;379025;Milka;0,1000;kg;;14,90;1,49;2,49;2,49;7622300041496;Hrana
ÈETK.ZUB.PARODONTAX COMPL.1/1 ;379029;Parodontax;1,0000;kom;;5,09;5,09;6,39;5,99;5054563115034;Kozmetika
ÈOK.MILKA JOGURT 100 g;379031;Milka;0,1000;kg;;14,90;1,49;2,49;2,49;7622202226885;Hrana
PRAL.MILKA FAVOURITES 95 g;379039;Milka;0,0950;kg;3,99;42,00;;;2,99;7622201390341;Hrana
BOJA COLOR NATURALS ZA KO.6.41;379048;Garnier;1,0000;kom;4,99;4,99;;;4,99;3600542617284;Kozmetika
BOJA COLOR NATURALS ZA KO.7.40;379051;Garnier;1,0000;kom;4,99;4,99;;;4,99;3600542617307;Kozmetika
BOJA COLOR NATURALS ZA KO.5.25;379053;Garnier;1,0000;kom;4,99;4,99;;;4,99;3600542617260;Kozmetika
BOJA COLOR NATURALS ZA KO.4.5;379055;Garnier;1,0000;kom;4,99;4,99;;;4,99;3600542617246;Kozmetika
BOJA COLOR NATURALS ZA KO.9.N;379056;Garnier;1,0000;kom;4,99;4,99;;;4,99;3600542617321;Kozmetika
BOJA COLOR NATURALS ZA KO.4.15;379057;Garnier;1,0000;kom;4,99;4,99;;;4,99;3600542617222;Kozmetika
BOJA COLOR NATURALS ZA KO.7.3;379058;Garnier;1,0000;kom;4,99;4,99;;;4,99;3600542617192;Kozmetika
ŠAMP.ELSEVE HYALURON PU.400 ml;379067;Elseve;0,4000;L;5,89;14,73;;;5,89;3600524135041;Kozmetika
ŠAMP.ELSEVE HYALURON PU.250 ml;379068;Elseve;0,2500;l;4,49;17,96;;;4,39;3600524135232;Kozmetika
REG.ELSEV.HYALURON  200 ml;379070;Elseve;0,2000;l;4,49;22,45;;;4,39;3600524164423;Kozmetika
SERUM ELSEVE HYALUR.PURE102 ml;379071;Elseve;0,1020;l;8,49;83,24;;;8,49;3600524149659;Kozmetika
GEL ZA TUŠ.DOVE HYDRATE 450 ml;379074;Dove;0,4500;L;5,99;13,31;;;5,99;8720181466502;Kozmetika
GEL ZA TUŠ.DOVE PETAL 450 ml;379076;Dove;0,4500;L;5,99;13,31;;;5,99;8720181471599;Kozmetika
KEKS MILKA CHOCO BISCUIT.150 g;379097;Milka;0,1500;kg;3,39;22,60;;;3,39;7622300590970;Hrana
BOMBONI NESTLE SMAR.WHITE 34 g;379100;Smarties;0,0340;kg;1,25;36,76;;;1,39;3800020432976;Hrana
UMAK SMOKY BBQ DOY.THOMY 220 g;379101;Thomy;0,2200;kg;3,19;14,50;;;3,19;8445291266292;Hrana
JOGURT STAY STRONG 200 g;379113;Dukat;0,2000;kg;1,29;6,45;;;1,29;5941355017044;Hrana
OME.DUEL SOFT LOTUS 2,45 L;379127;Duel;2,4500;L;6,99;2,85;;;5,99;8606015846903;Sredstva za èišæenje
SIR DIMEK VINDIJA 200 g;379128;Vindija;0,2000;kg;2,99;14,95;;;3,79;3850108057973;Hrana
SIR GAUDA VINDIJA 200 g;379129;Vindija;0,2000;kg;2,99;14,95;;;3,39;3850108057980;Hrana
SIR TILZIT VINDIJA 200 g;379130;Vindija;0,2000;kg;2,99;14,95;;;3,39;3850108057997;Hrana
SIR CHEDDAR VINDIJA 200 g;379131;Vindija;0,2000;kg;2,99;14,95;;;3,79;3850108057959;Hrana
SIR EMMENTALER VINDIJA 300 g;379132;Vindija;0,3000;kg;5,49;18,30;;;5,29;3850108057966;Hrana
SIR EMMENTALER VINDIJA 150 g;379133;Vindija;0,1500;kg;2,99;19,93;;;2,99;3850108057928;Hrana
SIR CHEDDAR VINDIJA MAP 150 g;379134;Vindija;0,1500;kg;2,99;19,93;;;2,99;3850108057911;Hrana
OMEK.ORNEL ALLURE 800 ml;379136;Ornel;800,0000;ml;2,19;0,00;;;2,60;3850105186553;Sredstva za èišæenje
OME.ORNEL ALLURE 1,6 L;379140;Ornel;1,6000;l;3,99;2,49;;;3,99;3850105186645;Sredstva za èišæenje
VEG.CORDON B.SPAR VEGGIE 330 g;379144;SPAR Veggie;0,3300;kg;4,99;15,12;;;4,99;9100000013732;Hrana
MAYOKETCHUP HEINZ 415 ml;379145;Heinz;0,4150;L;;7,69;3,19;3,99;3,99;5900783009908;Hrana
HRENOVKE FRANKFURTER 480 g;379153;Greisinger;0,4800;kg;4,99;10,40;;;4,99;9003903421065;Hrana
ZUB.PA.BIOREPAIR 2X75 ml;379154;BIOREPAIR;0,1500;l;5,89;39,27;;;5,89;8017331088906;Kozmetika
HRENOVKE OMOTANE SLAN. 300 g;379158;Greisinger;0,3000;kg;2,99;9,97;;;2,99;9003903496827;Hrana
KAŠ.HIPP JAB.BRES.GRIZ 190 g;379161;Hipp;0,1900;kg;1,69;8,89;;;1,69;9062300132967;Hrana
MINI HREN. OMOTANE SLAN. 250 g;379163;Greisinger;0,3000;kg;3,49;11,63;;;3,49;9003903496902;Hrana
BIJELA KOBASICA 300 g;379164;Greisinger;0,3000;kg;3,49;11,63;;;3,49;9003903496797;Hrana
KOBASICA BIJELA ZA KUH. 360 g;379165;Greisinger;0,3600;kg;3,69;10,25;;;3,69;9003903496483;Hrana
Orada 600-800 g;379227;;1,0000;kg;10,99;10,99;;;12,99;;Hrana
NOÆNA KREMA ZA LICE MIXA 50 ml;379243;MIXA;0,0500;l;8,99;179,80;;;8,99;3600550950694;Kozmetika
TAB.FINISH QUANTUM LEMON 36/1;379304;Finish;36,0000;kom;12,99;0,36;;;12,99;5999109581532;Sredstva za èišæenje
EKO OSV.MELLI AROMATICA 250 ml;379327;MELLI;0,2500;L;5,99;23,96;;;5,99;3857500114570;Sredstva za èišæenje
SERUM MIXA HYALUROGEL 30 ml;379353;MIXA;0,0300;L;11,99;399,67;;;11,99;3600551049861;Kozmetika
INS.KAVA JACOBS CRONAT 3x100 g;379356;Jacobs;0,3000;KG;14,99;49,97;;;14,99;3858893908395;Piæa
LOSION MIXA ATOPIANCE 400 ml;379374;MIXA;0,4000;L;6,79;16,98;;;6,99;3600551176796;Kozmetika
MIC.VOD.GARNIER CHARCOAL 400ml;379376;Garnier;0,4000;L;7,89;19,73;;;7,59;3600542570275;Kozmetika
SERUM GARNIER VITAMIN C 30 ml;379378;Garnier;0,0300;L;12,99;433,00;;;12,99;3600542541664;Kozmetika
MASKA ZA LICE GARNIER NAR 1kom;379379;Garnier;1,0000;kg;2,99;2,99;;;2,99;3600542385312;Kozmetika
GEL ZA LICE GARNIER ALOE 50 ml;379383;Garnier;0,0500;L;7,99;159,80;;;7,99;3600542456647;Kozmetika
KEKS ZOB.ROW SPIRIT ÈOK.50 g;379387;Row Spirit by Martin Sinkoviæ;0,0500;kg;1,19;23,80;;;1,19;3859894094032;Hrana
GEL ZA TUŠ.DOVE VELVET 450 ml;379389;Dove;0,4500;l;5,99;13,31;;;5,99;8720181468438;Kozmetika
GEL ZA TUŠ.DOVE PETAL 250 ml;379392;Dove;0,2500;l;2,99;11,96;;;2,99;8720181471568;Kozmetika
GEL ZA TUŠ.DOVE VELVET 250 ml;379393;Dove;0,2500;l;2,99;11,96;;;2,99;8720181468513;Kozmetika
KEKS ZOB.ROW SPIRIT BRUS.50 g;379394;Row Spirit by Martin Sinkoviæ;0,0500;kg;1,19;23,80;;;1,19;3859894094056;Hrana
GEL ZA TUŠ.DOVE HYDRATE 250 ml;379395;Dove;0,2500;l;2,99;11,96;;;2,99;8720181466489;Kozmetika
KREKERI ROW SPIRIT RAJÈIC.55 g;379396;Row Spirit by Martin Sinkoviæ;0,0550;kg;1,29;23,45;;;1,29;3859894094070;Hrana
KREKERI ROW SPIRIT SIR 55 g;379398;Row Spirit by Martin Sinkoviæ;0,0550;kg;1,29;23,45;;;1,29;3859894094094;Hrana
KAPSULE DESPAR CAPPUCCIN.168 g;379414;Despar;0,1680;KG;4,49;26,73;;;3,39;8001300502784;Piæa
NJOKI RUMMO OD KRUMPIRA 500 g;379421;;0,5000;kg;2,29;4,58;;;2,99;8008343201179;Hrana
DŽEM S-BUDGET MARELICA 860 g;379429;S-Budget;0,8600;kg;3,49;4,06;;;3,49;3856021226366;Hrana
DŽEM S-BUDGET MIJEŠ.VOÆE 860g;379433;S-Budget;0,8600;kg;3,49;4,06;;;3,49;3856021226380;Hrana
DŽEM S-BUDGET ŠIPAK 860 g;379435;S-Budget;0,8600;kg;3,99;4,64;;;3,99;3856021226403;Hrana
PEKMEZ S-BUDGET ŠLJIVA 860 g;379436;S-Budget;0,8600;kg;3,99;4,64;;;3,99;3856021226427;Hrana
ULO.PAMINA ZA INKONTINENC.16/1;379510;Pamina;16,0000;kom;2,65;0,17;;;2,65;9100000983059;Toaletne potrepštine
FILET.INÆUNA U ULJU PREM.70 g;379518;SPAR Premium;0,0380;kg;3,79;99,74;;;3,79;8001300621720;Hrana
FIL.INÆUN.S PERŠ. PREMIUM 70 g;379521;SPAR Premium;0,0380;kg;3,79;99,74;;;3,79;8001300621744;Hrana
FIL.INÆUNA S CHILLY PREMI.70 g;379533;SPAR Premium;0,0380;kg;3,79;99,74;;;3,79;8001300621737;Hrana
GRANOLA ÈOKO.NAR.BOOM BOX 60 g;379553;Atlantic Trade;0,0600;kg;1,09;18,17;;;0,99;3856027801154;Hrana
ZOB.KAŠA BRUSNICA CHIA B.B.60g;379561;;0,0600;kg;0,99;16,50;;;0,99;3856027801123;Hrana
GRANOLA ÈOK.NAR.BOOM BOX 300 g;379574;Atlantic Trade;0,3000;kg;3,99;13,30;;;3,59;3856027801185;Hrana
CVIJET SOLI ÈILI KUTI.BIO 125g;379593;;0,1250;kg;7,99;63,92;;;7,99;3858892061947;Hrana
CVIJET SOL.ZELEN.PAP.BIO 125 g;379595;;0,1250;kg;7,99;63,92;;;7,99;3858892062081;Hrana
CVIJET SOLI VREÆICA BIO 100 g;379597;;0,1000;kg;4,99;49,90;;;4,99;3859888595156;Hrana
DŽEM ŠINJORINA MANDARINA 180 g;379601;;0,1800;kg;5,49;30,50;;;4,99;3859892178055;Hrana
DŽEM ŠINJORINA SMOKVA 200g;379602;;0,2000;kg;5,49;27,45;;;4,99;3859892178017;Hrana
SIR TARTUFIN SIRANA MIH 200 g;379622;;0,2000;kg;9,99;49,95;;;8,99;3859893853494;Hrana
GEL.SOMAT EXCELLENCE 680 ml ;379670;Somat;0,6800;l;;13,22;8,99;12,99;12,99;9000101818147;Sredstva za èišæenje
TAB.SOMAT EXCELLENCE 30/1;379672;Somat;30,0000;kom;12,99;0,43;;;12,99;9000101808292;Sredstva za èišæenje
TAB.SOMAT ALL IN ONE EXTR.75/1;379673;Somat;75,0000;kom;12,99;0,17;;;12,99;9000101809343;Sredstva za èišæenje
TAB.SOMAT EXCELLENCE 50/1;379674;Somat;50,0000;kom;12,99;0,26;;;12,99;9000101807998;Sredstva za èišæenje
GEL.SOMAT LEMON 1,08 L;379676;Somat;1,0800;l;12,99;12,03;;;12,99;9000101819472;Sredstva za èišæenje
TAB.SOMAT GOLD 60/1;379677;Somat;60,0000;kom;12,99;0,22;;;12,99;9000101808933;Sredstva za èišæenje
TAB.SOMAT EXCELLENCE 42/1;379678;Somat;42,0000;kom;12,99;0,31;;;12,99;9000101809053;Sredstva za èišæenje
GEL.SOMAT GREASE CUTTI.1,37 L;379684;Somat;1,3700;l;14,49;10,58;;;13,99;9000101819502;Sredstva za èišæenje
TAB.SOMAT EXCELLENCE 60/1;379686;Somat;60,0000;kom;14,49;0,24;;;13,99;9000101808087;Sredstva za èišæenje
POK.PAK.SOL.NIN MALI 375 g;379687;;0,3750;kg;14,99;39,97;;;14,99;3858892062302;Hrana
TAB.SOMAT EXCELLENCE 54/1;379688;Somat;54,0000;kom;14,49;0,27;;;13,99;9000101807936;Sredstva za èišæenje
POK.PAK.SOL.NIN VELIKI 390 g;379689;;0,3900;kg;19,99;51,26;;;19,99;3858892062319;Hrana
REF.AIRWICK L&W.2x250 ml;379702;Airwick;0,5000;L;;21,98;10,99;11,99;11,99;5999109544551;Sredstva za èišæenje
NAPITAK VEGGIE BADEM BIO 1 L;379703;SPAR Veggie;1,0000;l;1,99;1,99;;;1,99;9100000005782;Piæa
LIKER ROGAÈ SA CVIJ.SOLI 0,2 L;379707;;0,2000;L;20,02;100,10;;;20,02;3858892061213;Piæa
HRANA ZA MAÈ.SHEBA PILET.85 g;379708;Sheba;0,0850;kg;1,09;12,82;;;1,09;4008429164675;Proizvodi za kuæanstvo
LIKER TERAN.S CVIJ.SOLI 0,2 L ;379710;;1,0000;L;20,02;20,02;;;20,02;3858892061176;Piæa
TUNA SALATA EVA MEXIC.2X160 g;379717;Eva;0,3200;kg;7,89;24,66;;;7,89;3856020269524;Hrana
TUNA SALATA EVA DALMAT.2X160 g;379718;Eva;0,3200;kg;7,89;24,66;;;7,89;3856020269555;Hrana
SRE.SANITAR FLASH POWER 750 ml;379728;Sanitar;0,7500;L;2,45;3,27;;;2,15;3850111505690;Sredstva za èišæenje
VINO FRANKOVIÆ TERAN 0,75 L ;379729;;0,7500;L;20,02;26,69;;;20,02;3857500010315;Piæa
ELE.REFIL 3 VOL AMBI PUR 20 ml;379735;Ambi Pur;1,0000;kom;4,49;4,49;;;4,99;8001841227955;Sredstva za èišæenje
OSVJ.AMBI PUR SPRING A.7,5 ml ;379739;Ambi Pur;1,0000;kom;3,99;3,99;;;4,69;8700216014755;Sredstva za èišæenje
SD SPUŽVICA S.DADDY S PASTOM;379743;;1,0000;kom;;5,59;5,59;7,99;8,49;5060481021852;Proizvodi za kuæanstvo
VINO PATRIS ROSE 0,75 L;379744;;0,7500;L;7,02;9,36;;;6,39;3859892575304;Piæa
DAŠ POPS JAGODA 3x63 ml;379781;;0,1890;L;6,99;36,98;;;6,99;3858894360482;Hrana
ZUBNA PASTA ELMEX. 2x75ml;379782;Elmex;0,1500;l;;39,93;5,99;8,78;8,78;8714789992204;Kozmetika
ZUB.PA.ELMEX CARI.PROTEC.75 ml;379783;Elmex;0,0750;l;4,39;58,53;;;4,39;8718951536289;Kozmetika
ZUB.P.COLGATE AN.TARTAR 75 ml;379786;Colgate;0,1000;l;4,09;40,90;;;3,85;8718951656123;Kozmetika
ÈET. COLGATE TWISTER 4/1;379787;Colgate;4,0000;kom;5,59;1,40;;;5,99;8718951500488;Kozmetika
BEEF RIBS;379788;;1,0000;kg;31,99;31,99;;;24,99;3850139645590;Hrana
PIVO S-BUDGET LAGER 2 L;379789;S-Budget;2,0000;L;1,85;0,93;;;1,89;3856021226748;Piæa
OSVJEŽAVA.PIÆE VINDI ACE 1,5 L;379791;Vindija;1,5000;L;1,78;1,19;;;1,78;3850108072310;Piæa
ÈAJ FRANCK BEESTR.KAM.MAL.50 g;379794;Franck;0,0500;KG;3,29;65,80;;;3,29;3850291055183;Piæa
SLADOLED LOPTICA 140 ml;379799;Leone;0,1400;L;0,79;5,64;;;0,79;3830003460832;Hrana
Srdela golema;379854;;1,0000;kg;3,99;3,99;;;4,29;;Hrana
KREMA BIOBAZA ZA RUKE BO 50 ml;379861;Biobaza;0,0500;l;2,90;58,00;;;2,90;3856020914493;Kozmetika
KREMA BIOBAZA ZA RUKE SI 50 ml;379864;Biobaza;0,0500;l;2,90;58,00;;;2,90;3856020914530;Kozmetika
GEL TUŠ.BIOBAZA SPO.MEN 220 ml;379865;Biobaza;0,2200;L;3,69;16,77;;;3,30;3856020913403;Kozmetika
ROLL ON BIOBAZA SPORTSME.50 ml;379870;Biobaza;0,0500;L;3,99;79,80;;;3,85;3856020913410;Kozmetika
ROLL ON BIOBAZA BOTANIC  50 ml;379871;Biobaza;0,0500;L;;39,80;1,99;3,00;3,85;3856020915056;Kozmetika
SD SPUŽVICA S. DADDY MOMMY CAT;379875;;1,0000;kom;;2,79;2,79;3,99;3,39;5060481024150;Proizvodi za kuæanstvo
BOJA ZA KOSU GARNIER OLIA 7.40;379877;Garnier;1,0000;kom;6,49;6,49;;;7,29;3600542601948;Kozmetika
BOJA ZA KOSU GARNIER OLIA 8.0;379878;Garnier;1,0000;kom;6,49;6,49;;;7,29;3600542601955;Kozmetika
BOJA ZA KOSU GARNIER OLIA 4.0;379879;Garnier;1,0000;kom;6,49;6,49;;;7,29;3600542601849;Kozmetika
BOJA ZA KOSU GARNIER OLIA 4.15;379880;Garnier;1,0000;kom;6,49;6,49;;;7,29;3600542601856;Kozmetika
BOJA ZA KOSU GARNIER OLIA 5.0;379881;Garnier;1,0000;kom;6,49;6,49;;;7,29;3600542601870;Kozmetika
DET.SPLENDID BUN.&FEINE.1,5 L;379882;Splendid;1,5000;L;3,49;2,33;;;3,49;9100000013930;Sredstva za èišæenje
BOJA ZA KOSU GARNIER OLIA 6.0;379883;Garnier;1,0000;kom;6,49;6,49;;;7,29;3600542601887;Kozmetika
DET.SPLENDID BLACK 1,5 L;379885;Splendid;1,5000;L;3,49;2,33;;;3,49;9100000013893;Sredstva za èišæenje
BOJA ZA KOSU GARNIER OLIA 6.3;379886;Garnier;1,0000;kom;6,49;6,49;;;7,29;3600542601894;Kozmetika
SLADOLED VANILIJA S-BUDGET 1 L;379887;S-Budget;1,0000;L;2,49;2,49;;;2,49;9100000032825;Hrana
KAPSULE DOLCE GU.MILANO 99,2 g;379889;Nescafe;0,0992;KG;5,49;55,34;;;6,49;8445290422149;Piæa
KAPSULE DOLCE GUST.ROMA 99,2 g;379892;Nescafe;0,0992;KG;5,49;55,34;;;6,49;8445290422163;Piæa
SLAD.VANIL.JAGODA S-BUDGET 1 L;379898;S-Budget;1,0000;L;2,49;2,49;;;2,49;9100000032801;Hrana
TORTA S OKUSOM SIRA 1kg;379919;;1,0000;kg;12,98;12,98;;;12,99;3870622001245;Hrana
ÈAJNI KOLUT.KOKOS KRAŠ 800 g;379923;Kraš;0,8000;kg;2,99;3,74;;;3,89;3850120700017;Hrana
SD SPUŽVICA SCRUB DADDY LIMUN;379928;;1,0000;kom;;2,79;2,79;3,99;3,39;5060481023054;Proizvodi za kuæanstvo
ZUBNA PASTA ELMEX.SENS. 2x75ml;379939;Elmex;0,1500;l;;39,93;5,99;8,78;8,78;8714789985060;Kozmetika
HURMAŠICE 400 g;379946;;0,4000;kg;3,99;9,98;;;3,99;3870622000477;Hrana
ULJE MASLIN.EXTRA DJEV.0,25 L;379947;;0,2500;L;6,39;25,56;;;6,49;3859888295513;Hrana
ZUB.PASTA LACALUT BL.WHI.75 ml;379952;Lacalut;0,0750;L;5,09;67,87;;;5,09;4016369546215;Kozmetika
DOM.AJVAR MADRE NATURA 550 g;379965;;0,5500;kg;8,99;16,35;;;8,99;3859892918996;Hrana
LJUTENICA MADRE NATURA 550 g;379966;;0,5500;kg;6,99;12,71;;;6,99;3859892918132;Hrana
ZAKUSKA MADRE NATURA 550 g;379967;;0,5500;kg;6,99;12,71;;;6,99;3859892918149;Hrana
PEÈ.PAPRIKA MADRE NATURA 550 g;379968;;0,5500;kg;2,99;5,44;;;2,99;3859892918187;Hrana
FEFER.MADRE NATURA MIX 530 g;379972;;0,2300;kg;2,99;13,00;;;2,99;3859892918170;Hrana
FEFER.MADRE NATURA BLAGI 540 g;379978;;0,2300;kg;2,99;13,00;;;2,99;3859892918163;Hrana
ZOB.KAŠA CHIA KOKOS JAGODA 65g;379985;Row Spirit by Martin Sinkoviæ;0,0650;kg;1,19;18,31;;;1,19;3859894094155;Hrana
ZOB.KAŠA KVIN.JABUKA CIMET 65g;379986;Row Spirit by Martin Sinkoviæ;0,0650;kg;1,19;18,31;;;1,19;3859894094131;Hrana
ZOB.KAŠA KVIN.LJEŠ.ÈOK. 65 g;379987;Row Spirit by Martin Sinkoviæ;0,0650;kg;1,19;18,31;;;1,19;3859894094117;Hrana
ŽITARICE PAW PATROL ÈOKO.300g;379991;;0,3000;kg;2,99;9,97;;;2,99;8023637000245;Hrana
ŽITARICE PRINCIPESSE ÈOKO.300g;379992;;0,3000;kg;2,99;9,97;;;2,99;8023637000252;Hrana
Sir Maasdam cca 400 g kriška ;379999;;1,0000;kg;12,49;12,49;;;12,49;93830019420762;Hrana
LIKER OD LJEŠNJAKA MA 0,7 L;380021;;0,7000;L;29,99;42,84;;;32,99;3858889833076;Piæa
BOMBONI TIC-TAC MINT 54 g;380047;Tic Tac;0,0540;kg;1,95;36,11;;;1,95;8000500166697;Hrana
BOMBONI TIC-TAC NARANÈA 54 g;380048;Tic Tac;0,0540;kg;1,95;36,11;;;1,95;8000500164976;Hrana
KEKS DESP.PREM.CANTUCC.200 g;380051;Despar;0,2000;kg;;9,95;1,99;2,59;2,59;8001300502760;Hrana
ŽVAKE WRIG.ORBIT JAG.14 g;380053;Wrigley;0,0140;kg;,99;70,71;;;0,99;50173464;Hrana
VOÆNO VINO KUPINE 0,75 L;380057;;0,7500;L;6,02;8,03;;;6,02;8600133104211;Piæa
BOMBONI SKITTLES 152 g;380060;Skittles;0,1520;kg;2,49;16,38;;;2,49;4009900513791;Hrana
BOMBONI SKITTLES FRUITS 152 g;380066;Skittles;0,1520;kg;2,49;16,38;;;2,49;4009900482967;Hrana
VOÆNO VINO BOROVNICA 0,75 L;380080;;0,7500;L;6,02;8,03;;;6,02;8600133104235;Piæa
VOÆNO VINO ARONIJE 0,75 L;380081;;0,7500;L;6,02;8,03;;;6,02;8600133104204;Piæa
 DVOPEK CLASSIC 320 g;380082;;0,3200;kg;2,19;6,84;;;2,19;3858881120891;Hrana
DVOPEK INTEGRALNI 320 g;380083;;0,3200;kg;2,19;6,84;;;2,19;3858881120792;Hrana
KOZICE ARG.REP. PREMIUM 300 g;380103;SPAR REMIUM;0,3000;kg;;26,63;7,99;9,99;9,99;8001300674566;Hrana
LOSOS FILET NORV. SPAR 2x125 g;380115;SPAR;0,2500;kg;;23,96;5,99;7,99;7,99;9100000443720;Hrana
VOÆNO VINO MALINE 0,75 L;380118;;0,7500;L;6,02;8,03;;;6,02;8600133104228;Piæa
VINO JP CHENET SAUVIGN. 0,75 L;380119;Les Grand Chais de France;0,7500;L;5,99;7,99;;;5,49;3263286355906;Piæa
S-BUDGET VODKA 0,1 L;380120;S-Budget;0,1000;L;1,29;12,90;;;1,29;3856021227325;Piæa
APEROL 3L;380121;Aperol;3,0000;L;89,99;30,00;;;90,02;8002230340729;Piæa
WHISKY JACK DANIELS 3L;380124;;3,0000;L;120,02;40,01;;;120,02;5099873045114;Piæa
VINO CABERNE.SAUVIGN.MM 0,75 L;380126;;0,7500;L;;5,32;3,99;5,52;5,29;4840049001325;Piæa
VINO SAUVIGNON 0,75 L;380127;;0,7500;L;3,99;5,32;;;5,29;4840049001349;Piæa
VINO CABARNET DEL F. 0,75 L;380129;;0,7500;L;6,02;8,03;;;6,02;4840267009042;Piæa
VINO CHARD.DEL F. 0,75 L;380133;;0,7500;L;6,02;8,03;;;6,02;4840267009035;Piæa
VINO CABERNET SAUV.CRI. 0,75 L;380135;;0,7500;L;7,02;9,36;;;7,02;4840013004079;Piæa
VINO CHARDONN.CRICOVA 0,75 L;380136;;0,7500;L;7,02;9,36;;;7,02;4840013004086;Piæa
CROISSANT NUTELLA 4x85 g;380139;Nutella;0,3400;kg;5,99;17,62;;;5,99;8000500413654;Hrana
PUDING DUKAT LUX VANIL.4X125 g;380156;Dukat;0,5000;kg;2,49;4,98;;;1,99;3850354018315;Hrana
SALVETE GAMING 33x33cm,20/1;380208;;20,0000;kom;2,49;0,12;;;2,49;5201184937723;Proizvodi za kuæanstvo
SALVETE JUNGLE 33x33cm,20/1;380213;;20,0000;kom;2,49;0,12;;;2,49;5201184937822;Proizvodi za kuæanstvo
SALVETE PEPPA PIG 33x33cm,20/1;380229;;20,0000;kom;2,99;0,15;;;2,99;5201184910344;Proizvodi za kuæanstvo
SALVETE STITCH 33x33cm,20/1;380237;;20,0000;kom;2,99;0,15;;;2,99;5201184967966;Proizvodi za kuæanstvo
HRANA ZA PSE FRISK.JUN.4X85 g;380256;Friskies;0,3400;kg;2,59;7,62;;;2,59;8445290752048;Proizvodi za kuæanstvo
HRANA ZA PSE FRISK.JUN.4X85 g;380258;Friskies;0,3400;kg;2,59;7,62;;;2,59;8445290751768;Proizvodi za kuæanstvo
HRANA ZA PSE FRIS.ADULT 4X85 g;380260;Friskies;0,3400;kg;2,59;7,62;;;2,59;8445290751737;Proizvodi za kuæanstvo
HRANA ZA PSE FRIS.ADULT 4X85 g;380262;Friskies;0,3400;kg;2,59;7,62;;;2,59;8445290752017;Proizvodi za kuæanstvo
HRANA ZA PSE FRISKIES JUN.85 g;380264;Friskies;0,0850;kg;0,89;10,47;;;0,89;8445290751096;Proizvodi za kuæanstvo
HRANA ZA PSE FRISK.ADULT 85 g;380266;Friskies;0,0850;kg;0,89;10,47;;;0,89;8445290751065;Proizvodi za kuæanstvo
HRANA ZA PSE FRISK.ADULT 85 g;380268;Friskies;0,0850;kg;0,89;10,47;;;0,89;8445290751034;Proizvodi za kuæanstvo
PIVO STARFU*KER PA.ALE 0,44 L;380290;Ekskluzivno za SPAR;0,4400;L;1,79;4,07;;;1,99;3858893811879;Piæa
PIVO GENIJE SESSION IPA 0,44 L;380291;Ekskluzivno za SPAR;0,4400;L;1,79;4,07;;;1,99;3858893811886;Piæa
PIVO BABAROGA HOPPY LAG.0,44 L;380292;Ekskluzivno za SPAR;0,4400;L;1,79;4,07;;;1,99;3858893811893;Piæa
SIR ZRNATI S BUDG.NATUR 200 g;380296;SPAR;0,2000;kg;1,39;6,95;;;1,39;9100000017860;Hrana
HRANA ZA PSE PED.JUN.PER.500 g;380301;Pedigree;0,5000;kg;3,29;6,58;;;3,29;5998749146408;Proizvodi za kuæanstvo
ŠTRUDLE LASTA SMOKVA 400 g;380418;Lasta;0,4000;kg;2,99;7,48;;;2,99;3870128037908;Hrana
VL.TOA.PAP.ZEWA BADEM 80/1;380424;Zewa;80,0000;KOM;3,29;0,04;;;3,29;7322541475233;Toaletne potrepštine
VL.TOA.PAP.ZEWA BABY 80/1;380425;Zewa;80,0000;;3,29;0,04;;;3,29;7322541394275;Toaletne potrepštine
PECIVO ŽEMLJA S -BUDGET  300 g;380426;S-BUDGET;0,3000;kg;1,39;4,63;;;1,49;3856021227400;Hrana
Pastrva kalifornijska;380437;;1,0000;kg;6,29;6,29;;;5,99;93856024302800;Hrana
GIN BOGOWSKI 0,7 L;380475;;0,7000;L;34,89;49,84;;;34,92;0769503273105;Piæa
SD SET KRPA SCRUB DADDY 2/1;380509;;5,0000;kom;;0,84;4,19;5,99;5,09;5060481023351;Proizvodi za kuæanstvo
TP.LOVELY LOTUS 3SL 10/1;380512;Lovely;10,0000;kom;3,19;0,32;;;2,99;9100000015675;Toaletne potrepštine
TORTILJA FLOUR 30CM 18/1 1,62;380521;;1,0000;kom;6,99;6,99;;;4,99;8437007389432;Hrana
DET.VESH GEL COLOR 1 L ;380522;Vesh;1,0000;L;5,99;5,99;;;7,15;3870128033825;Sredstva za èišæenje
PANIRANI KOLUTIÆI FROZY 400 g;380528;Frozy;0,4000;kg;3,39;8,48;;;3,49;3858891045580;Hrana
OBLICI PAN.RIBLJI FROZY 330 g;380529;Frozy;0,3300;kg;2,99;9,06;;;3,49;3858891045603;Hrana
KAP.PERSIL UNIVERSAL 54/1;380543;Persil;54,0000;kom;;0,24;12,99;14,99;18,99;9000101801323;Sredstva za èišæenje
SLA.CROCCANTINO DESPAR 6x75 ml;380547;Despar;0,4500;L;4,49;9,98;;;4,49;9100000018881;Hrana
BRISURE BIJ.TARTUF ZIGANT.40 g;380557;Zigante Tartufi;0,0400;kg;23,99;599,75;;;21,99;3858891983127;Hrana
KREMA CRN.TARTUF.ZIGANTE 40 g;380558;Zigante;0,0400;kg;14,99;374,75;;;14,99;3858891983165;Hrana
KREMA BIJE.TARTUF.ZIGANTE 40 g;380559;Zigante;0,0400;kg;22,99;574,75;;;22,99;3858891983134;Hrana
BRISURE CRN.TARTUF ZIGANT.40 g;380560;Zigante;0,0400;kg;15,99;399,75;;;16,99;3858891983141;Hrana
CARPAC.CRN.TARTUF.ZIGANTE 40 g;380567;Zigante;0,0400;kg;16,99;424,75;;;15,99;3858891983158;Hrana
ISTARSKI PESTO ZIGANTE130 g;380568;Zigante;0,1300;kg;7,99;61,46;;;7,99;3858891981390;Hrana
GAZIRANO PIÆE 7UP ZERO 0,5 L;380570;7Up;0,5000;L;1,15;2,30;;;1,15;3830065023358;Piæa
GAZIRANO PIÆE 7UP ZERO 2 L;380571;7Up;2,0000;L;;0,93;1,85;1,99;2,05;3830065023396;Piæa
OSVJ.PIÆE VINDI LIMUNADA 1,5 L;380572;Vindija;1,5000;L;1,78;1,19;;;1,78;3850108072365;Piæa
CAPPUCCINO JACOBS MILKA 15,8 g;380573;Jacobs;0,0158;KG;0,79;50,00;;;0,65;8711000680179;Piæa
CAPPUCC.JACOBS ORIGINAL 11,6 g;380574;Jacobs;0,0116;KG;0,79;68,10;;;0,65;8711000493861;Piæa
CAPP.JACOBS VANILIA12 g;380575;Jacobs;0,0120;KG;0,79;65,83;;;0,65;8711000680216;Piæa
CAPP.JACOBS MILKA LJEŠN.16,5 g;380576;Jacobs;0,0165;KG;0,79;47,88;;;0,65;8711000493939;Piæa
TONIC FENTIM.GINGER BEER 0,2 L;380577;Fentimans;0,2000;L;2,38;11,90;;;2,15;5029396000727;Piæa
MAJON.SA TARTUF.ZIGANTE 130 g;380583;Zigante;0,1300;kg;5,49;42,23;;;5,99;3858891982618;Hrana
VINO ERDUT ROSE NL 0,75L;380590;;0,7500;L;7,09;9,45;;;7,99;3859889193450;Piæa
VINO ERDUT GRAŠEVINA NL 0,75 L;380591;;0,7500;L;7,09;9,45;;;7,99;3859889193221;Piæa
GIN TONIC OLD PILOTS 0,25 L ;380592;;0,2500;L;2,49;9,96;;;3,02;3859894018342;Piæa
VODKA SODA OLD PIL. 0,25 L;380593;;0,2500;L;2,29;9,16;;;3,02;3859894018359;Piæa
NAMAZ OD LOSOSA 150 g;380595;;0,1500;kg;4,99;33,27;;;4,99;8055323490597;Hrana
NAMAZ OD TUNE 150 g;380596;;0,1500;kg;4,99;33,27;;;4,99;8055323490580;Hrana
BACARDI CARTA ORO 0,7 L;380598;;0,7000;L;18,49;26,41;;;18,02;5010677028875;Piæa
RAJÈICA SJEC.LA TORRENTE 400 g;380601;;0,4000;kg;1,29;3,23;;;1,29;8000282000707;Hrana
RAJÈICA PELAT LA TORRENTE 400g;380602;;0,4000;kg;1,29;3,23;;;1,29;8000282001117;Hrana
UMAK POMOP. LA TORRENTE 400 g;380604;;0,4000;kg;1,29;3,23;;;1,29;8000282000271;Hrana
RAJÈICA PASIRANA POMOLA 700 g;380605;;0,7000;kg;1,99;2,84;;;1,99;8000282001865;Hrana
RAJÈICA PASIRANA POMOLA 435 g;380606;;0,4350;kg;1,79;4,11;;;1,79;8000282001476;Hrana
KETCHUP HEINZ BLAGI 450 g;380610;Heinz;0,4500;kg;;4,42;1,99;2,51;3,59;8715700421551;Hrana
NAM.VEGGI.ZAÈ.BILJ.ÈEŠNJ.150 g;380626;SPAR Veggie;0,1500;kg;2,29;15,27;;;2,29;9100000027654;Hrana
UMAK J.DANIEL´S ORIG BBQ 553 g;380642;;0,5530;kg;;12,64;6,99;7,99;7,99;0810020931754;Hrana
UMAK J.DANIEL´S MED BBQ 553g;380644;;0,5530;kg;;12,64;6,99;7,99;7,99;0810020931778;Hrana
INST.KAVA NESC.CLAS.155 g 10+2;380650;Nescafe;0,1550;KG;2,99;19,29;;;2,99;8445291261143;Piæa
SENF THOMY AMERICANO TUBA 190g;380655;;0,1900;kg;2,29;12,05;;;2,29;8445290992864;Hrana
SENF ESTRAGON PODRAVKA 310 g;380659;Podravka;0,3100;kg;2,39;7,71;;;2,09;3856020268909;Hrana
Orada L 300-400 g;380665;;1,0000;kg;10,99;10,99;;;6,99;93856024300967;Hrana
BAG.VEGGIE SA ZAÈ.BILJEM 175 g;380700;SPAR Veggie;0,1750;kg;1,29;7,37;;;1,29;9100000007953;Hrana
INST.KAVA ILLY CLASSIC RO.95 g;380703;Illy;0,0950;KG;;84,11;7,99;9,99;9,99;8003753144337;Piæa
INST.KAVA ILLY BOLD ROAST 95 g;380705;Illy;0,0950;KG;;84,11;7,99;9,99;9,99;8003753144313;Piæa
Èajna kobasica Spar;380715;SPAR;1,0000;kg;14,99;14,99;;;14,99;3856021227578;Hrana
TP.PALOMA MAX 4/1;380716;Paloma;4,0000;kom;;0,62;2,49;4,39;4,39;3838952035163;Toaletne potrepštine
Dimljena kuhana šunka Despar;380717;Despar;1,0000;kg;12,99;12,99;;;12,99;1260670000000;Hrana
NAMAZ B.MAMAN LJEŠ.ÈOKOL.360g;380749;;0,3600;kg;5,99;16,64;;;6,99;3608580129615;Hrana
NAMAZ B.MAMAN KIKIRIKI 325 g;380751;;0,3250;kg;4,99;15,35;;;5,49;3608580141082;Hrana
NAMAZ NOCCIOLATA LJEŠ.ÈOK.250g;380752;;0,2500;kg;5,49;21,96;;;5,29;8052575091176;Hrana
NAMAZ NOCCIOLATA LJEŠ.ÈOK.250g;380754;;0,2500;kg;5,49;21,96;;;5,39;8052575091183;Hrana
RIŽA ARBORIO ENCIAN VAK.1 kg;380764;;1,0000;kg;4,99;4,99;;;4,49;3858894620388;Hrana
RIŽA ORIGINARIO ENCIAN 1 kg;380766;;1,0000;kg;4,49;4,49;;;3,99;3858894620401;Hrana
VODKA GREY GOOSE 1,5 L;380775;Grey Goose;1,5000;L;120,02;80,01;;;120,02;5010677850506;Piæa
RUM CAPTAIN MORGAN 1,5 L;380776;Captain Morgan;1,5000;L;40,02;26,68;;;40,02;5000281035338;Piæa
VODKA CRYSTAL HEAD 1,75 L;380777;;1,7500;L;99,99;57,14;;;130,02;0627040411469;Piæa
GIN HENDRICKS 1,75 L;380802;Hendricks;1,7500;L;115,02;65,73;;;115,02;5010327701028;Piæa
LIKER JAGERMEISTER 3 L;380803;;3,0000;L;79,99;26,66;;;74,02;4067700027740;Piæa
TAB.JAR ALL IN ONE LEMON 116/1;380804;Jar;116,0000;kom;29,99;0,26;;;29,99;8700216253482;Sredstva za èišæenje
DET.PERSIL FRESHNESS 6,05 kg;380818;Persil;6,0500;kg;19,99;3,30;;;23,99;9000101806083;Sredstva za èišæenje
RAKIJA AURA BISKA 3 L;380846;;3,0000;L;150,02;50,01;;;150,02;3859893552588;Piæa
LIKER AURA TERANINO 3 L;380848;;3,0000;L;150,02;50,01;;;150,02;3858894950386;Piæa
GIN AURA KARBUN 3 L;380849;;3,0000;L;149,99;50,00;;;190,02;3859893552601;Piæa
S SALVETE CRNA 30/1,33x33cm;380904;SPAR marka kvalitete;1,0000;kom;0,99;0,99;;;1,19;9100000037011;Proizvodi za kuæanstvo
S SALVETE MINT 30/1,33x33cm;380906;SPAR marka kvalitete;1,0000;kom;0,99;0,99;;;1,19;9100000036892;Proizvodi za kuæanstvo
S SALVETE APRIKOT 30/1,33x33cm;380907;SPAR marka kvalitete;1,0000;kom;0,99;0,99;;;1,19;9100000036830;Proizvodi za kuæanstvo
S SALVETE T. ROZA 30/1,33x33cm;380908;SPAR marka kvalitete;1,0000;kom;0,99;0,99;;;1,19;9100000036953;Proizvodi za kuæanstvo
S SALVETE CRNE 50/1,40x40cm;380909;SPAR marka kvalitete;1,0000;kom;2,59;2,59;;;2,69;9100000037035;Proizvodi za kuæanstvo
S SALVETE MINT 50/1,40x40cm;380910;SPAR marka kvalitete;1,0000;kom;2,59;2,59;;;2,69;9100000036915;Proizvodi za kuæanstvo
S SALVETE APRIKOT  50/1,40x40c;380911;SPAR marka kvalitete;1,0000;kom;2,59;2,59;;;2,69;9100000036854;Proizvodi za kuæanstvo
S SALVETE T.ROZA  50/1,40x40cm;380912;SPAR marka kvalitete;1,0000;kom;2,59;2,59;;;2,69;9100000036977;Proizvodi za kuæanstvo
S SALVETE CRNE 50/1,24x24cm;380913;SPAR marka kvalitete;1,0000;kom;1,19;1,19;;;1,29;9100000036991;Proizvodi za kuæanstvo
S SALVETE MINT  50/1,24x24cm;380914;SPAR marka kvalitete;1,0000;kom;1,19;1,19;;;1,29;9100000036878;Proizvodi za kuæanstvo
S SALVETE APRIKOT 50/1,24x24cm;380915;SPAR marka kvalitete;1,0000;kom;1,19;1,19;;;1,29;9100000036816;Proizvodi za kuæanstvo
S SALVETE T.ROZA  50/1,24x24cm;380916;SPAR marka kvalitete;1,0000;kom;1,19;1,19;;;1,29;9100000036939;Proizvodi za kuæanstvo
EDAMAME U MAH.SPAR 300 g ;381054;SPAR;0,3000;kg;2,29;7,63;;;1,79;9100000019581;Hrana
ÈIPS PRINGLES KETCHUP 165 g;381066;Pringles;0,1650;kg;3,49;21,15;;;3,49;5053990121922;Hrana
BRISAÈ PODA SPRAY MOP,TIRKIZ;381093;;1,0000;kom;13,29;13,29;;;13,29;8683143501973;Proizvodi za kuæanstvo
INST.KAVA NESCAF.CLASSIC 155 g;381116;Nescafe;0,1550;KG;2,99;19,29;;;2,99;8445291261044;Piæa
KAVA JULIUS MEIN.ES.MOKA 220 g;381117;JULIUS MEINL;0,2200;KG;7,79;35,41;;;7,19;9000403975456;Piæa
IN.JUHA PODRAVKA CURRY 65g;381192;Podravka;0,0650;kg;1,69;26,00;;;1,69;3856020269944;Hrana
IN.JUHA PODRAVKA PILET.TER.65g;381193;Podravka;0,0650;kg;1,69;26,00;;;1,69;3856020270063;Hrana
IN.JUHA PODRAVKA SP.BEEF 65g;381194;Podravka;0,0650;kg;1,69;26,00;;;1,69;3856020270032;Hrana
JUHA KREM OD RAJ.S-BUDGET 65 g;381196;S-Budget;0,0650;kg;0,64;9,85;;;0,65;3856021226526;Hrana
JUHA KREM OD GLJIVA S-BUDG.65g;381197;S-Budget;0,0650;kg;0,64;9,85;;;0,65;3856021226502;Hrana
JUHA POVRTNA TJ. S-BUDGET 65g;381198;S-Budget;0,0650;kg;0,59;9,08;;;0,59;3856021226489;Hrana
JUHA GOVEÐA TJES. S-BUDGET 65g;381199;S-Budget;0,0650;kg;0,59;9,08;;;0,59;3856021226465;Hrana
JUHA KOKOŠJA TJES. S-BUDG. 65g;381200;S-Budget;0,0650;kg;0,59;9,08;;;0,59;3856021226441;Hrana
GIN&TON.MILLHILL STRA. 0,25 L ;381219;;0,2500;L;2,42;9,68;;;2,42;8594005026155;Piæa
FLIPS STOBI 200 g;381220;Stobi;0,2000;kg;1,99;9,95;;;0,99;5310005021753;Hrana
FLIPS STOBI SPICY 200 g;381221;Stobi;0,2000;kg;1,99;9,95;;;0,99;5310005021777;Hrana
WHISKY CLAN CAMPBELL 0,7 L;381222;;0,7000;L;13,29;18,99;;;14,02;5056772300003;Piæa
RAKIJA TRAVARICA BADEL 0,1 L;381223;;0,1000;L;1,65;16,50;;;1,65;3850112122230;Piæa
RAKIJA ŠLJIVOVICA BADEL 0,1 L;381224;;0,1000;L;1,69;16,90;;;1,69;3850112121301;Piæa
BACARDI CARTA NEGRA 0,7 L;381225;;0,7000;L;18,49;26,41;;;18,02;7610113004814;Piæa
VINO ŠIBENSKI JAKOV 0,75 L;381226;;0,7500;L;12,05;16,07;;;14,99;3859890650638;Piæa
PROSEC.VALDO ROSE 0,75 L;381227;;0,7500;L;;11,99;8,99;14,02;14,02;8002335650068;Piæa
PROSECCO VALDO CUVEE M. 0,75 L;381228;;0,7500;L;;11,99;8,99;12,02;12,02;8002335620061;Piæa
VINO VRH.MERLOT NUIÆ 0,75 L;381229;;0,7500;L;13,02;17,36;;;13,02;3872499000338;Piæa
VINO VR.ŽILAVKA NUIÆ 0,75 L;381230;;0,7500;L;13,02;17,36;;;13,02;3872499000017;Piæa
VINO VR.BLATINA NUIÆ 0,75 L;381231;;0,7500;L;13,02;17,36;;;13,02;3872499000031;Piæa
VINO VR.CAB.SAUVIGN.NUIÆ 0,75L;381232;;0,7500;L;13,02;17,36;;;13,02;3872499000055;Piæa
ZUB.PASTA SENSODYNE CLIN 75 ml;381238;Sensodyne;0,0750;kom;8,49;113,20;;;6,39;5054563207357;Kozmetika
ZUB.PASTA AQUAFRESH INT.W75 ml;381239;Aquafresh;0,0750;kom;3,99;53,20;;;3,89;5054563159250;Kozmetika
VODA ZA USTA PARODONTAX 300 ml;381240;Parodontax;0,3000;l;6,79;22,63;;;7,99;5054563231291;Kozmetika
TUNA FJK SUNCOKR.ULJE 4X80 g;381241;Franz Jozef Kaiser;0,2080;kg;6,49;31,20;;;5,99;8595241527857;Hrana
IZO.NAP.POWERADE MANGO 0,5 L;381254;Powerade;0,5000;L;1,55;3,10;;;1,65;5449000320988;Piæa
BALZAM USNE ISANA 2x4,8g;381303;ISANA;0,0096;kg;1,79;186,46;;;1,79;42453383;Kozmetika
PUD.PROTEIN VANIL.SPAR 200 g;381306;SPAR;0,2000;kg;0,99;4,95;;;0,99;9100000015439;Hrana
PUD.PROTEIN ÈOKOLAD.SPAR 200 g;381307;SPAR;0,2000;kg;0,99;4,95;;;0,99;9100000015415;Hrana
PROT.NAP.ÈOKO.SPAR 330 ml;381308;SPAR;0,3500;kg;1,49;4,26;;;1,52;9100000015477;Hrana
PROT.NAP.VANILIJA SPAR 330 ml;381309;SPAR;0,3500;kg;1,49;4,26;;;1,52;9100000015491;Hrana
ÈIPS OD LEÆE CHIO SLANI 65 g;381370;Chio;0,0650;kg;1,99;30,62;;;1,99;5996253002210;Hrana
BOMB.SKITTLES DESSERT 152 g;381371;Skittles;0,1520;kg;2,49;16,38;;;2,49;4009900544788;Hrana
DIVLJE BOROVNICE SPAR 200 g;381372;SPAR;0,2000;kg;1,99;9,95;;;1,99;9100000031309;Hrana
ADV.KALENDAR AFTER EIGHT 199 g;381387;After Eight ;0,1990;kg;;7,49;1,49;2,99;14,99;8000300423808;Hrana
NAP.MANNER A LA SPEKUL.185 g;381388;Manner;0,1850;kg;1,79;9,68;;;2,29;9015810000646;Hrana
NAP.MANNER JAB.CIM.185 g;381392;;0,1850;KG;1,79;9,68;;;2,29;9015810000608;Hrana
NAP.MANNER KOKOS MAKARON 185 g;381393;Manner;0,1850;KG;1,79;9,68;;;2,29;9015810000622;Hrana
PRALINE MANNER LJEŠNJAK 290 g;381404;Manner;0,2900;KG;;18,93;5,49;5,99;6,99;9000331645773;Hrana
DET.PERSIL UNIVERSAL 2X2,43 L;381406;Persil;4,8600;L;29,99;6,17;;;23,99;9000101824438;Sredstva za èišæenje
DET.PERSIL COLOR 2X2,43 L;381410;Persil;4,8600;l;29,99;6,17;;;23,99;9000101824469;Sredstva za èišæenje
TORTA BISCOTTO 850 g;381440;;0,8500;kg;10,99;12,93;;;10,99;3870622001078;Hrana
KRUTI ŠAMPON BILJARICA LI.50 g;381463;;0,0500;kg;7,99;159,80;;;7,99;3857500147325;Kozmetika
KRUTI ŠAMPON BILJARICA NA.50 g;381466;;0,0500;kg;7,99;159,80;;;7,99;3857500147301;Kozmetika
MLIJEKO UHT 1,5% S BUDGET 1 L;381521;SPAR;1,0000;L;0,95;0,95;;;0,95;9100000988771;Hrana
MLIJEKO UHT 3,5% S BUDGET 1 L;381523;SPAR;1,0000;L;1,09;1,09;;;1,05;9100000988795;Hrana
RIBLJ.BURG.PICC.PANONICA 400 g;381563;;0,4000;kg;7,99;19,98;;;7,99;3859894308009;Hrana
RIBLJ.BURG.AROM.PANONICA 400 g;381564;;0,4000;kg;7,99;19,98;;;7,99;3859894308023;Hrana
RIBLJ.ÆEVAPÈIÆI PANONICA 400 g;381565;;0,4000;kg;7,99;19,98;;;7,99;3859894308047;Hrana
TJESTENINA FUSILLI PIR 400 g;381575;;0,4000;kg;2,99;7,48;;;2,99;3857500150103;Hrana
DŽEM EXTRA DIVLJI ŠIPAK 340 g;381579;;0,3400;kg;5,99;17,62;;;5,99;3857500148407;Hrana
MINI HOT DOG S-BUDGET 1 kg;381614;S-Budget;1,0000;kg;4,49;4,49;;;3,99;3856021227349;Hrana
SRE.SPLENDID ODST.KAMENCA 1 L ;381626;Splendid;1,0000;L;2,65;2,65;;;2,65;9100000022215;Sredstva za èišæenje
ÈOK.KINDER SURPRISE 80g;381627;Kinder;0,0800;kg;4,99;62,38;;;5,59;8000500449394;Hrana
ADV.KALENDAR KINDER 198 g;381628;Kinder;0,1980;kg;;7,53;1,49;2,99;11,69;8000500426791;Hrana
POK.PAKET IDC INST.SCANTE.GOLD;381629;IDC INSTITUTE;1,0000;kom;5,59;5,59;;;7,99;8436616358334;Kozmetika
POK.PAKET ZMILE ADV.KALE;381634;ZMILE;1,0000;kom;9,99;9,99;;;21,99;4038432015053;Kozmetika
P.P.OLD SPICE WHITEW.CHEF;381639;Old Spice;1,0000;kom;7,99;7,99;;;7,99;8700216131704;Kozmetika
MJEŠAVINA INT.PIROV GRIZ 300g;381641;;0,3000;kg;3,99;13,30;;;3,99;3857500150127;Hrana
TJES.PEREC FUSILLI ŠPINAT 400g;381642;;0,4000;kg;2,49;6,23;;;2,49;3859894123336;Hrana
POK.PAK.AXE BLACK TORBICA ECO ;381643;Axe;1,0000;kom;12,59;12,59;;;19,99;8721201969409;Kozmetika
ÈOK.KRAŠ SELEC.BAJADERA 130 g;381645;Bajadera;0,1300;kg;2,79;21,46;;;3,79;3850102013470;Hrana
TJES.PEREC FUSILLI PROT. 400g;381646;;0,4000;kg;2,99;7,48;;;2,99;3859894123374;Hrana
TJ.PEREC FUSILLI TIKVA  400g;381647;;0,4000;kg;2,49;6,23;;;2,49;3859894123350;Hrana
TJ.PEREC FUSILLI BATAT 400g;381649;;0,4000;kg;2,49;6,23;;;2,49;3859894123312;Hrana
ÈOK.KRAŠ SELEC.GRIOTTE 135 g;381651;Griotte;0,1350;kg;2,79;20,67;;;3,79;3850102013494;Hrana
GRANOLA MOR.LAB JAG.VAN. 350 g;381652;;0,3500;kg;6,99;19,97;;;7,99;3859894271044;Hrana
PRALINE KRAŠ BAJADERA 175 g;381653;Bajadera;0,1750;kg;5,99;34,23;;;5,99;3850102009770;Hrana
GRANOLA MORNING LAB NUTS 350g;381655;;0,3500;kg;6,99;19,97;;;7,99;3859894271037;Hrana
GRANOLA MOR.LAB KOKOS 350 g;381656;;0,3500;kg;6,99;19,97;;;7,99;3859894271051;Hrana
GRANOLA MOR.LAB TRO.ÈOKO. 350g;381657;;0,3500;kg;6,99;19,97;;;7,99;3859894271099;Hrana
PAKET KRAŠ SLATKI MIX 373 g;381661;Kraš;0,3730;kg;3,49;9,36;;;5,29;3850102013692;Hrana
BOBICE HASKAPA BIO 300 g;381666;;0,3000;kg;6,99;23,30;;;6,99;3858895370008;Hrana
KEKS SPECULAS XMAS 200 g;381668;Speculaas;0,2000;kg;1,99;9,95;;;2,39;3856014107863;Hrana
DŽEM EX.BABOJELIÆ HAS.BOB.230g;381677;;0,2300;kg;4,49;19,52;;;4,49;3858895370022;Hrana
ÈOKOLADNO JAJE KINER MIX 131 g;381680;Kinder;0,1310;kg;9,99;76,26;;;14,99;8000500372210;Hrana
POK.PAK.NIVEA W.FACE Q10 POWER;381688;Nivea;1,0000;kom;9,99;9,99;;;31,99;9005800382937;Kozmetika
LIZALICA BOŽIÆ MIX 48 g;381695;;0,0480;kg;;18,54;0,89;0,99;1,29;5901986031482;Hrana
ÈIPS DUOPAC.DORITOS 180g;381711;Doritos;0,1800;kg;3,89;21,61;;;3,89;3858889367304;Hrana
ZU.PASTA SIGNAL EX.FRESH 75 ml;381719;Signal;0,0750;l;3,29;43,87;;;3,29;8720181437243;Kozmetika
ÈET.ZUB.SIGNAL SENSISOFT 3/1;381721;Signal;3,0000;kom;6,49;2,16;;;6,49;8720181277184;Kozmetika
SOK HASKAP MATIÈNI BIO 330 ml;381728;;0,3300;l;7,52;22,79;;;7,52;3858895370046;Piæa
PECI.ELEPH.OKUS ROŠTILJA 125 g;381738;Elephant;0,1250;kg;1,99;15,92;;;1,59;5941035012642;Hrana
LIKER ROSSI TERAN.0,5 L + ÈAŠA;381744;;0,5000;L;21,99;43,98;;;22,02;3859894302038;Piæa
LIKER ROSSI PELIN.EP..0,5L + È;381745;;0,5000;L;21,99;43,98;;;22,02;3859894302045;Piæa
ÈOK.FERR.ROCHER BIJELA 90 g ;381765;Ferrero;0,0900;kg;;25,44;2,29;2,89;2,49;8000500359884;Hrana
ÈOK.MERCI DJED BOŽIÆNJAK 120g;381769;Merci;0,1200;kg;;16,58;1,99;2,99;3,49;4014400915198;Hrana
POK.PAKET LA RIVE HEROIC MAN  ;381774;;1,0000;kom;10,14;10,14;;;12,99;5903719641821;Kozmetika
POK.PAKET LA RIVE M.ABSOLUT.SP;381776;La Rive;1,0000;kom;12,99;12,99;;;12,99;5903719642873;Kozmetika
POK.PAKET LA RIVE MISS DREAM  ;381777;;1,0000;kom;10,14;10,14;;;12,99;5903719641685;Kozmetika
POK.PAKET LA RIVE I AM IDEAL  ;381778;;1,0000;kom;12,99;12,99;;;12,99;5903719642859;Kozmetika
POK.PAKET LA RIVE QUEEN OF LIF;381779;La Rive;1,0000;kom;10,14;10,14;;;12,99;5903719641661;Kozmetika
WHIS.CLAN CAM. 0,7 L  + 2 ÈAŠE;381781;;0,7000;L;;19,99;13,99;14,99;15,02;3859894276018;Piæa
MEDENJACI KASTNER 400 g;381783;Kastner;0,4000;kg;6,99;17,48;;;7,29;9001734004013;Hrana
NEKTAR MARASKA MULTIVITAMI.1 L;381786;Maraska;1,0000;L;1,79;1,79;;;1,65;3850158800062;Piæa
POK.PAK.MARTINELIA BALL.BE.SET;381826;MARTINELIA;1,0000;kom;9,49;9,49;;;9,49;8436609398941;Kozmetika
DŽEM MADRE NAT.MARELICA 430 g ;381828;;0,4300;kg;3,99;9,28;;;3,99;3859892918408;Hrana
DŽEM MADRE NAT.ŠLJIVA 430 g ;381830;;0,4300;kg;3,59;8,35;;;3,59;3859892918415;Hrana
DŽEM MADRE NAT.VIŠNJA 430 g ;381833;;0,4300;kg;3,99;9,28;;;3,99;3859892918422;Hrana
DŽEM MADRE NAT.JAGODA 430 g ;381837;;0,4300;kg;4,59;10,67;;;4,59;3859892918477;Hrana
POK.PAKET IDC INST.BATH GOLD D;381844;IDC INSTITUTE;1,0000;kom;13,99;13,99;;;13,99;8436609399061;Kozmetika
POK.PAKET IDC INST.GARDEN SET ;381846;IDC INSTITUTE;1,0000;kom;16,99;16,99;;;16,99;8436616350864;Kozmetika
DEO STICK OLD SPICE TIGE.50 ml;381852;Old Spice;0,0500;l;3,49;69,80;;;3,85;8700216884686;Kozmetika
POK.PAKET IDC INST.GOURM.FAV.;381853;IDC INSTITUTE;1,0000;kom;11,99;11,99;;;11,99;8436609399689;Kozmetika
MORSKO BLAGO LEDO 352 g;381866;Ledo;0,3520;kg;4,99;14,18;;;4,99;3850116066004;Hrana
PRALINE FERRERO ROCHER 312 g;381894;Ferrero;0,3120;kg;9,79;31,38;;;11,99;4008400172521;Hrana
PAN.PIL.FREE-TES VINDIJA 600 g;381897;Cekin;0,6000;kg;8,29;13,82;;;8,29;3850159141119;Hrana
PAN.PIL.NUGGETS VINDIJA 600 g;381898;Cekin;0,6000;kg;8,29;13,82;;;8,29;3850159141126;Hrana
ÈIPS LAYS SALSA 120 g;381922;Lays;0,1200;kg;1,99;16,58;;;1,89;5900259135834;Hrana
POK.PAK.AFRODITA YUICY PAP.GL ;381931;Afrodita;1,0000;kom;15,99;15,99;;;15,99;3831070662525;Kozmetika
POK.PAK.AFRODITA RASP.BODY ;381934;Afrodita;1,0000;kom;6,29;6,29;;;8,99;3831070662563;Kozmetika
GIN S-BUDGET 0,1 L;381941;S-BUDGET;0,1000;L;1,29;12,90;;;1,29;3856021227585;Piæa
VINO GRAŠEVINA JERUZAL. 0,75 L;381946;;0,7500;L;6,02;8,03;;;5,79;3830078702233;Piæa
STUDENTSKI MIX S-BUDGET 500 g;382013;S-Budget;0,5000;kg;4,29;8,58;;;3,99;3856021226946;Hrana
STUDENTSKI MIX S-BUDGET 500 g;382014;S-Budget;0,5000;kg;4,99;9,98;;;3,99;3856021226960;Hrana
PECIVO ELEPHANT 125 g;382028;Elephant;0,1250;kg;1,99;15,92;;;1,59;5949040203529;Hrana
PECIVO ELEPHANT 125 g;382031;Elephant;0,1250;kg;1,99;15,92;;;1,59;5949040203567;Hrana
PECIVO ELEPHANT TWIST 70 g;382036;Elephant;0,0700;kg;1,39;19,86;;;1,39;5949040204311;Hrana
TLAÈENICA PIVAC 500 g;382067;Pivac;0,5000;kg;3,19;6,38;;;4,29;3858884998688;Hrana
ENJOY SAL TUNA COUSCOUS 275 g;382071;SPAR enjoy;0,2750;kg;3,99;14,51;;;4,19;3856021227684;Hrana
ENJOY SAL.PILET.QUINOA 275 g;382073;SPAR enjoy;0,2750;kg;3,99;14,51;;;4,19;3856021227707;Hrana
GEL TUŠ.AFRODITA HOLIDA 250 ml;382095;Afrodita;0,2500;l;2,99;11,96;;;2,99;3831070664451;Kozmetika
TEK.SAPUN AFRODITA HOLD.300 ml;382096;Afrodita;0,3000;l;3,99;13,30;;;3,99;3831070664475;Kozmetika
SIR ISTARSKI TVRDI SPAR 300 g;382099;SPAR marka kvalitete;0,3000;kg;5,99;19,97;;;5,99;3856021227462;Hrana
KARE DIMLJENI Z´DEŽELE;382121;Celjske Mesnine;1,0000;kg;9,69;9,69;;;9,29;3838876003224;Hrana
NAMAZ LINO LADA DUO PODR.500 g;382130;Podravka;0,5000;kg;4,99;9,98;;;4,69;3856020241636;Hrana
SRE.VANISH WHITE 970 g;382133;Vanish;0,9700;kg;15,49;15,97;;;12,99;5999109562821;Sredstva za èišæenje
ŽIT. PODR.O´PLANT FRUIT 350 g;382248;Podravka;0,3500;kg;3,99;11,40;;;3,59;3856020274320;Hrana
KOB.DIMLJENA ZA KUHANJE 270 g;382249;Medven;0,2700;kg;3,69;13,67;;;3,98;3859894129307;Hrana
ŽIT. POD.O´PLANT DAT.MAT. 350g;382254;Podravka;0,3500;kg;3,99;11,40;;;3,59;3856020274269;Hrana
ŽIT.POD.O´PLANT CHIA  PIR 350g;382259;Podravka;0,3500;kg;3,99;11,40;;;3,59;3856020274238;Hrana
ŽIT. PO.O´PLANT DAT.KAKAO 350g;382262;Podravka;0,3500;kg;3,99;11,40;;;3,59;3856020274290;Hrana
INST.J.NISSIN WOK CHILLI 92g;382285;Nissin;0,0920;kg;2,39;25,98;;;2,39;5997523313135;Hrana
ŠTRUKLI SIR ZLATO POLJE 1 kg;382287;Podravka;1,0000;kg;6,99;6,99;;;5,99;3838700369267;Hrana
INST.J.NISSIN WOK TERIYAKI 90g;382288;Nissin;0,0900;kg;2,39;26,56;;;2,39;5997523313159;Hrana
INST.J.NISSIN NOOD.SPICY 66g;382290;Nissin;0,0660;kg;2,09;31,67;;;2,09;5997523317072;Hrana
INST.J.NISSIN NOOD.KOZICE 63g;382293;Nissin;0,0630;kg;2,09;33,17;;;2,09;8712429130405;Hrana
NEKT.VINDI DISNEY JAGODA 0,2 L;382306;Vindija;0,2000;L;0,85;4,25;;;0,89;3850108075496;Piæa
NEK.VINDI DISNEY BRESKVA 0,2 L;382307;Vindija;0,2000;L;0,85;4,25;;;0,89;3850108078305;Piæa
NEKTAR VINDI DISNEY JABUKA 1 L;382308;Vindija;1,0000;L;0,99;0,99;;;1,79;3850108078190;Piæa
NEKTAR VINDI DISNEY BOROVN.1 L;382309;Vindija;1,0000;L;1,09;1,09;;;2,19;3850108078244;Piæa
SOK HOHES C 100% ŽELJEZO 1 L;382312;Hohes C;1,0000;L;;2,63;2,63;3,29;3,29;4048517619731;Piæa
HUMMUS GURU RIBELLA 180 g;382313;Zvijezda;0,1800;kg;2,15;11,94;;;2,09;8606011896254;Hrana
SOK HOHES C 100% IMUNO 1 L;382314;Hohes C;1,0000;L;;2,63;2,63;3,29;3,29;4048517654442;Piæa
SOK HOHES C 100% SUNVIT. D 1 L;382315;Hohes C;1,0000;L;;3,19;3,19;3,99;3,99;4048517629983;Piæa
HUMMUS GURU RIBELLA ORIG.180 g;382316;;0,1800;kg;2,15;11,94;;;2,09;8606011896377;Hrana
SMOTHIE HS JAGODA 200 g;382321;;0,2000;KG;0,99;4,95;;;0,99;8590014839311;Piæa
SORBET MANGO SPAR PREMI.480 ml;382322;SPAR PREMIUM;0,4800;L;5,99;12,48;;;5,99;9100000021621;Hrana
SMOTHIE HS ANANAS 200 g;382323;;0,2000;KG;0,99;4,95;;;0,99;8590014839502;Piæa
SMOTHIE HS MARELICA 200 g;382325;;0,2000;KG;0,99;4,95;;;0,99;8590014839328;Piæa
SLA.VAN.PEC.KAR.PREMIUM 480 ml;382328;SPAR PREMIUM;0,4800;L;5,99;12,48;;;5,99;9100000021515;Hrana
OME.DUEL LIKE A DIAMOND 2,45 L;382337;Duel;2,4500;L;6,99;2,85;;;5,99;8606015847047;Sredstva za èišæenje
ÈAJ NATURAVI.JABUKA CIMET 60 g;382361;Naturavita;0,0600;KG;2,19;36,50;;;2,19;3858884092270;Piæa
KAP.BARCAFFE BADEM ÈOKOL.140 g;382362;Barcaffe;0,1400;KG;;25,64;3,59;4,49;3,98;3838471055017;Piæa
ÈOKOL.KINDER HALLOWEEN 150 g;382366;Kinder;0,1500;kg;2,19;14,60;;;1,29;8000500431399;Hrana
ÈOKOLADA KINDER CRISPY 34 g;382370;Kinder;0,0340;kg;1,19;35,00;;;1,09;8000500434123;Hrana
ÈAJ TWININGS ENGLISH.BREA.50 g;382399;Twinings;0,0500;KG;4,19;83,80;;;4,19;0070177077693;Piæa
ÈAJ TWININGS EARL GREY 50 g;382403;Twinings;0,0500;KG;4,49;89,80;;;4,49;0070177077563;Piæa
ÈAJ TWININGS ZELENI S LIM.40 g;382407;Twinings;0,0400;KG;4,69;117,25;;;4,69;0070177173159;Piæa
PISTACIJA SUHOPRŽENA 300 g;382455;;0,3000;kg;5,99;19,97;;;5,99;3872084015358;Hrana
SJEM.BUNDEVE SUHOP.SLANE 500 g;382457;;0,5000;kg;4,49;8,98;;;4,49;3872084015945;Hrana
ŠLJIVA SUHA BEZ KOŠTICA 500 g;382458;Vlastite potrebe;0,5000;kg;3,19;6,38;;;3,19;3872084013514;Hrana
MLIJ.BIJELA ÈOK.DISNEY 0,2 L;382460;Vindija;0,2000;L;0,99;4,95;;;0,99;3850108023046;Hrana
MLIJ.ÈOK.DISNEY BEZ LAKT.0,2 L;382461;Vindija;0,2000;L;0,99;4,95;;;0,99;3850108023039;Hrana
ÈOKOLADNA BOŽIÆNA ÈARAPA 170 g;382485;;0,1700;kg;;35,24;5,99;7,99;9,29;8030769041978;Hrana
ÈOKOL.VREÆICA PAW PATROL 170 g;382489;;0,1700;kg;;26,41;4,49;5,99;6,49;8030769038695;Hrana
VOÆ.SNACK O´PLANT POWER 200 g;382504;O´PLANT;0,2000;kg;1,99;9,95;;;1,99;3856020270575;Hrana
VOÆ.SNACK O´PLANT REFRE.200 g;382505;O´PLANT;0,2000;kg;1,99;9,95;;;1,99;3856020272548;Hrana
VOÆ.SNACK O´PLANT GLOW 200 g;382508;O´PLANT;0,2000;kg;1,99;9,95;;;1,99;3856020270698;Hrana
VOÆ.SNACK O´PLANT RELA.200 g;382509;O´PLANT;0,2000;kg;1,99;9,95;;;1,99;3856020270667;Hrana
VOÆ.SNACK O´PLANT FOCUS 200 g;382511;O´PLANT;0,2000;kg;1,99;9,95;;;1,99;3856020270636;Hrana
VOÆ.SNACK O´PLANT IMUNO 200 g;382512;O´PLANT;0,2000;kg;1,99;9,95;;;1,99;3856020270605;Hrana
ÈAJ AGRISTAR KAMIL.CVIJET 50 g;382527;Agristar;0,0500;KG;2,79;55,80;;;2,79;3858886500971;Piæa
ÈAJ AGRISTA.BIJELI SLIJEZ 50 g;382528;Agristar;0,0500;KG;4,59;91,80;;;4,59;3858886500964;Piæa
ÈAJ AGRISTAR VRBOVICA 50 g;382529;Agristar;0,0500;KG;2,19;43,80;;;2,19;3858886500988;Piæa
KOLAÈ BADEM MALINA 155 g;382531;;0,1550;kg;4,49;28,97;;;4,49;3859893454929;Hrana
DIMCEK CEKIN 500 g;382532;Cekin;0,5000;kg;5,99;11,98;;;5,99;3850159123467;Hrana
AS NIVEA BALSAM SENSIT. 100 ml;382538;Nivea;0,1000;L;7,99;79,90;;;7,49;4005900619228;Kozmetika
AS NIVEA BALSAM  100 ml;382541;Nivea;0,1000;L;7,99;79,90;;;7,49;4005808380800;Kozmetika
ŠAM.AFRODITA CRVENI LUK 950 ml;382563;Afrodita;0,9500;kom;5,49;5,78;;;5,99;3831070662334;Kozmetika
ŠAMP.AFRODITA ÈAJ.RUŽM 950 ml ;382564;Afrodita;0,9500;kom;5,49;5,78;;;5,99;3831070662327;Kozmetika
OME.TESORI THALASSO THE.760 ml;382590;Tesori;0,7600;L;4,49;5,91;;;4,49;8008970055251;Sredstva za èišæenje
OME.TESORI AMMOR.AROMA.760 ml ;382597;Tesori;0,7600;l;4,49;5,91;;;4,49;8008970055206;Sredstva za èišæenje
ZUB.PASTA SENSODYNE JUN. 50 ml;382612;Sensodyne;0,0500;l;3,75;75,00;;;3,55;5054563219251;Kozmetika
ZUB.PASTA SENSODYNE KIDS 50 ml;382614;Sensodyne;0,0500;l;3,75;75,00;;;3,55;5054563219237;Kozmetika
KREMA D OLIVE ZA RU.TJE 250 ml;382626;Dalan;0,2500;L;;7,16;1,79;3,59;3,59;8690529009831;Kozmetika
SAP.DALAN ALOE VERA 90 g;382628;Dalan;0,0900;kg;1,19;13,22;;;1,19;8690529513260;Kozmetika
KETCHUP HEINZ LJUTI 455 g;382638;Heinz;0,4550;kg;;4,37;1,99;2,51;3,59;5900783009564;Hrana
POSEBNA PUREÆ.PILEÆ.SPAR 500 g;382650;SPAR;0,5000;kg;1,89;3,78;;;1,59;3856021228254;Hrana
POSEBNA PUREÆA PILEÆ.SPAR 1 kg;382655;SPAR;1,0000;kg;3,39;3,39;;;2,99;3856021228278;Hrana
LIKER CANNELLA 0,7 L;382690;;0,7000;L;;28,56;19,99;25,02;25,02;3859894092021;Piæa
ŠAMPON REVITAL RUŽMARIN 300 ml;382697;Revitalift;0,3000;L;3,09;10,30;;;3,09;3850177003741;Kozmetika
KREM.ANNYER BRIL.ZA KOS 100 ml;382699;Annyer;0,1000;l;3,99;39,90;;;3,99;3850177007350;Kozmetika
LAK ZA KOSU MODESTA 200 ml;382700;Modesta;0,2000;L;2,89;14,45;;;2,89;3850177003253;Kozmetika
MASKA REVITAL ZA KOSU 250 ml;382706;Revitalift;0,2500;L;4,89;19,56;;;4,89;3850177003475;Kozmetika
GIN H&H KOCBEK VANILLA 0,7 L;382724;;0,7000;L;19,99;28,56;;;30,02;3830082060244;Piæa
GIN H&H KOCBEK LONDON D. 0,7 L;382725;;0,7000;L;29,99;42,84;;;40,02;3830082060084;Piæa
PIVO KROMBACHER 5X0,5 L+ÈAŠA;382733;;2,5000;L;6,99;2,80;;;6,64;4008287958201;Piæa
PIZZA MARGHERITA SCHÄR 300 g;382751;Schar;0,3000;kg;4,79;15,97;;;4,79;8008698026090;Hrana
PIZZA SALAME SCHÄR 330 g;382752;Schar;0,3300;kg;4,79;14,52;;;4,79;8008698026175;Hrana
TIJESTO LISNATO SCHÄR 250 g;382754;Schar;0,2500;kg;4,79;19,16;;;4,79;8008698006931;Hrana
LASAGNE SCHÄR 300 g ;382755;Schar;0,3000;kg;4,79;15,97;;;4,79;8008698006757;Hrana
GUMENI BOMB.NIMM2 XMAS 250 g;382756;;0,2500;KG;;7,96;1,99;2,49;3,39;4014400918816;Hrana
LOSIO.SOLO POS.BRIJANJA 125 ml;382765;Solo;0,1250;L;2,39;19,12;;;2,39;5944568001411;Kozmetika
DEO SPRAY SOLO SPORT 150 ml;382766;Solo;0,1500;L;1,99;13,27;;;1,99;5944568000889;Kozmetika
DEO SPREJ DESIRE LE CHAR.75 ml;382768;Desire;0,0750;L;2,09;27,87;;;2,09;5944568001695;Kozmetika
VODKA BELUGA NOBLE 0,7 L+ÈAŠA;382774;;0,7000;L;39,99;57,13;;;50,02;3890000781019;Piæa
PJENUŠAC EPOHA BRUT 0,75 L;382775;;0,7500;L;14,99;19,99;;;20,02;3850112171733;Piæa
PP VINA BENÈIÆ 3x0,75 L;382776;;2,2500;l;19,99;8,88;;;20,08;3859888105416;Piæa
NAP.PROT.VAN.POLLEO 500 ml;382785;Z Bregov;0,5000;l;2,89;5,78;;;2,89;3850108023770;Hrana
NAP.PROT.ÈOK.POLLEO 500 ml;382786;Z Bregov;0,5000;l;2,89;5,78;;;2,89;3850108023787;Hrana
ÈAJ AHMAD KUGLICA ENG.BRE.25 g;382788;Ahmad;0,0250;KG;3,99;159,60;;;3,99;0054881027472;Piæa
JOG.ACTIMEL JAGODA 4X100 g;382789;Danone;0,4000;kg;2,69;6,73;;;2,49;5997536303703;Hrana
ÈAJ AHMAD KUGLICA EARL GR.25 g;382790;Ahmad;0,0250;KG;3,99;159,60;;;3,99;0054881027489;Piæa
ÈAJ AHMAD KUGLICA ENG.TEA 25 g;382791;Ahmad;0,0250;KG;3,99;159,60;;;3,99;0054881027496;Piæa
JOG.ACTIM.BOR-KUP 4X100 g;382792;Danone;0,4000;kg;2,69;6,73;;;2,49;5990031646986;Hrana
JOG.ACTIM.NAR-JAG 4X100 g;382793;Danone;0,4000;kg;2,69;6,73;;;2,49;5990031646962;Hrana
ALUMINIJSKA FOLIJA 3 PACK ;382796;;3,0000;kom;12,99;4,33;;;12,99;5949509000089;Proizvodi za kuæanstvo
DIVLJA SV. ODREZAK BUTA 300 g;382797;;0,3000;kg;5,99;19,97;;;5,99;3830034360873;Hrana
OME.VIOLETA MYSTIC 1,55 L;382825;Violeta;1,5500;L;3,55;2,29;;;3,19;3870128039810;Sredstva za èišæenje
POK.PAKET KNEIPP HERZMO.;382826;;1,0000;kom;6,00;6,00;;;11,99;4008233174310;Kozmetika
POK.PAKET TETES BADEMOMENTE ;382827;;6,0000;kom;5,99;1,00;;;11,99;4008491261647;Kozmetika
POK.PAKET VANDINI HYDRO PHLEGE;382832;;1,0000;kom;7,99;7,99;;;17,99;4003583217267;Kozmetika
DIVLJA SV. ODREZAK LEÐA 300 g;382858;;0,3000;kg;6,79;22,63;;;6,79;3830034364758;Hrana
GEL TUŠ.JENA LEN ARGANO.250 ml;382859;Vlastite potrebe;0,2500;L;2,99;11,96;;;2,99;4260602128366;Kozmetika
GEL TUŠ.JEAN&LEN KOKOS.250 ml;382860;Vlastite potrebe;0,2500;L;2,99;11,96;;;2,99;4260602122715;Kozmetika
VALJUŠCI ZLATO POLJE 400 g;382861;Zlato Polje;0,4000;kg;2,09;5,23;;;2,09;3838700369342;Hrana
GEL TUŠ.JEAN&LEN MANGO .250 ml;382862;Vlastite potrebe;0,2500;L;2,99;11,96;;;2,99;4260602128359;Kozmetika
VALJUŠCI ZLATO POLJE1 kg;382863;Zlato Polje;1,0000;kg;4,99;4,99;;;4,99;3838700369328;Hrana
GEL TUŠ.JEAN&LEN MEN 4U 250 ml;382865;Vlastite potrebe;0,2500;L;2,99;11,96;;;2,99;4260702188710;Kozmetika
KREMA JEAN&LEN ZA RUKE 75 ml;382867;;0,0750;L;3,99;53,20;;;3,99;4260602123026;Kozmetika
KREMA JEAN&LEN ZA RUKE 75 ml;382868;;0,0750;L;3,99;53,20;;;3,99;4260602127918;Kozmetika
REG.JEAN&LEN ZA KOSU 300 ml;382869;;0,3000;L;4,99;16,63;;;4,99;4260602120254;Kozmetika
REG.JEAN&LEN ZA KOSU 300 ml;382870;;0,3000;L;4,99;16,63;;;4,99;4260602128427;Kozmetika
ŠAMP.JEAN&LEN ZA KOSU 300 ml;382872;;0,3000;l;4,99;16,63;;;4,99;4262401735295;Kozmetika
ŠAMP.JEAN&LEN ZA KOSU 300 ml;382873;;0,3000;l;4,99;16,63;;;4,99;4260602128694;Kozmetika
ŠAMP.JEAN&LEN ZA KOSU 300 ml;382875;;0,3000;l;4,99;16,63;;;4,99;4260602128403;Kozmetika
ÈOK.VREÆICA MILKA MIX 130 g;382878;Milka;1,3000;kg;;2,30;2,99;3,49;4,99;7622202045592;Hrana
ÈOK.MILKA BOŽIÆNA KUTIJ.195 g;382883;Milka;0,1950;kg;;25,59;4,99;5,59;7,79;7622202042119;Hrana
ÈOK.SVETI NIKOLA MILKA 90g;382899;Milka;0,0900;kg;;26,56;2,39;2,65;3,59;90122224;Hrana
KOLAÈ  BROWNIE VIŠNJA 300 g;382907;;0,3000;kg;6,99;23,30;;;6,99;3859893454554;Hrana
SOK JABUÈNI 5 L 100 %;382909;;5,0000;L;8,79;1,76;;;7,99;3858893253129;Piæa
KESTEN ŠTAPIÆ LEDO 6x60 ml;382911;Ledo;0,3600;L;4,99;13,86;;;5,99;3850116064178;Hrana
CAPPUCCIN.FRANCK GRIOTTE 144 g;382915;Franck;0,1440;KG;;22,85;3,29;3,89;3,89;3850291055442;Piæa
CAPPUCCIN.FRANCK FONTANA 144 g;382916;Franck;0,1440;KG;;22,85;3,29;3,89;3,89;3850291055466;Piæa
CAPPUCCI.FRANCK BAJADERA 148 g;382917;Franck;0,1480;KG;4,29;28,99;;;4,29;3850291055459;Piæa
Sir Kraljevski 20 mj.zrenje;382920;;1,0000;kg;;9,99;9,99;11,99;11,99;3858890212419;Hrana
PAŠTETA GAVRIL.JUN.PILE.100 g;382930;Gavrilovic;0,1000;kg;1,29;12,90;;;1,39;3858892726426;Hrana
PAŠTETA GAVR.JUN.TUNA 100 g;382933;Gavrilovic;0,1000;kg;1,85;18,50;;;1,99;3858892726440;Hrana
PAŠTETA SPAR JETRENA 100 g;382935;Gavrilovic;0,1000;kg;0,95;9,50;;;0,95;3856021225208;Hrana
TUNA RIO MARE FILODOLIO 4X65 g;382938;Rio Mare;0,2600;kg;7,69;29,58;;;7,69;8004030104006;Hrana
TUNA RIO MARE LIMUN PAP.3X65 g;382941;Rio Mare;0,1950;kg;3,99;20,46;;;5,89;8004030271418;Hrana
KOMPOT PODR.VOÆNI KOKTEL 820 g;382945;Podravka;0,4700;kg;4,09;8,70;;;4,29;3856020271848;Hrana
KOBASA VITAKRAFT ZA PSA 1 kg;382947;Vitakraft;1,0000;kg;3,99;3,99;;;3,59;4008239230201;Proizvodi za kuæanstvo
NAPITAK ZA MAÈKE VITAK.5X30 g;382948;Vitakraft;0,1500;kg;2,99;19,93;;;2,99;4008239579997;Proizvodi za kuæanstvo
VOÆ.PIRE HOLLE BAN.JAB.100 g;382949;Holle;0,1000;kg;1,39;13,90;;;1,29;7640161877214;Hrana
VOÆ.PIRE HOLLE MAR.BAN.100 g;382950;Holle;0,1000;kg;1,39;13,90;;;1,29;7640161877085;Hrana
VOÆ.PIRE HOLLE JAB.JAG.100 g;382952;Holle;0,1000;kg;1,39;13,90;;;1,29;7640161877009;Hrana
VOÆ.PIRE HOLLE BAN.KRU.100 g;382953;Holle;0,1000;kg;1,39;13,90;;;1,29;7640161877238;Hrana
VOÆ.PIRE HOLLE JAB.MAN.100 g;382954;Holle;0,1000;kg;1,39;13,90;;;1,29;7640161877023;Hrana
VOÆ.PIRE HOLLE MAN.MARAK.100 g;382955;Holle;0,1000;kg;1,39;13,90;;;1,29;7640161877399;Hrana
VOÆ.PIRE HOLLE KRUŠ.BAN.100 g;382956;Holle;0,1000;kg;1,39;13,90;;;1,29;7640161877276;Hrana
ÈAJ TEEKANNE WINTER 71,25 g;382958;Teekanne;0,0713;KG;4,99;69,99;;;4,99;5901086075317;Piæa
ÈAJ TEEKANNE FRUITS 66,25 g;382959;Teekanne;0,0663;KG;4,99;75,26;;;4,99;5901086075324;Piæa
ÈAJ TEEKANNE GINGER 55 g;383013;Teekanne;0,0550;KG;4,99;90,73;;;4,99;5901086073641;Piæa
ÈAJ TEEKANNE THANK YOU 56,25 g;383014;Tekanne;0,0563;KG;4,99;88,63;;;4,99;5901086073658;Piæa
ÈOKOLADA SCHOGETTEN BLON.100 g;383033;Schogetten;0,1000;kg;1,29;12,90;;;1,29;4000415851309;Hrana
SNACK DESPAR VITAL LEÆA 70 g;383034;SPAR Vital;0,0700;kg;2,19;31,29;;;2,19;9100000031941;Hrana
NAPITAK NATUR PUR ZOB 0,5 L;383039;SPAR Natur*pur;0,5000;l;1,19;2,38;;;1,09;9100000020211;Piæa
ÈOKOLADA SCHOGETTEN BLON.100 g;383040;Schogetten;0,1000;kg;1,29;12,90;;;1,29;4000415850906;Hrana
BOŽ.KEKSI ZA PSE WANPY 100 g ;383051;;0,1000;kg;2,99;29,90;;;1,99;6927749860204;Proizvodi za kuæanstvo
BOŽIÆNI KALENDAR WANPY 100 g ;383055;;0,1000;kg;6,49;64,90;;;3,99;6927749813088;Proizvodi za kuæanstvo
FALAFEL KUG.ORIJENT SANA 350 g;383057;Sana;0,3500;kg;5,99;17,11;;;5,39;3858892321744;Hrana
ROLL ON BOROTALCO INV.PI 50 ml;383077;Borotalco;0,0500;L;3,99;79,80;;;3,50;80937531;Kozmetika
DEO SPR.BOROTALCO INVISI150 ml;383078;Borotalco;0,1500;L;3,99;26,60;;;3,50;8002410046298;Kozmetika
GIN OLD TOWER PINK 0,7 L+ ÈAŠA;383081;;0,7000;L;;17,13;11,99;16,02;16,02;8586019222678;Piæa
ŠAMPON PANTENE T&S 400 ml;383175;Pantene;0,4000;l;4,99;12,48;;;5,59;8006540476758;Kozmetika
REGENERATOR PANTENE T&S 275 ml;383177;Pantene;0,2750;l;5,29;19,24;;;5,59;8700216508896;Kozmetika
ŠAMPON PANTENE R&P 3U1 325 ml;383181;Pantene;0,3250;l;5,29;16,28;;;5,59;8700216567084;Kozmetika
REG.PANTENE COLOR PR.275 ml;383187;Pantene;0,2750;l;5,29;19,24;;;5,59;8700216508933;Kozmetika
REGENERATOR PANTENE R&P 275 ml;383188;Pantene;0,2750;l;5,29;19,24;;;5,59;8700216422338;Kozmetika
ŠAMPON PANTENE COLOR 325 ml;383190;Pantene;0,3250;l;5,29;16,28;;;5,59;8700216567152;Kozmetika
REG.PANTENE AQUALIGHT 275 ml;383193;Pantene;0,2750;kom;5,29;19,24;;;5,59;8700216509015;Kozmetika
MASKA PANTENE R&P 220 ml;383196;Pantene;0,2200;l;4,59;20,86;;;4,99;8700216500616;Kozmetika
REG.PANTENE INFINITE 275 ml;383198;Pantene;0,2750;l;5,29;19,24;;;5,59;8700216508957;Kozmetika
MASKA PANTENE INFINITE 220 ml;383199;Pantene;0,2200;l;4,59;20,86;;;4,99;8700216545716;Kozmetika
BRIT.WILKINSON EXTRA 2 10+5;383218;Wilkinson;15,0000;kom;8,99;0,60;;;8,99;4027800348503;Kozmetika
DET.DUEL JORGOVAN 2,7 kg;383234;Duel;2,7000;KG;8,99;3,33;;;8,99;8606013178921;Sredstva za èišæenje
DET.DUEL SOFT LOTUS 2,7 kg;383239;Duel;2,7000;KG;8,99;3,33;;;8,99;8606013178969;Sredstva za èišæenje
TAMNA ÈOKOLADA CACHET100 g;383255;Cachet;0,1000;kg;3,99;39,90;;;3,99;5412956214526;Hrana
TAMNA ÈOKOLADA CACHET 100 g;383256;Cachet;0,1000;kg;3,99;39,90;;;3,99;5412956214243;Hrana
MEKSIÈKI MIX S-BUDGET 750 g;383276;S-Budget;0,7500;kg;3,49;4,65;;;2,96;9100000003276;Hrana
SIR KOC.U ZAÈ BILJ.SPAR 300 g ;383286;SPAR Qualitätsmarke;0,3000;kg;;8,30;2,49;3,19;3,19;9100000027791;Hrana
SIR KOC.ÈILI PAPR.SPAR 300 g ;383287;SPAR Qualitätsmarke;0,3000;kg;;8,30;2,49;3,19;3,19;9100000027814;Hrana
KRUH HRSKAVI VEGANES 125 g;383288;SPAR Veggie;0,1250;kg;1,09;8,72;;;1,14;9100000441405;Hrana
ÈAJ SPAR ZIMSKA BAJKA 60 g;383300;SPAR;0,0600;KG;1,69;28,17;;;1,39;9100000125046;Piæa
ÈAJ SPAR ZIMSKI 60 g;383301;SPAR;0,0600;KG;1,39;23,17;;;1,39;9100100004050;Piæa
ÈAJ SPAR JAB.CIMET VANILI.60 g;383302;SPAR;0,0600;KG;1,69;28,17;;;1,39;9100100501115;Piæa
LIKER BAJADERA 0,7 L VAP;383305;Badel 1862;0,7000;L;24,99;35,70;;;24,99;3850112112538;Piæa
LIKER BAJADERA 0,7 L;383308;Badel 1862;0,7000;L;20,02;28,60;;;20,02;3850112112453;Piæa
ŠTAPIÆI SEZAM 230 g;383309;;0,2300;kg;2,99;13,00;;;2,99;3859889360333;Hrana
TORTA SPAR MALINA  900 g;383315;SPAR marka kvalitete;0,9000;kg;14,79;16,43;;;14,79;3856021228216;Hrana
KOLAÈ VITAL CACAO 135 g;383332;SPAR Vital;0,1350;kg;2,79;20,67;;;2,79;3856021227264;Hrana
KOLAÈ VITAL GREEN 135 g;383336;SPAR Vital;0,1350;kg;2,79;20,67;;;2,79;3856021226922;Hrana
OSLIÆ FILET PAN.MSC SPAR 400 g;383341;SPAR;0,4000;kg;4,99;12,48;;;4,49;3856021227608;Hrana
GIN FIRST LADY 0,7 L;383342;;0,7000;L;15,02;21,46;;;15,02;3859893685316;Piæa
PLOÈICA VITAL KIKIR.MED 47 g;383343;SPAR Vital;0,0470;kg;2,19;46,60;;;1,59;3856021227363;Hrana
GIN GALACTICOS 0,7 L;383344;;0,7000;L;12,02;17,17;;;12,02;3859893685309;Piæa
PLOÈ.VIT.KIKIR.KAKAO DAT.47 g;383345;SPAR Vital;0,0470;kg;2,19;46,60;;;1,59;3856021227387;Hrana
SOK NAR.RAUCH 50% PULPA 0,2 L;383347;;0,2000;l;1,09;5,45;;;1,09;90020025;Piæa
VINO BLATO PLAVAC 1L;383351;Blato 1902;1,0000;L;5,49;5,49;;;6,69;3859888154131;Piæa
SAKE AKASHI TAI SHIRAUME 0,5 L;383352;;0,5000;L;29,99;59,98;;;40,02;4970860797005;Piæa
WHISKEY HATOZAKI 0,7 L;383355;;0,7000;L;49,99;71,41;;;47,49;4970860800002;Piæa
ANANAS - AVIONSKI kom;383356;;1,0000;kom;11,49;11,49;;;11,49;5050372130053;Hrana
VINO DE STEF.VENEZIA.DOC 0,75L;383357;;0,7500;L;18,02;24,03;;;16,99;8033389834623;Piæa
VINO DE STEF.PINOT GRIG. 0,75L;383363;;0,7500;L;18,02;24,03;;;16,99;8033389834203;Piæa
VINO BRUNELLO DI MONTA. 0,75 L;383365;;0,7500;L;34,99;46,65;;;42,59;8053610700008;Piæa
VINO ROYAL H.CAB.SAUVIG. 0,75L;383366;;0,7500;L;6,02;8,03;;;5,59;3859893869068;Piæa
VINO VERANDA CAERNET FRANC 1L;383367;;1,0000;L;5,52;5,52;;;5,19;3859893869327;Piæa
SRE.SPLENDID ODRŽAVANJE 250 ml;383368;Splendid;0,2500;L;1,99;7,96;;;1,99;9100000029856;Sredstva za èišæenje
GYOZA PILE.I POVR.BIBIGO 600 g;383399;;0,6000;kg;11,99;19,98;;;11,99;4016337912417;Hrana
MIX ORAŠASTOG VOÆA I ÈOKO.75 g;383412;;0,0750;kg;;19,07;1,43;1,69;1,69;8606015855523;Hrana
MIX ORAŠASTOG VOÆA I KAR.75 g;383413;;0,0750;kg;;19,07;1,43;1,69;1,69;8606015855509;Hrana
LIKER BAILEYS CHOCOLATE 0,5 L;383463;Baileys;0,5000;L;22,59;45,18;;;23,79;5011013941254;Piæa
ÈOKOLADA U PRAHU KRAŠ 100 g;383465;Kraš;0,1000;KG;2,99;29,90;;;2,99;3850102006670;Piæa
SPAR VREÆA ZA SMEÆE 20L,15/1 ;383471;SPAR marka kvalitete;15,0000;kom;2,19;0,15;;;2,19;9100000032283;Proizvodi za kuæanstvo
SPAR VREÆA ZA SMEÆE 35L,10/1 ;383473;SPAR marka kvalitete;10,0000;kom;2,49;0,25;;;2,49;9100000032290;Proizvodi za kuæanstvo
MUSLI NATUR PUR VOÆNI 500 g;383474;Natur pur;0,5000;kg;3,99;7,98;;;3,99;9100000028293;Hrana
SPAR VREÆA ZA SMEÆE 60L,10/1 ;383475;SPAR marka kvalitete;10,0000;kom;2,89;0,29;;;2,89;9100000032306;Proizvodi za kuæanstvo
PATRONE GILLETTE FUSION 12/1;383489;Gillette;12,0000;kom;;2,08;24,99;29,99;38,99;8700216832502;Kozmetika
PILEÆI BATAK ZABATAK BEZ KOSTI;383492;Cekin;1,0000;kg;7,69;7,69;;;7,69;3850159113567;Hrana
SERUM ZIAJA ULJE ZA KOSU 50 ml;383494;Ziaja;0,0500;l;5,59;111,80;;;5,59;5901887042013;Kozmetika
ŠAMPON ZIAJA ZA KOSU AR 300 ml;383497;Ziaja;0,3000;L;4,49;14,97;;;4,49;5901887042006;Kozmetika
DET.DASH ALPEN FRISCHE 5 L;383502;;5,0000;L;18,99;3,80;;;18,99;4012400502783;Sredstva za èišæenje
GROŽÐICA SUŠENA 500 g;383503;;0,5000;kg;1,69;3,38;;;2,59;3872084013545;Hrana
TURRON PLOÈICE ALMENDRO 200 g;383526;;0,2000;kg;4,49;22,45;;;3,99;8410223873435;Hrana
INST.KAVA NES.3U1 CLASS.15,5 g;383532;Nescafe;0,0155;KG;0,35;22,58;;;0,35;8445291259331;Piæa
ÈAJ PODRAVKA BEAUTY 40 g;383533;Podravka;0,0400;KG;2,99;74,75;;;2,99;3838700379280;Piæa
BU KRPE SPUŽVASTE 5/1,18x20cm;383547;S-BUDGET;5,0000;kom;1,19;0,24;;;1,99;9100000041087;Proizvodi za kuæanstvo
PECIVO ÖLZ MAXI  BURGER 300 g;383548;;0,3000;kg;3,49;11,63;;;3,49;9005300803406;Hrana
ŽITARICE NESTLE TRIX 300 g;383555;Nesquik;0,3000;kg;4,59;15,30;;;4,39;5900020045133;Hrana
MANGO KOMADIÆI SPAR 500 g;383578;SPAR;0,5000;kg;3,29;6,58;;;3,29;9100000033082;Hrana
NAMAZ NUTELLA PLANT BASED 350g;383584;Nutella;0,3500;kg;;13,40;4,69;5,99;5,99;8000500426494;Hrana
BAKALAR 400/600 PREŠANI VAKUM.;383591;;1,0000;kg;57,99;57,99;;;44,99;;Hrana
KROKETI S-BUDGET 750 g;383610;S-Budget;0,7500;kg;2,69;3,59;;;2,69;5999033898096;Hrana
SIR LIVANJSKI TVRDI SPAR 300 g;383615;SPAR;0,3000;kg;5,99;19,97;;;5,99;3856021227448;Hrana
JAGODE S-BUDGET 1 kg;383625;S-Budget;1,0000;kg;3,99;3,99;;;3,99;5999139404603;Hrana
PRALINE TAM.ÈOKO.CAFAREL 150 g;383631;;0,1500;kg;7,99;53,27;;;3,99;8013108007750;Hrana
SIR SA TARTUFIMA PREMIUM 200 g;383635;SPAR PREMIUM;0,2000;kg;;34,95;6,99;7,99;7,99;3856021227486;Hrana
PANCETA DALMAT. MIJUKIÆ 350 g;383636;;0,3500;kg;7,49;21,40;;;4,99;3859894300133;Hrana
SLANINA DOMAÆA MIJUKIÆ 350 g;383638;;0,3500;kg;6,99;19,97;;;6,99;3859894300119;Hrana
DATULJA MEDJOUL 500 g;383654;;0,5000;kg;4,99;9,98;;;4,99;8719689286408;Hrana
PROKULICA S-BUDGET 450 g;383662;S-Budget;0,4500;kg;1,39;3,09;;;1,49;5999033898515;Hrana
SLADILO XUCKER KSILITOL 700 g;383674;;0,7000;kg;14,99;21,41;;;14,99;4260248061720;Hrana
SLADILO XUCKER ERITRITOL 700 g;383675;;0,7000;kg;10,99;15,70;;;10,99;4260248061256;Hrana
MLIJ.ÈOKOLADA XUCKER 80 g;383679;;0,0800;kg;3,49;43,63;;;3,49;4260248064165;Hrana
MLIJ.ÈOKOL.XUCKER LJEŠ.80 g;383680;;0,0800;kg;3,49;43,63;;;3,49;4260248064059;Hrana
MLIJ.ÈOKOL.XUCKER KARAM.80 g;383681;;0,0800;kg;3,49;43,63;;;3,49;4260248064158;Hrana
TAMNA ÈOKOLADA  XUCKER 80 g;383682;;0,0800;kg;3,49;43,63;;;3,49;4260248064172;Hrana
NAMAZ XUCKER NOUGAT 300 g;383683;;0,3000;kg;10,99;36,63;;;10,99;4260248062017;Hrana
VOÆ.NAMAZ XUCKER JAGODA 220 g;383684;;0,2200;kg;5,99;27,23;;;5,99;4260248063892;Hrana
VOÆ.NAMAZ XUCKER MAREL.220 g;383685;;0,2200;kg;5,99;27,23;;;5,99;4260248063878;Hrana
NAPITAK ALPRO PROT.VANIL.1 L;383689;Alpro;1,0000;L;3,99;3,99;;;3,99;5411188140368;Piæa
SOK ARONIJA ENCIAN 0,75 L;383691;Encian;0,7500;L;7,52;10,03;;;7,52;3858894620340;Piæa
Krumpir mladi S Budget rfs;383697;S-BUDGET;1,0000;kg;1,39;1,39;;;0,59;3858893252092;Hrana
ÈAJ PODRAVKA RELAX 36 g;383706;Podravka;0,0360;KG;2,99;83,06;;;2,99;3838700379242;Piæa
ŠTAPIÆI SCHAR B.G.75 g;383720;Schar;0,0750;kg;2,99;39,87;;;2,99;8008698041055;Hrana
TIJESTO ZA PIZZU SCHAR 300 g;383725;Schar;0,3000;kg;5,99;19,97;;;5,99;8008698002025;Hrana
ÈIPS ÈIPI ÈIPS PAPRIKA 250 g;383765;;0,2500;kg;;11,16;2,79;2,99;2,79;3856021307485;Hrana
ÈIPS ÈIPI ÈIPS SLANI 250 g;383766;;0,2500;kg;;11,16;2,79;2,99;2,79;3856021307461;Hrana
ÈAJ AHMAD WINTER WONDER 3X20 g;383767;Ahmad;0,0600;KG;5,49;91,50;;;5,49;0054881027519;Piæa
VINO POP ART SWEET RED 0,75 L;383803;;0,7500;L;8,99;11,99;;;8,09;3830078702509;Piæa
METLA GUM.ZA KUÆ.LJUB.VILEDA;383816;;1,0000;kom;37,99;37,99;;;22,99;4023103245907;Proizvodi za kuæanstvo
ÈETK.CURAPROX ORTHO 1/1;383819;Curaprox;1,0000;kom;6,49;6,49;;;6,49;7612412700077;Kozmetika
ÈETK.CURAPROX SUPERSOFT 3/1;383822;Curaprox;3,0000;kom;13,59;4,53;;;12,95;7612412003963;Kozmetika
NAVLAKA ZA BR.POD.VILEDA PRO;383829;;1,0000;kom;19,99;19,99;;;12,99;4023103143616;Proizvodi za kuæanstvo
KOB. SUHE OKUSI ISTRE 540 g ;383864;Pisinium;0,5400;kg;19,99;37,02;;;19,99;3858894291670;Hrana
TAB.LIKVI SUPREME 22/1;383866;Likvi;22,0000;kom;4,99;0,23;;;6,99;3850105187079;Sredstva za èišæenje
TAB.LIKVI SUPREME 53/1;383867;Likvi;53,0000;kom;11,99;0,23;;;23,99;3850105187109;Sredstva za èišæenje
TOAL.PAPIR LOVELY 8/1;383876;Lovely;8,0000;kom;4,99;0,62;;;4,99;9100000026053;Toaletne potrepštine
SRE.SPLENDID ULTRAPOWER 750 ml;383882;Splendid;0,7500;L;1,99;2,65;;;1,99;3856021227158;Sredstva za èišæenje
OSV.SPLENDID ULTRAPOWER 500 ml;383885;Splendid;0,5000;L;2,49;4,98;;;2,49;3856021227196;Sredstva za èišæenje
SRE.SPLENDID ULTRAPOWER 750 ml;383888;Splendid;0,7500;L;1,49;1,99;;;1,99;3856021227134;Sredstva za èišæenje
OSV.SPLENDID ULTRAPOWER 500 ml;383890;Splendid;0,5000;L;2,49;4,98;;;2,49;3856021227172;Sredstva za èišæenje
NAPITAK MILKA CLASSIC 250 ml;383891;;0,2500;L;1,79;7,16;;;1,55;5711953190070;Piæa
NAPITAK MILKA CARAMEL 250 ml;383892;;0,2500;L;1,79;7,16;;;1,55;5711953190087;Piæa
NAPITAK MILKA NOISETTE 250 ml;383893;;0,2500;L;1,79;7,16;;;1,55;5711953190117;Piæa
POKLON PAKET OREO 197 g;383915;Oreo;0,1970;kg;;25,33;4,99;5,59;6,99;7622202043277;Hrana
INSTA.KAVA JACOBS VELVET 180 g;383924;Jacobs;0,1800;KG;12,99;72,17;;;10,49;8711000496404;Piæa
KUTIJA CRNA 340x280x90 mm;383925;;1,0000;kom;5,99;5,99;;;5,99;8007402337217;Hrana
VINO KORLAT CAB.SAUV. 3L;383936;;3,0000;L;60,02;20,01;;;60,02;3850112171665;Piæa
VODKA OLD PILOTS 1,75 L;383937;;1,7500;L;110,02;62,87;;;110,02;3859894018243;Piæa
BISKVITNI KOLAÈ VIŠNJA 400 g;383965;;0,4000;kg;3,69;9,23;;;3,69;3850135267529;Hrana
KOLAÈ BROWNIE 450 g;383966;;0,4500;kg;3,99;8,87;;;3,99;3850135267505;Hrana
TORTA OD MEDA I ORAHA 800 g;383967;;0,8000;kg;;14,99;11,99;14,99;14,99;8594071650018;Hrana
KRUH ZLATNA KORA NAREZAN.600 g;383968;;0,6000;kg;2,39;3,98;;;2,19;3856016907492;Hrana
KAVA ILLY BOŽIÆNO DRVC.3X125 g;383971;Illy;0,3750;KG;21,99;58,64;;;19,99;8003753216751;Piæa
MJEŠ.POVRÆ.SKANDIN. LEDO 480 g;383981;Ledo;0,4800;kg;3,99;8,31;;;3,99;3850116065267;Hrana
MJEŠ.POVRÆA KORZIKA LEDO 480 g;383982;Ledo;0,4800;kg;3,99;8,31;;;3,99;3850116065236;Hrana
MJEŠ.POVRÆA TOSKANA LEDO 480 g;383983;Ledo;0,4800;kg;3,99;8,31;;;3,99;3850116068282;Hrana
DET.VESH WHITE 3 kg;384028;Vesh;3,0000;kg;;3,83;11,49;11,99;17,90;3870128037021;Sredstva za èišæenje
Pašteta s paèjom i pil. jetrom;384035;;1,0000;kg;;16,79;16,79;23,99;17,99;5413546347846;Hrana
PINSA DESPAR 230 g;384053;DESPAR;0,2300;kg;2,49;10,83;;;2,50;9100000042619;Hrana
MIJEŠANI NAMAZ ALPINESSE 400 g;384054;Meggle;0,4000;kg;5,49;13,73;;;5,49;4034900008589;Hrana
KREM.ZORINA MAST ZA RUKE 50 ml;384055;ZORINA MAST;0,0500;L;5,29;105,80;;;5,79;3859894008565;Kozmetika
LOS.ZORINA MAST MASLINA 300 ml;384056;ZORINA MAST;0,3000;L;11,39;37,97;;;11,39;3859894008015;Kozmetika
LOS.ZORINA MAST LIMETA 300 ml;384057;ZORINA MAST;0,3000;L;11,39;37,97;;;11,39;3859894008022;Kozmetika
SERUM ZORINA MAST RETIN. 30 ml;384058;ZORINA MAST;0,0300;l;19,99;666,33;;;19,99;3859894008725;Kozmetika
SERUM ZORINA MAST PEPETI 30 ml;384059;ZORINA MAST;0,0300;l;;316,33;9,49;18,99;18,99;3859894008718;Kozmetika
KRE.LOREAL  REVITA.SPF30 50 ml;384071;LOREAL;0,0500;L;14,49;289,80;;;14,99;3600522416906;Kozmetika
SERUM LOREAL AGE SPECIAL.30 ml;384073;LOREAL;0,0300;L;9,99;333,00;;;11,99;3600524185398;Kozmetika
SERUM LOREAL REVITALIFT 30 ml;384074;LOREAL;0,0300;L;14,99;499,67;;;15,99;3600523279111;Kozmetika
GEL ZA TUŠ.LACTOVIT LAC.300 ml;384075;Lactovit;0,3000;l;2,79;9,30;;;2,69;8411660421890;Kozmetika
INST.KAKAO NESQUIK 400 g+100 g;384076;Nesquik;0,4000;KG;4,59;11,48;;;4,59;8445291197725;Piæa
PRALINE GIANDUIOTTO DESP.150 g;384077;Despar;0,1500;kg;;19,93;2,99;3,99;3,99;8001300502708;Hrana
PRALINE DESPAR CREMINO 150 g;384078;Despar;0,1500;kg;;19,93;2,99;3,99;3,99;8001300502715;Hrana
VOD.CURAPROX PERIO PLUS 200 ml;384085;Curaprox;0,2000;L;;29,95;5,99;11,99;11,95;7612412426748;Kozmetika
VOD.CURAPROX PERIO PLUS 200 ml;384086;Curaprox;0,2000;L;12,29;61,45;;;11,95;7612412426700;Kozmetika
MINI KROŠTULA 150 g;384087;;0,1500;kg;3,19;21,27;;;2,99;8015854300802;Hrana
PAKET PREMIUM PIVAC;384090;Pivac;1,0000;kom;29,99;29,99;;;29,99;3858884998565;Hrana
PANCETA DALMATINSKA NAR.200 g;384117;Dimmes;0,2000;kg;;26,95;5,39;6,99;6,99;3859894303455;Hrana
PRŠUT NAREZAK 200 g DIMMES;384120;Dimmes;0,2000;kg;;29,95;5,99;7,99;7,99;3859894303479;Hrana
RAKIJA ŠLJIVO.VODOTORANJ 0,5 L;384128;;0,5000;L;29,99;59,98;;;29,99;3859893817472;Piæa
KREMA EVELINE ZA LICE BO 50 ml;384129;Eveline;0,0500;L;5,69;113,80;;;6,99;5903416058595;Kozmetika
SERUM EVELNE VITAMIN C  30 ml;384130;Eveline;0,0300;l;8,99;299,67;;;8,99;5903416053415;Kozmetika
RIBLJI ŠTAPIÆI S-BUDGET 450 g;384143;S-Budget;0,4500;kg;3,99;8,87;;;3,99;9100000718453;Hrana
PANETTONE S BADEMOM 1 kg;384147;;1,0000;kg;59,99;59,99;;;39,99;8030525004094;Hrana
KREMA EVELINE ZA RUKE 100 ml;384148;Eveline;0,1000;L;1,89;18,90;;;1,89;5907609338471;Kozmetika
SRE.ZA PARKETE EMSAL 1 L;384152;Emsal;1,0000;L;4,49;4,49;;;4,64;4009175964571;Sredstva za èišæenje
ÈETK.ZA ZUBE COLGATE EX. 1+1;384155;Colgate;1,0000;kom;1,99;1,99;;;1,99;8718951309609;Kozmetika
PASTA ELMEX COMP.CA. 75 ml;384158;Elmex;0,7500;l;5,79;7,72;;;5,39;8718951516014;Kozmetika
POSL.ZA PSE SCOTTY MINIS 100 g;384159;Scotty;0,1000;kg;1,99;19,90;;;1,99;9100000040141;Proizvodi za kuæanstvo
HRANA ZA PSE SCOT.NATURE 150 g;384170;Scotty;0,1500;kg;0,99;6,60;;;0,99;9100000036274;Proizvodi za kuæanstvo
HRANA ZA MAÈ.MOL.NATURE100 g;384171;Molly;0,1000;kg;0,59;5,90;;;0,59;9100000036182;Proizvodi za kuæanstvo
BOJA PALETTE DELUXE 5-11;384172;Palette;1,0000;kom;5,99;5,99;;;5,99;9000101736823;Kozmetika
LEDOLETTE KAKAO LEDO 800 g;384173;Ledo;0,8000;kg;4,99;6,24;;;4,99;3850116067469;Hrana
LEDOLETTE MARELICA LEDO 800 g;384174;Ledo;0,8000;kg;4,99;6,24;;;4,99;3850116067438;Hrana
POSL.ZA MAÈKE VITAK.YUMS 40 g;384177;Vitakraft;0,0400;kg;1,79;44,75;;;1,79;4008239588982;Proizvodi za kuæanstvo
POSLAS.ZA PSE BEEF STICK 12 g;384179;;0,0120;kg;0,69;57,50;;;0,69;4008239265005;Proizvodi za kuæanstvo
KREKER ZA MALE PAPIGE VIT.80 g;384180;Vitakraft;0,0800;kom;2,49;31,13;;;2,49;4008239212313;Proizvodi za kuæanstvo
HRANA ZA KANARINCE VITAK.500 g;384181;Vitakraft;0,5000;kg;2,49;4,98;;;2,49;4008239106209;Proizvodi za kuæanstvo
HRA.ZA PSE CESAR JUN.PUR.150 g;384183;Cesar;0,1500;kg;1,79;11,93;;;1,79;4008429121609;Proizvodi za kuæanstvo
HRA.ZA MAÈ.ONE JUN.PIL.800 g;384184;One;0,8000;kg;6,59;8,24;;;6,59;8445290073464;Proizvodi za kuæanstvo
MINI GRISSINI DESPAR 150 g;384185;DESPAR;0,1500;kg;;6,60;0,99;1,39;1,39;3856021227769;Hrana
HRA.MAÈ.GOUR.GOLD SUC.DEL.85 g;384186;Gourmet Gold;0,0850;kg;0,89;10,47;;;0,89;8445291132849;Proizvodi za kuæanstvo
MINI GRISSINI DESPAR 150 g;384187;DESPAR;0,1500;kg;;6,60;0,99;1,39;1,39;3856021227783;Hrana
MINI GRISSINI DESPAR 150 g;384188;DESPAR;0,1500;kg;;6,60;0,99;1,39;1,39;3856021227745;Hrana
SMOKVA SUHA EUROCOMPANY 400 g;384190;;0,4000;kg;6,49;16,23;;;4,79;3872084015907;Hrana
MINI GRISSINI DESPAR 150 g;384193;DESPAR;0,1500;kg;;6,60;0,99;1,39;1,39;3856021227820;Hrana
MARELIC.SUHA EUROCOMPANY 400 g;384194;;0,4000;kg;5,49;13,73;;;4,39;3872084015891;Hrana
HRA.MAÈ.GOUR.GOLD SUC.DEL.85 g;384195;Gourmet Gold;0,0850;kg;0,89;10,47;;;0,89;8445291132870;Proizvodi za kuæanstvo
MINI GRISSINI DESPAR 150 g;384197;DESPAR;0,1500;kg;;6,60;0,99;1,39;1,39;3856021227806;Hrana
HRA.MAÈ.GOUR.GOLD SUC.DEL.85 g;384198;Gourmet Gold;0,0850;kg;0,89;10,47;;;0,89;8445291133242;Proizvodi za kuæanstvo
HRA.MAÈ.GOUR.GOLD SUC.4X85 g;384200;Gourmet Gold;0,3400;kg;3,09;9,09;;;3,31;8445291133280;Proizvodi za kuæanstvo
HRA.MAÈ.GOUR.GOLD SUC.4X85 g;384202;Gourmet Gold;0,3400;kg;3,09;9,09;;;3,31;8445291133532;Proizvodi za kuæanstvo
KREMA BECUTAN BABY 50 ml;384214;Becutan;0,0500;L;3,39;67,80;;;3,39;5310001252977;Kozmetika
MAST BECUTAN VITAMINSKA 50 ml;384220;Becutan;0,0500;L;2,49;49,80;;;2,49;5310001208820;Kozmetika
ŠAMPON I KUPKA BECUTAN 200 ml;384223;Becutan;0,2000;L;3,25;16,25;;;3,25;5310001217747;Kozmetika
KUPKA BECUTAN ZA DJECU 400 ml;384226;Becutan;0,4000;L;4,89;12,23;;;4,89;5310001223359;Kozmetika
KAP. BECUTAN ZA BEBE 12/1;384228;Becutan;12,0000;KOM;4,99;0,42;;;4,99;5310001274252;Sredstva za èišæenje
OSVJ. ZA WC DOMESTOS 2x50 g;384231;Domestos;0,1000;KG;3,89;38,90;;;3,84;8720182903174;Sredstva za èišæenje
OSVJ. ZA WC DOMESTOS 2X50 g;384234;Domestos;0,1000;KG;3,89;38,90;;;3,84;8720182903266;Sredstva za èišæenje
OSVJ. ZA WC DOMESTOS 50 g;384235;Domestos;0,0500;KG;2,29;45,80;;;2,45;8720182905024;Sredstva za èišæenje
OSVJ. ZA WC DOMESTOS 2X50 g;384236;Domestos;0,1000;KG;3,89;38,90;;;3,84;8720182903181;Sredstva za èišæenje
SALATA ARGETA PILET.PIK.160 g;384239;Argeta;0,1600;kg;4,49;28,06;;;4,49;3838471055499;Hrana
SALATA ARGETA PILET.TJES.160 g;384241;Argeta;0,1600;kg;4,49;28,06;;;4,49;3838471055482;Hrana
SALATA ARGETA POVRÆE 160 g;384243;Argeta;0,1600;kg;4,49;28,06;;;4,49;3838471055505;Hrana
TUNA GIANA KOM.VLAST.SOK 170 g;384246;Giana;0,1200;kg;2,99;24,92;;;2,99;8595241505350;Hrana
INÆUNI FILET FJK SUN.ULJE 45 g;384252;Franz Jozef Kaiser;0,0270;kg;1,99;73,70;;;2,99;8594012797710;Hrana
INÆUNI ROLAN FJK KAPARE 45 g;384253;Franz Jozef Kaiser;0,0270;kg;1,99;73,70;;;2,99;8595241513980;Hrana
SARDINA MARDEŠ.SUNC.ULJE 100 g;384255;MARDEŠIÆ;0,0700;kg;1,59;22,71;;;1,59;3859891129171;Hrana
SARD.MARD.POVR.UMAK 100 g ;384260;MARDEŠIÆ;0,0500;kg;1,59;31,80;;;1,59;3859891129034;Hrana
PAŠT.ARG.EXC.TELE.TRU.KOR.95 g;384272;Argeta;0,0950;kg;2,69;28,32;;;2,69;3838471052832;Hrana
VL.MAR.WHITEDAY 20/1;384276;;20,0000;KOM;1,99;0,10;;;2,29;8681242204269;Sredstva za èišæenje
TUNA VITAL MANJE SOLI 3X70 g;384277;SPAR Vital;0,1560;kg;4,49;28,78;;;4,49;8001300244264;Hrana
SRE.FROSCH ZA ÈIŠÆ.BABY 500 ml;384281;Frosch;0,5000;L;2,59;5,18;;;2,59;4009175944726;Sredstva za èišæenje
KARAM.PAP.JALAP.SPARBBQ 360 g;384282;SPAR BBQ;0,3600;kg;3,99;11,08;;;3,99;9100000023274;Hrana
VINO MERLOT CRICOVA 0,75 L;384283;;0,7500;L;7,02;9,36;;;7,02;4840013004109;Piæa
KARAMEL.LUK SPARBBQ 320 g;384284;SparBBQ;0,3200;kg;3,99;12,47;;;3,99;9100000023298;Hrana
SRE.SANITAR FLASH POWER 650 ml;384285;Sanitar;0,6500;L;3,49;5,37;;;2,99;3850111505683;Sredstva za èišæenje
VINO MUSCAT CRICO.0,75 L;384286;;0,7500;L;7,02;9,36;;;7,02;4840013005281;Piæa
VINO TESTAMEN.DD PLAVAC 0,75 L;384296;;0,7500;L;14,02;18,69;;;14,02;3859893402647;Piæa
VINO ADŽIÆ SIVI PINOT 0,75 L;384297;;0,7500;L;18,02;24,03;;;18,02;3859890469070;Piæa
LIKER VIŠNJEVAC BADEL 0,7 L;384298;Badel 1862;0,7000;L;11,02;15,74;;;11,02;3850112111531;Piæa
LIKER ORAHOVAC BADEL 0,7 L;384303;Badel 1862;0,7000;L;11,02;15,74;;;11,02;3850112111401;Piæa
VINO PRUNOT.MOSCATO DA. 0,75 L;384304;;0,7500;L;15,99;21,32;;;15,02;8016001000101;Piæa
DES.KINDER PINGUI KOKOS 4x30 g;384306;Kinder;0,1200;kg;2,69;22,42;;;2,39;8000500385395;Hrana
DES.KINDER PINGUI KOKOS 30 g;384307;Kinder;0,0300;kg;0,79;26,33;;;0,75;8000500119792;Hrana
LIMUN VH 1 kg;384308;SPAR Vrtovi Hrvatske;1,0000;kg;1,99;1,99;;;1,89;3856021228681;Hrana
ŽVAKE WRI.JUICY FRUIT FAN.56 g;384309;Wrigley;0,0560;kg;2,29;40,89;;;2,29;4009900536646;Hrana
KEKS PETIT BEURRE 400 g;384310;Kraš;0,4000;kg;1,69;4,23;;;1,69;3850102014408;Hrana
KEKS PETIT BEURRE 1000 g;384311;Kraš;1,0000;kg;3,49;3,49;;;3,49;3850102014415;Hrana
TAB.JAR PLATINUM PLUS 42/1;384313;Jar;1,0000;kom;20,99;20,99;;;20,99;8006540751237;Sredstva za èišæenje
NAPITAK S-BUD.ZOB BARISTA 1 L;384317;S-Budget;1,0000;l;1,79;1,79;;;1,69;9100000045863;Piæa
NAPITAK SPAR ZOB BARISTA 0,5 L;384318;SPAR;0,5000;l;1,59;3,18;;;1,59;9100000026015;Piæa
LEDOLETT.SIR ŠPINAT LEDO 800 g;384323;Ledo;0,8000;kg;4,99;6,24;;;4,99;3850116067582;Hrana
LEDOLETTE MEXICANA LEDO 800 g;384324;Ledo;0,8000;kg;4,99;6,24;;;4,99;3850116067551;Hrana
PACIFIÈK.KOZICE S-BUDGET 225 g;384329;S-Budget;0,2250;kg;5,59;24,84;;;5,49;9100000730301;Hrana
ÈOKOLADA DORINA EXT.MLIJ.220 g;384331;Dorina;0,2200;kg;2,99;13,59;;;4,49;3850102012930;Hrana
ÈOKOLADA DUBAI S PISTACIJ.93 g;384332;;0,0930;kg;6,49;69,78;;;6,99;8690504143796;Hrana
PANETTONE S KAND.VOÆEM 100 g;384334;;0,1000;kg;19,99;199,90;;;24,99;8030525004421;Hrana
ORAŠASTI MEDITERAN MIX 125 g;384335;;0,1500;kg;4,19;27,93;;;4,99;5201044010153;Hrana
OSV.DOMESTOS UNICORN 2X50 G;384339;Domestos;0,1000;kg;3,89;38,90;;;3,84;8720182911513;Sredstva za èišæenje
KAP.FAKS COLOR 14/1;384341;Faks;14,0000;kom;7,95;0,57;;;6,99;3850105187192;Sredstva za èišæenje
KAP.FAKS UNIVERSAL 14/1;384342;Faks;14,0000;kom;7,95;0,57;;;6,99;3850105187222;Sredstva za èišæenje
KAP.FAKS UNIVERSAL 22/1;384344;Faks;22,0000;kom;13,49;0,61;;;13,49;3850105187284;Sredstva za èišæenje
DET. WEISSER RIESE 0,99 L;384350;Weisser Riese;0,9900;l;6,99;7,06;;;6,99;4015200036199;Sredstva za èišæenje
BOROVNICA S BUDGET 300 g;384377;S-BUDGET;0,3000;kg;3,99;13,30;;;3,49;8439000585866;Hrana
POLI GREEN NAREZAK 100 g;384387;Poli;0,1000;kg;1,99;19,90;;;1,99;3838977044515;Hrana
ÈOKOLADA DESPAR BIJELA 100g;384390;DESPAR;0,1000;kg;1,79;17,90;;;1,39;8001300750215;Hrana
ZAÈ.DIMLJ.SLAT.MLJ.PAP.120 g;384393;;0,1200;kg;2,49;20,75;;;2,49;3856020276416;Hrana
BU SPUŽVA ZA DOMAÆINSTVO 10/1 ;384394;S-BUDGET;10,0000;kom;0,99;0,10;;;0,99;9100000041186;Proizvodi za kuæanstvo
BU SET SPUŽVA S UTORIMA,6/1;384396;S-BUDGET;6,0000;kom;1,19;0,20;;;1,19;9100000042916;Proizvodi za kuæanstvo
SP SET SPUŽVA,3/1,PLUS;384400;Splendid;3,0000;kom;1,39;0,46;;;1,39;9100000041209;Proizvodi za kuæanstvo
SP NATUR SET SPUŽVA,2/1,SENSIT;384401;Splendid Nature;2,0000;kom;1,19;0,60;;;1,19;9100000039657;Proizvodi za kuæanstvo
SP NATURE SPUŽ.KRPA,2/1;384402;Splendid Nature;2,0000;kom;1,59;0,80;;;1,59;9100000039688;Proizvodi za kuæanstvo
ULJE MASL.EX.DJ.DE CAROLIS 1 L;384404;;1,0000;L;9,99;9,99;;;9,99;8004581880015;Hrana
GEL OLD SPICE NIGHT PANTHER 1L;384405;Old Spice;1,0000;l;7,99;7,99;;;7,99;8700216452670;Kozmetika
GEL OLD SPICE WOLFTHORN 1L;384406;Old Spice;1,0000;l;7,99;7,99;;;7,99;8700216452588;Kozmetika
MUSLI NATUR PUR ÈOKOLADA 450 g;384408;SPAR Natur*pur;0,4500;kg;3,99;8,87;;;3,99;9100000028316;Hrana
OS.PIÆE POLA POLA JAGODA 0,5 L;384417;;0,5000;L;1,85;3,70;;;1,85;9006900229924;Piæa
ÈOKOLADA DESPAR TAMNA 100g;384418;Despar;0,1000;kg;1,79;17,90;;;1,39;8001300750192;Hrana
ÈOKOLADA DESPAR LJEŠNJAK 100g;384419;Despar;0,1000;kg;1,79;17,90;;;1,39;8001300750208;Hrana
ÈOKOLADA DESPAR MLIJEÈNA 100g;384420;Despar;0,1000;kg;1,29;12,90;;;1,29;8001300750185;Hrana
GAZIRANO PIÆE SPRITE 2 L;384421;Sprite;2,0000;L;2,39;1,20;;;2,29;5449000335036;Piæa
ÈAJ BASILUR ŠUMSKO VOÆE 50 g;384444;;0,0500;KG;4,99;99,80;;;4,39;4792252940840;Piæa
ÈAJ BASILUR ENGLISH BREAK.50 g;384446;;0,0500;KG;3,99;79,80;;;3,49;4792252923775;Piæa
ÈAJ BASILUR JASMIN ZELENI 50 g;384447;;0,0500;KG;3,99;79,80;;;3,49;4792252937109;Piæa
VEGANGURT PlantOn KOKOS 150 g;384449;;0,1500;kg;1,59;10,60;;;1,59;5901104006255;Hrana
VEGANGURT PlantOn AN.MAN.150 g;384450;;0,1500;kg;1,59;10,60;;;1,59;5901104006286;Hrana
VEGANGURT PlantOn BOROVN.150 g;384453;;0,1500;kg;1,59;10,60;;;1,59;5901104006279;Hrana
MASKA ZA LICE GARNIER NAR 1kom;384461;Garnier;1,0000;kg;2,99;2,99;;;2,99;3600542097253;Kozmetika
MASKA ZA LICE GARNIER TISSUE;384467;Garnier;1,0000;kom;2,99;2,99;;;2,99;3600542385626;Kozmetika
ÈAJ BASILUR WHIT.MAGAIC 37,5 g;384471;;0,0375;KG;3,99;106,40;;;3,49;4792252918870;Piæa
ÈAJ BASILUR EARL GRAY 50 g;384472;;0,0500;KG;3,99;79,80;;;3,49;4792252923768;Piæa
ÈAJ BASILUR CREAM FANTA.37,5 g;384475;;0,0375;KG;3,99;106,40;;;3,49;4792252937932;Piæa
PRALINE S-BUDGET MIX 1 kg;384482;S-Budget;1,0000;kg;9,89;9,89;;;7,99;8057204095099;Hrana
PAŠTETA GAVRIL.TELEÆA 100 g;384501;Gavrilovic;0,1000;kg;1,99;19,90;;;3,99;3858892726662;Hrana
PAŠTETA GAVRILOVIÆ PAÆJA 100 g;384503;Gavrilovic;0,1000;kg;1,99;19,90;;;3,99;3858892726686;Hrana
PAŠTETA GAVRIL.GUŠÈJA 100 g;384504;Gavrilovic;0,1000;kg;1,99;19,90;;;3,99;3858892726648;Hrana
Atlantski namoèeni bakalar;384514;;1,0000;kg;21,99;21,99;;;16,99;;Hrana
KEKS MARC.BAD.SPAR PREM.100 g;384521;SPAR PREMIUM;0,1000;kg;;21,90;2,19;2,99;2,99;9100000042107;Hrana
KEKS BADEM SPAR PREM.100 g;384522;SPAR PREMIUM;0,1000;kg;;21,90;2,19;2,99;2,99;9100000042060;Hrana
KRUH SJEME BEZ GLUTENA 200 g;384528;;0,4000;kg;2,59;6,48;;;2,59;3859893064111;Hrana
VOÆ.PLO.N.A!JABUKA-BOROVN.35 g;384531;Nature Addicts;0,0350;kg;1,69;48,29;;;1,69;3609200010474;Hrana
ÈOK.PRUTIÆ KINDER CRISPY 170 g;384532;Kinder;0,1700;kg;5,09;29,94;;;4,49;8000500434161;Hrana
PIVO STELLA ARTO.5X0,5 L+ÈAŠA ;384545;Stella Artois;2,5000;L;9,14;3,66;;;9,14;3850131006191;Piæa
VEGANSKI FRANKFURT.SPAR.240 g;384555;SPAR Veggie;0,2400;kg;3,89;16,21;;;2,99;9100000040165;Hrana
PECIVO MIJEŠ.SL.S-BUDGET 300 g;384647;S-Budget;0,3000;kg;3,99;13,30;;;1,99;9100000081342;Hrana
ÈIPS PAPRIKA S BUDGET 150 g;384663;S-Budget;0,1500;kg;1,15;7,67;;;0,89;3856021221347;Hrana
TORTA PISTACIJA MALINA 1000 g;384712;;1,0000;kg;13,99;13,99;;;13,99;3870622002747;Hrana
OSVJ.WC BREF EARTH 3X50 g;384713;Bref;0,1560;kg;3,99;25,58;;;6,75;9000101824889;Sredstva za èišæenje
OSVJ.WC BREF FIRE 3X50 g;384714;Bref;0,1560;kg;3,99;25,58;;;6,75;9000101824919;Sredstva za èišæenje
PRŠUT 18.MJ.PREMIUM 90 g DOBRO;384738;Dobro;0,0900;kg;3,99;44,33;;;4,99;3850133816224;Hrana
KULEN PREMIUM 90 g DOBRO;384741;Dobro;0,0900;kg;3,99;44,33;;;4,69;3850133816255;Hrana
INS.KAVA JACOBS VELVET 2X180 g;384781;Jacobs;0,3600;KG;19,99;55,53;;;14,99;3858895410353;Piæa
NAMAZ DESPAR PREMI.PIST. 200 g;384797;Premium;0,2000;kg;5,99;29,95;;;5,99;9100000037523;Hrana
SP SPUŽVA ZA SUÐE,SENSITIV 3/1;384798;Splendid;3,0000;kom;1,99;0,66;;;1,99;9100000041759;Proizvodi za kuæanstvo
KAP.WEISSER RIESE LOT&MED.80/1;384800;Weisser Riese;0,9600;kg;17,99;18,74;;;23,99;4015200033839;Sredstva za èišæenje
OSV.AUT.REF.GLADE BOŽUR 269 ml;384806;Glade;269,0000;ml;8,69;0,03;;;8,69;5000204000948;Sredstva za èišæenje
VL.MAR WHITEDAY BABY 60/1;384808;;60,0000;KOM;1,59;0,03;;;1,59;8684718450108;Toaletne potrepštine
HIGIJENSKI ULOŽAK VIR EXT.10/1;384814;Vir;10,0000;;2,39;0,24;;;2,39;3838985022253;Toaletne potrepštine
BAZA GLADE VANILIJA 20 ml;384823;Glade;20,0000;ml;5,89;0,29;;;6,89;5000204333671;Sredstva za èišæenje
SCHOFRULADE MANGO U ÈOKO.130 g;384831;;0,1300;kg;;23,00;2,99;3,99;3,99;5901122237365;Hrana
SCHOFRULADE JAGODA U ÈOK.130 g;384833;;0,1300;kg;;23,00;2,99;3,99;3,99;5901122237129;Hrana
ŠAMP.SCHAUMA SENSITIVE 400 ml;384834;Schauma;0,4000;l;3,99;9,98;;;3,79;9000101737844;Kozmetika
ŠAMP.SCHAUMA BOOSTER 400 ml;384835;Schauma;0,4000;l;3,99;9,98;;;3,79;9000101738001;Kozmetika
TUNA RIO MARE HOT 3X65 g;384836;Rio Mare;0,1560;kg;5,89;37,76;;;5,89;8004030271425;Hrana
PASTA COLGATE JUNIOR 50 ml;384841;Colgate;0,5000;l;2,39;4,78;;;2,25;8718951610613;Kozmetika
MELEM ZA USNE I OBRAZ D.4,5 g ;384880;Melem;1,0000;kom;;1,49;1,49;2,49;3,79;3856007912115;Kozmetika
MELEM ZA USNE I OBRAZ B.4,5 g ;384881;Melem;1,0000;kom;3,99;3,99;;;3,79;3856007912122;Kozmetika
MELEM ZA USNE GLOSSY 10 ml;384882;Melem;0,0100;l;5,99;599,00;;;5,99;3856007911910;Kozmetika
MELEM ZA USNE MELTED T. 10 ml;384883;Melem;0,0100;l;5,99;599,00;;;5,99;3856007911927;Kozmetika
VINO ROMANCE ROSE 0,75 L;384896;;0,7500;L;12,02;16,03;;;12,02;3760033596259;Piæa
VINO CHETEAU ELIXIR DG 0,75 L ;384897;;0,7500;L;8,02;10,69;;;8,02;3760257460053;Piæa
PJ.LUC BELAIRE FANTOME 0,75L;384906;;0,7500;L;14,99;19,99;;;20,02;0813497005577;Piæa
PREZE.BILLY BOY 3/1;384917;Billy Boy;3,0000;KOM;2,79;0,93;;;2,65;4008600439394;Toaletne potrepštine
PREZE.BILLY BOY FEEL IT 10/1;384919;Billy Boy;10,0000;KOM;6,89;0,69;;;6,89;4008600433637;Toaletne potrepštine
ZUB.PASTA SIGNAL JAGODA 75 ml;384921;Signal;1,0000;kom;3,49;3,49;;;3,49;8720181501821;Kozmetika
SRED.DESPAR LAVANDA 1 L;384922;Despar;1,0000;L;1,59;1,59;;;1,59;8001300891543;Sredstva za èišæenje
ZUB.PASTA SIGNAL JUNIOR 75 ml;384925;Signal;1,0000;kom;3,49;3,49;;;3,49;8720181501845;Kozmetika
SRED.DESPAR LIME 1 L;384926;Despar;1,0000;L;1,59;1,59;;;1,59;8001300891550;Sredstva za èišæenje
ZUB.PASTA SIGNAL VOÆE 75 ml;384929;Signal;1,0000;kom;3,49;3,49;;;3,49;8720181501838;Kozmetika
GEL GLADE CLEAN LINEN 180 ml;384938;Glade;180,0000;ml;3,69;0,02;;;3,69;5000204353327;Sredstva za èišæenje
SRE.SPLENDID ZA KAMENAC 1 L;384953;Splendid;1,0000;L;2,49;2,49;;;2,65;9100000022239;Sredstva za èišæenje
NARANÈA ÈOKOLADNA 1,5 kg;384954;;1,5000;kg;3,49;2,33;;;3,99;8436572135857;Hrana
OSVJEŽ.PIÆE SPAR BOROVNICA 1 L;384984;SPAR;1,0000;L;1,99;1,99;;;1,99;9100000049809;Piæa
VINO PRIMITIVO ICE 0,75 L;384985;;0,7500;L;8,99;11,99;;;8,99;8009620875526;Piæa
VINO IL POTERE 0,75 L;384986;;0,7500;L;8,99;11,99;;;8,99;8009620842863;Piæa
VINO PRIMITIVO D.SSALEN.0,75 L;384988;;0,7500;L;7,99;10,65;;;7,99;8009620838248;Piæa
VINO LE ANFORE ROSSO SA. 0,75L;384991;;0,7500;L;9,49;12,65;;;11,99;8009620871900;Piæa
VINO BLANCO BARON  D.V. 0,75 L;384998;;0,7500;L;5,02;6,69;;;5,02;8410310095139;Piæa
VINO ROUGE BARON D.V. 0,75 L ;384999;;0,7500;L;5,02;6,69;;;5,02;8410310095191;Piæa
VINO TINTO PLUVIUM 0,75 L;385000;;0,7500;L;3,99;5,32;;;3,99;8410310612497;Piæa
VINO BLANCO PLUVIUM 0,75 L;385001;;0,7500;L;3,99;5,32;;;3,99;8410310612473;Piæa
TORTILLA ÈIPS TAKIS 90 g;385002;Takis;0,0900;kg;;19,89;1,79;3,99;0,49;5941143028818;Hrana
GEL T.BEAUTY KISS MEN F 500 ml;385022;Beauty Kiss;0,5000;L;1,49;2,98;;;1,49;3856021227905;Kozmetika
GEL T.BEUTY KISS MEN SE 500 ml;385023;Beauty Kiss;0,5000;L;1,49;2,98;;;1,49;3856021227882;Kozmetika
GEL TUŠ.BEAUTY KISS BAD 500 ml;385024;Beauty Kiss;0,5000;L;1,49;2,98;;;1,49;3856021227868;Kozmetika
GEL TUŠ.BEAUTY KISS AR. 500 ml;385025;Beauty Kiss;0,5000;L;1,49;2,98;;;1,49;3856021227844;Kozmetika
SAP.TEK.DESPAR XME ARGAN  1 L;385072;Despar;1,0000;L;2,25;2,25;;;1,79;8001300902430;Kozmetika
REG.DICORA SMOTH SHI 400 ml;385073;DICORA;0,4000;kom;;4,88;1,95;3,89;3,89;8480029434970;Kozmetika
REG.DICORA REPAIR 400 ml;385074;DICORA;0,4000;kom;;4,88;1,95;3,89;3,89;8480029434987;Kozmetika
ŠAM.DICORA SMOOTH SH. 4000 ml;385075;DICORA;0,4000;l;;4,88;1,95;3,89;3,89;8480029434918;Kozmetika
ŠAM.DICORA MAX REAPIR  400 ml;385077;DICORA;0,4000;l;;4,88;1,95;3,89;3,89;8480029434925;Kozmetika
GEL TUŠ.DICORA VETIVER  400 ml;385079;DICORA;0,4000;L;;4,13;1,65;3,29;3,29;8410262902158;Kozmetika
GEL TUŠ.DICORA CITRUS  400 ml;385081;DICORA;0,4000;L;;4,13;1,65;3,29;3,29;8410262902103;Kozmetika
GEL TUŠ.DICORA ALMOND  400 ml;385084;DICORA;0,4000;L;;4,13;1,65;3,29;3,29;8410262902097;Kozmetika
GEL TUŠ.DICORA JOGURT  400 ml;385088;DICORA;0,4000;L;;4,13;1,65;3,29;3,29;8429871991514;Kozmetika
TEK. SAPUN DICORA CITR. 500 ml;385090;;0,5000;L;3,29;6,58;;;3,29;8410262902271;Kozmetika
TEK. SAPUN DICORA ALMON 500 ml;385091;DICORA;0,5000;L;3,29;6,58;;;3,29;8410262902264;Kozmetika
TEK. SAPUN DICORA MILK  500 ml;385092;DICORA;0,5000;L;3,29;6,58;;;3,29;8410262902257;Kozmetika
ROLL ON BOROTALCO PURE M 50 ml;385124;Borotalco;0,0500;L;3,99;79,80;;;3,50;80775010;Kozmetika
ROLL ON BOROTALCO PURE M 50 ml;385125;Borotalco;0,0500;L;3,99;79,80;;;3,50;80807223;Kozmetika
ROLL ON BOROTALCO PU.UNI 50 ml;385126;Borotalco;0,0500;L;3,99;79,80;;;3,50;80766858;Kozmetika
DEO SP.BOROTALCO P.UNIQ 150 ml;385127;Borotalco;0,1500;L;3,99;26,60;;;3,50;8002410043570;Kozmetika
DEO SP.BOROTALCO P.MARI 150 ml;385128;Borotalco;0,1500;L;3,99;26,60;;;3,50;8002410043099;Kozmetika
GRAH SPAR CRVENI 380 g;385162;SPAR Qualitätsmarke;0,2280;kg;0,99;4,34;;;0,99;9100000017808;Hrana
ŠAMPON OLIVAL AMLA 250 ml;385163;Olival;0,2500;L;6,89;27,56;;;6,29;3858892695937;Kozmetika
LOSION OLIVAL NEEM 150 ml;385164;Olival;0,1500;l;6,99;46,60;;;6,99;3858892695814;Kozmetika
LOSION OLIVAL HAMAMELIS 150 ml;385165;Olival;0,1500;l;7,49;49,93;;;7,49;3858892696019;Kozmetika
GRAH SPAR BIJELI 380 g;385166;SPAR Qualitätsmarke;0,2280;kg;0,99;4,34;;;0,99;9100000049960;Hrana
SLANUTAK SPAR 380 g;385167;SPAR Qualitätsmarke;0,2280;kg;0,99;4,34;;;0,99;9100000050003;Hrana
LEÆA SPAR 380 g;385168;SPAR Qualitätsmarke;0,2280;kg;0,99;4,34;;;0,99;9100000049984;Hrana
MASKA ZA OCI ISANA VIT.C 2 kom;385169;ISANA;2,0000;kom;0,99;0,50;;;0,99;4068134022776;Kozmetika
KOMPOT SPAR TREŠNJA 680 g;385170;SPAR Qualitätsmarke;0,3850;kg;2,49;6,47;;;2,49;9100000737829;Hrana
MASKA OCI ISANA LUBENICA 2 kom;385171;ISANA;2,0000;kom;0,99;0,50;;;0,99;4305615888330;Kozmetika
KOMPOT SPAR ŠLJIVA 680 g;385172;SPAR Qualitätsmarke;0,3850;kg;1,89;4,91;;;1,79;9100000738130;Hrana
MASLINE PAPR.KAPARI LUXE.450 g;385178;Luxeapers;0,2500;kg;2,99;11,96;;;2,99;8400043332892;Hrana
KUKU.LEDOLETTE S ABC SIR.800 g;385179;Ledo;0,8000;kg;4,99;6,24;;;4,99;3850116067520;Hrana
VREÆA ZA SMEÆE 35L 15/1 ALUFIX;385181;;15,0000;kom;3,59;0,24;;;3,59;4823071655322;Proizvodi za kuæanstvo
VREÆA ZA SMEÆE.60L,10/1,ALUFIX;385182;;10,0000;kom;5,49;0,55;;;5,49;4823071657913;Proizvodi za kuæanstvo
VREÆA ZA SMEÆE.35L,15/1,ALUFIX;385183;;15,0000;kom;4,89;0,33;;;4,89;4823071657890;Proizvodi za kuæanstvo
VREÆICA ZA SPREM.NAMIR.ALUFIX;385184;;1,0000;kom;5,79;5,79;;;5,79;4823071655759;Proizvodi za kuæanstvo
ALUMINIJSKA FOLIJA 10 M,ALUFIX;385185;;1,0000;kom;3,39;3,39;;;3,39;5949509000034;Proizvodi za kuæanstvo
KEKS S-BUDGET MLJEVENI 500 g;385215;S-Budget;0,5000;kg;1,89;3,78;;;1,89;3856021228292;Hrana
ÈET.ZA ZUBE DENTA KISS BIO 1/1;385248;Denta Kiss;1,0000;kom;1,99;1,99;;;1,99;9100000984254;Kozmetika
KUPKA ZA BEBE MIXA 2U1 400 ml;385273;Mixa Baby;0,4000;L;5,69;14,23;;;5,99;3600551155173;Kozmetika
KUPKA ZA BEBE MIXA 400 ml;385276;Mixa Baby;0,4000;L;5,69;14,23;;;5,99;3600551155166;Kozmetika
Rajèica grapolo S Budget rfs;385291;S-BUDGET;1,0000;kg;2,49;2,49;;;1,69;3858893251705;Hrana
DEO KR.NAJFINIJI SLAT.NA.50 ml;385296;NAJFINIJI;0,0500;L;6,29;125,80;;;6,29;3859893913853;Kozmetika
ŠAMP.GLISS FULL HAIR 400 ml;385307;Gliss;0,4000;l;5,59;13,98;;;5,59;9000101749298;Kozmetika
ŠAMP.GLISS LIQUID SILK 400 ml;385308;Gliss;0,4000;l;5,59;13,98;;;5,59;9000100549592;Kozmetika
REG.GLISS FULL HAIR 200 ml;385309;Gliss;0,2000;l;4,69;23,45;;;4,69;9000101749533;Kozmetika
REG.GLISS LIQUID SILK 200 ml;385310;Gliss;0,2000;l;4,69;23,45;;;4,69;3838824086699;Kozmetika
SAPUN DOVE BEAUTY 2X90 g;385311;Dove;0,1800;kg;;13,83;2,49;3,39;3,49;8720181481239;Kozmetika
REG.GLISS ERC FULL HAIR 200 ml;385312;Gliss;0,2000;l;5,59;27,95;;;5,59;9000101749670;Kozmetika
REG.GLISS ERC LIQUID 200 ml;385313;Gliss;0,2000;l;5,59;27,95;;;5,59;9000100256087;Kozmetika
MORTADELA S BUDGET 150 g NAR.;385322;S-Budget;0,1500;kg;1,79;11,93;;;1,75;8057204097024;Hrana
ŠUNKA KUHANA S BUDGET 150 g ;385325;S-Budget;0,1500;kg;2,09;13,93;;;2,05;8057204097031;Hrana
ÈIPS PAPRIKA S BUDGET 90 g;385335;S-Budget;0,0900;kg;0,88;9,78;;;0,84;3856021221323;Hrana
ÈIPS PAPRIKA S BUDGET 250 g;385339;S-Budget;0,2500;kg;1,69;6,76;;;1,59;3856021221484;Hrana
TEK.DET.DASH ALP.FRISC.2,25 L;385341;Dash;2,2500;L;;4,44;9,99;12,99;12,99;4012400504008;Sredstva za èišæenje
ÈIPS SLANI S BUDGET 90 g;385343;S-Budget;0,0900;kg;;5,44;0,49;0,87;0,84;3856021221262;Hrana
ÈIPS SLANI S BUDGET 150 g;385347;S-Budget;0,1500;kg;0,99;6,60;;;0,89;3856021221286;Hrana
PAPIR ZA PEÈ.U LIS.50/1,ALUFIX;385348;;50,0000;kom;8,59;0,17;;;8,59;5949509002113;Proizvodi za kuæanstvo
ÈIPS SLANI S BUDGET 250 g;385349;S-Budget;0,2500;kg;1,69;6,76;;;1,59;3856021221309;Hrana
ÈIPS SIR I VRH.S BUDGET 150 g;385352;S-Budget;0,1500;kg;0,99;6,60;;;0,99;3856021221446;Hrana
KOKICE SLANE S BUDGET 125 g;385357;S-Budget;0,1250;kg;0,79;6,32;;;0,79;3856021221422;Hrana
FLIPS S BUDGET 150 g;385359;S-Budget;0,1500;kg;0,99;6,60;;;0,89;3856021221385;Hrana
FLIPS S BUDGET S KIKIR.250 g;385362;S-Budget;0,2500;kg;1,29;5,16;;;1,29;3856021221460;Hrana
ŠAMP.GOT2B EXTRA VOLUME 200 ml;385364;Got2b;0,2000;l;6,99;34,95;;;6,99;9000101043662;Kozmetika
ŠAMP.GOT2B EXTRA FRESH 200 ml;385365;Got2b;0,2000;l;6,99;34,95;;;6,99;9000101043211;Kozmetika
TONIK SCHAUMA HAIR BOO. 200 ml;385366;Schauma;0,2000;l;3,99;19,95;;;4,49;9000101738162;Kozmetika
SPREJ TAFT X GLISS 150 ml;385367;Taft;0,1500;l;5,39;35,93;;;5,39;9000101735710;Kozmetika
LAK TAFT X GLISS 250 ml;385368;Taft;0,2500;l;5,39;21,56;;;5,39;9000101735857;Kozmetika
GEL ZA KOSU GOT2B 150 ml;385369;Got2b;0,1500;l;;19,93;2,99;5,99;6,99;9000101738575;Kozmetika
VINO VETOS CAB.SAUVIGN .0,75 L;385371;;0,7500;L;14,99;19,99;;;14,99;0710497725774;Piæa
VINO VETOS CHARDONNAY 0,75 L;385372;;0,7500;L;12,99;17,32;;;14,99;0710497725767;Piæa
ŠAMPON MIXA BABY 300 ml;385373;Mixa Baby;0,3000;L;4,49;14,97;;;4,49;3600551154466;Kozmetika
VINO VETOS MUŠKAT 0,5 L;385379;;0,5000;L;;17,98;8,99;11,99;11,99;0710497725781;Piæa
VINO VETOS GRAŠEVINA 0,75 L;385385;;0,7500;L;8,99;11,99;;;9,99;0745604648677;Piæa
DOMAÆA BAKLAVA PISTACIO 500 g;385404;;0,5000;kg;;7,98;3,99;4,59;5,29;3859892847678;Hrana
TP ZEWA MAGIC GARDEN 3SL.16/1;385441;Zewa;16,0000;KOM;6,49;0,41;;;4,99;7322540802191;Toaletne potrepštine
KOLAÈ SPAR MONTE 460 g;385452;SPAR marka kvalitete;0,4600;kg;5,99;13,02;;;5,99;3856021228704;Hrana
FINI DOMAÆI KOLAÈI 290 g;385474;;0,2900;kg;4,38;15,10;;;4,29;3858889893704;Hrana
KOLAÈ MAÐARICA 500 g;385476;;0,5000;kg;6,39;12,78;;;5,99;3856028401162;Hrana
POVRÆE MIX ŠARENI S-BUDGE.1 kg;385505;S-Budget;1,0000;kg;3,49;3,49;;;2,96;9100000875552;Hrana
GYOZA POVRÆE VEGAN SPAR 250 g;385507;SPAR;0,2500;kg;4,79;19,16;;;4,79;9100000989358;Hrana
KOZICE HOT&SPICY SPAR 240 g;385509;SPAR;0,2400;kg;5,99;24,96;;;5,99;9100000978024;Hrana
KAPS.ZA SOK ZUTEC ANANAS 276 g;385515;;0,2740;KG;;14,56;3,99;5,49;4,99;8437021261578;Piæa
ÈAJ AGRISTAR ZELENI 60 g;385524;Agristar;0,0600;KG;2,79;46,50;;;2,79;3858886504795;Piæa
ÈAJ FRANCK BRUSNICA 104 g;385527;Franck;0,1040;KG;3,89;37,40;;;3,89;3850291055404;Piæa
ÈAJ FRANCK MENTA 26 g;385529;Franck;0,0260;KG;1,79;68,85;;;1,79;3850291055411;Piæa
ÈAJ FRANCK BRUSNICA 52 g;385531;Franck;0,0520;KG;2,29;44,04;;;2,49;3850291055428;Piæa
ÈAJ FRANCK PLANINSKI 35 g;385533;Franck;0,0350;KG;2,49;71,14;;;2,49;3850291055527;Piæa
ÈIPS PRINGLES ORIGINAL 185 g;385541;Pringles;0,1850;kg;2,09;11,30;;;3,49;5053990167807;Hrana
ÈIPS PRINGLES PAPRIKA 185 g;385542;Pringles;0,1850;kg;2,09;11,30;;;3,49;5053990167692;Hrana
ÈIPS PRINGL.S.CREAM&ONI.185 g;385543;Pringles;0,1850;kg;2,09;11,30;;;3,49;5053990167845;Hrana
EN.PIÆE MONSTER ULTRA JA.0,5 L;385545;Monster;0,5000;L;1,95;3,90;;;1,95;5056784900734;Piæa
SOK HAPPY DAY SUNSHINE 1 L;385549;Rauch;1,0000;L;2,29;2,29;;;2,29;9008700237857;Piæa
VINO JOSIÆ GRAND CUVEE 0,75 L;385550;;0,7500;l;19,99;26,65;;;19,99;3859890442356;Piæa
SD SPUŽVICA SCRUB DADDY SRCE;385551;;1,0000;kom;;2,79;2,79;3,99;3,39;5060481024174;Proizvodi za kuæanstvo
SD SPUŽVICA SCRUB MOMMY SRCE;385553;;1,0000;kom;;2,79;2,79;3,99;3,39;5060481024181;Proizvodi za kuæanstvo
Krumpir batat ljubièasti rfs;385565;;1,0000;kg;2,49;2,49;;;2,99;3859891295982;Hrana
NAPITAK BOOM BOX RIŽA 1 L;385567;Boom Box;1,0000;l;3,29;3,29;;;3,09;3856027801963;Piæa
VIT.VODA CEDEVITA LIM.AN.1,5 L;385570;Cedevita;1,5000;L;1,69;1,13;;;1,69;3850322017050;Piæa
VIT.VODA CEDEV.LIMUN NAR.1,5 L;385571;Cedevita;1,5000;L;1,69;1,13;;;1,69;3850322017036;Piæa
PLOÈ.CORNY PROT.CHO.KARAM.45 g;385573;Corny;0,0450;kg;2,19;48,67;;;2,19;4011800297114;Hrana
PLOÈ.CORNY PROT.KIK.KARAM.45 g;385574;Corny;0,0450;kg;2,19;48,67;;;2,19;4011800297213;Hrana
GAZIRANO PIÆE SPRITE 1 L;385576;Sprite;1,0000;L;1,59;1,59;;;1,49;5449000335012;Piæa
GAZIRANO PIÆE SPRITE 0,5 L;385579;Sprite;0,5000;L;1,25;2,50;;;1,19;5449000334992;Piæa
EN.PIÆE HELL ZELE.JABUKA 0,5 L;385583;Hell;0,5000;L;1,69;3,38;;;1,69;5999571054732;Piæa
MUS.SPAR FR.FR.ORAŠ.VOÆE 300 g;385585;SPAR free from;0,3000;kg;4,99;16,63;;;4,99;9100000029405;Hrana
EN.PIÆE HELL BRESK.LIMUN 0,5 L;385587;Hell;0,5000;L;1,69;3,38;;;1,69;5999571051878;Piæa
MUS.SPAR FR.FR.BOBI.VOÆE 300 g;385588;SPAR free from;0,3000;kg;4,99;16,63;;;4,99;9100000029429;Hrana
MUS.SPAR FR.FR.AMARANT 300 g;385590;SPAR free from;0,3000;kg;4,99;16,63;;;4,99;9100000029443;Hrana
EN.PIÆE HELL CRNA VIŠNJA 0,5 L;385591;Hell;0,5000;L;1,69;3,38;;;1,69;5999884034346;Piæa
VEGGIE BAZA PLJESKAVICE 150 g;385594;SPAR Veggie;0,1500;kg;;14,60;2,19;3,59;3,59;9100000031828;Hrana
VEGGIE BAZA MLJEVENO 150 g;385595;SPAR Veggie;0,1500;kg;;14,60;2,19;3,59;3,59;9100000031804;Hrana
VEGGIE HAMSHUKA 350 g;385596;SPAR Veggie;0,3500;kg;6,49;18,54;;;6,49;9100000053936;Hrana
GAZ.PIÆE LEMONISH LI.BAZ.0,4 L;385600;;0,4000;L;1,39;3,48;;;1,39;3838471045438;Piæa
GAZ.PIÆE LEMONISH LIMUN 0,4 L;385602;;0,4000;L;1,39;3,48;;;1,39;3838471045414;Piæa
GAZ.PIÆE LEMONISH BAZGA 1,25 L;385603;;1,2500;L;2,29;1,83;;;2,29;3838471049047;Piæa
GAZ.PIÆE LEMONISH LIMUN 1,25 L;385604;;1,2500;L;2,29;1,83;;;2,29;3838471049023;Piæa
SD KRPA SPŽ.DAMP DUSTER;385612;;1,0000;kom;;3,49;3,49;4,99;4,24;5060481024013;Proizvodi za kuæanstvo
TEK.SAPUN DOVE CARE 250 ml;385643;Dove;0,2500;L;2,89;11,56;;;2,89;8720181195051;Kozmetika
TEK.SAPUN DOVE ORIGINAL 250 ml;385644;Dove;0,2500;L;2,89;11,56;;;2,89;8720181191558;Kozmetika
OMEKŠ.LENOR COT.FR.2x1200ml;385645;Lenor;2,4000;l;6,79;2,83;;;6,79;8006540889619;Sredstva za èišæenje
TEK.SAPUN FRESH&CLEAN H 300 ml;385646;Fresh&Clean;0,3000;L;1,99;6,63;;;1,99;8002340006515;Kozmetika
VODA ZA USTA COLGATE 1 L;385671;Colgate;1000,0000;l;7,49;0,01;;;7,49;8718951208681;Kozmetika
VL.TP LOVELY KAMILICA 60/1;385672;Lovely;60,0000;KOM;1,29;0,02;;;0,99;9100000971605;Toaletne potrepštine
PILEÆI FILE MIX 600 g;385673;Perutnina;0,6000;kg;4,99;8,32;;;5,99;3850220428491;Hrana
PILEÆI MIX ZA JUHU 400 g;385674;Perutnina;0,4000;kg;1,19;2,98;;;1,19;3850220428514;Hrana
PILEÆI MINI MIX 500 g;385675;Perutnina;0,5000;kg;2,69;5,38;;;2,65;3850220428507;Hrana
BAKE ROLLS TOMATO&OLIVE 80 g;385686;7 Day's;0,0800;kg;0,80;10,00;;;0,56;7622202016288;Hrana
VINO JP CHEN.CABERNET SYRA.3 L;385687;JP Chenet;3,0000;l;12,99;4,33;;;10,99;3500610027468;Piæa
VINO JP CHE.COL.CHARDONNAY 3 L;385688;JP Chenet;3,0000;l;12,99;4,33;;;10,99;3500610032578;Piæa
HRANA MAÈKE WHISK.GOVED.800 g;385695;Whiskas;0,8000;kg;5,49;6,86;;;5,49;5998749146880;Proizvodi za kuæanstvo
HRANA MAÈKE WHISK.PILET.800 g;385696;Whiskas;0,8000;kg;5,49;6,86;;;5,49;5998749146897;Proizvodi za kuæanstvo
FLAST.GARNIER  PRO.AKNI PI.22/;385713;Garnier;22,0000;KOM;8,99;0,41;;;9,29;3600542573146;Kozmetika
ÈIPS PRINGLES PAP.SLATKA 165 g;385715;Pringles;0,1650;kg;3,49;21,15;;;3,49;5053990175123;Hrana
DEO SPR.NIVEA MEN FRESH 150 ml;385724;Nivea;0,1500;l;3,99;26,60;;;4,99;4005900494900;Kozmetika
DEO SPRAY NIVEA FRESH 150 ml;385725;Nivea;0,1500;l;3,99;26,60;;;4,99;4005900494924;Kozmetika
DEO ROLL ON NIVEA FRESH 50 ml;385726;Nivea;0,0500;l;3,99;79,80;;;4,99;4005900488459;Kozmetika
DEO SPR.NIVEA MEN AC.FR.150 ml;385727;Nivea;0,1500;l;3,99;26,60;;;4,99;4005900388452;Kozmetika
DEO SPR.NIVEA MEN DEEP 150 ml;385728;Nivea;0,1500;l;;13,27;1,99;2,99;4,99;4005900513045;Kozmetika
DEO SPRAY NIVEA B&W UL.150 ml;385729;Nivea;0,1500;l;3,99;26,60;;;4,99;4005900730275;Kozmetika
DEO S.NIVEA MEN B&W 150 ml;385730;Nivea;0,1500;l;3,99;26,60;;;4,99;4005900730312;Kozmetika
DEO ROLL ON NIVEA MEN B. 50 ml;385733;Nivea;0,0500;l;3,99;79,80;;;4,99;4005900730336;Kozmetika
DEO S.NIVEA FRESH SENS. 150 ml;385734;Nivea;0,1500;l;1,99;13,27;;;4,99;4006000012643;Kozmetika
DEO SPR.NIVEA MEN SEN. 150 ml;385735;Nivea;0,1500;l;3,99;26,60;;;4,99;4006000012278;Kozmetika
DEO SPR.NIVEA MEN DRY 150 ml;385737;Nivea;0,1500;l;3,99;26,60;;;4,99;4006000050423;Kozmetika
DEO ROLL ON NIVEA FRESH 50 ml;385739;Nivea;0,0500;l;3,99;79,80;;;4,99;4005900639554;Kozmetika
DEO ROLL ON NIVEA MEN D. 50 ml;385740;Nivea;0,0500;l;;39,80;1,99;2,99;4,99;4006000090344;Kozmetika
DEO SPR.NIVEA MEN D.SP. 150 ml;385742;Nivea;0,1500;l;3,99;26,60;;;4,99;4006000090351;Kozmetika
DEO SPR.NIVEA B&W FRESH 150 ml;385744;Nivea;0,1500;l;3,99;26,60;;;4,99;4005900388575;Kozmetika
DEO ROLL ON NIVEA B&W F. 50 ml;385745;Nivea;0,0500;l;3,99;79,80;;;4,99;4005900388599;Kozmetika
DEO SPRAY NIVEA B&W 150 ml;385746;Nivea;0,1500;l;3,99;26,60;;;4,99;4005900388612;Kozmetika
DEO ROLL ON NIVEA MEN B. 50 ml;385747;Nivea;0,0500;l;3,99;79,80;;;4,99;4005900388674;Kozmetika
DEO ROLL ON NIVEA B&W O. 50 ml;385748;Nivea;0,0500;l;3,99;79,80;;;4,99;4005900388636;Kozmetika
DEO ROLL ON NIVEA DRY 50 ml;385749;Nivea;0,0500;l;3,99;79,80;;;4,99;4005900388513;Kozmetika
DEO ROLL ON NIVEA PURE 50 ml;385750;Nivea;0,0500;l;3,99;79,80;;;4,99;4005900388896;Kozmetika
DEO ROLL ON NIVEA P&B 50 ml;385751;Nivea;0,0500;l;3,99;79,80;;;4,99;4005900389015;Kozmetika
DEO SPRAY NIVEA P&B 150 ml;385752;Nivea;0,1500;l;3,99;26,60;;;4,99;4005900388995;Kozmetika
DEO SPR.NIVEA MEN P&C 150 ml;385753;Nivea;0,1500;l;3,99;26,60;;;4,99;4005900388957;Kozmetika
DEO SPRAY NIVEA FR.NAT. 150 ml;385754;Nivea;0,1500;l;3,99;26,60;;;4,99;4005900388476;Kozmetika
DEO SPR.NIVEA MEN COOL 150 ml;385755;Nivea;0,1500;l;3,99;26,60;;;4,99;4005900388810;Kozmetika
DEO SPR.NIVEA MEN B&W 150 ml;385756;Nivea;0,1500;l;3,99;26,60;;;4,99;4005900388650;Kozmetika
DEO ROLL ON NIVEA MEN D. 50 ml;385757;Nivea;0,0500;l;3,99;79,80;;;4,99;4005900388490;Kozmetika
DEO ROLL ON NIVEA MEN C. 50 ml;385758;Nivea;0,0500;l;3,99;79,80;;;4,99;4005900388834;Kozmetika
KREMA MIXA SPF50 NIAMICI.50 ml;385759;MIXA;0,0500;L;10,99;219,80;;;10,99;3600551164601;Kozmetika
GEL TUŠ.NIVEA FRES.ALOE 250 ml;385760;Nivea;0,2500;l;2,69;10,76;;;2,99;4006000032238;Kozmetika
GEL TUŠ.NIVEA SOFT 250 ml;385761;Nivea;0,2500;l;2,69;10,76;;;2,99;4005808123865;Kozmetika
GEL TUŠ.NIVEA FIT FRESH 250 ml;385762;Nivea;0,2500;l;2,69;10,76;;;2,99;4005808134397;Kozmetika
GEL NIVEA MEN SPORT 250 ml;385763;Nivea;0,2500;l;2,99;11,96;;;2,99;4006000032252;Kozmetika
GEL NIVEA MEN ENERGY 250 ml;385765;Nivea;0,2500;l;2,99;11,96;;;2,99;4005808678747;Kozmetika
GEL NIVEA MEN ACTIVE 250 ml;385766;Nivea;0,2500;l;2,99;11,96;;;2,99;4005900123749;Kozmetika
GEL NIVEA MEN COOL KICK 250 ml;385767;Nivea;0,2500;l;2,99;11,96;;;2,99;4005808678716;Kozmetika
KREMA NIVEA SOFT 200 ml;385768;Nivea;0,2000;l;6,29;31,45;;;6,29;4005900980298;Kozmetika
KREMA NIVEA SOFT 300 ml;385769;Nivea;0,3000;l;7,49;24,97;;;7,49;4005900968180;Kozmetika
KREMA NIVEA MEN 75 ml;385771;Nivea;0,0750;l;3,99;53,20;;;3,99;4005900115010;Kozmetika
KREMA NIVEA KAKAO MASL. 250 ml;385775;Nivea;0,2500;l;4,99;19,96;;;4,99;42439424;Kozmetika
GEL TUŠ.PALMOLIVE OLIVE 1L;385793;Palmolive;1,0000;l;6,19;6,19;;;6,99;8718951509238;Kozmetika
AMPULE MAX BIOCIDE ZA PSE 5/1;385828;;5,0000;kom;5,59;1,12;;;5,59;8437005500037;Proizvodi za kuæanstvo
AMPULE MAX BIOCIDE ZA MAÈ.5/1;385832;;5,0000;kom;5,59;1,12;;;5,59;8437005456020;Proizvodi za kuæanstvo
PUDER PROTIV NAMETNIKA 100 g;385833;;0,1000;kg;5,99;59,90;;;5,99;8437005400832;Proizvodi za kuæanstvo
OGRLICA PROTIV NAMETNIKA 75 cm;385837;;1,0000;kom;4,19;4,19;;;4,19;8437005500020;Proizvodi za kuæanstvo
OGRLICA PROTIV NAMETNIKA 38 cm;385838;;1,0000;kom;3,29;3,29;;;3,29;8437005456600;Proizvodi za kuæanstvo
OGRLICA PROTIV NAMETNIKA 42 cm;385839;;1,0000;kom;3,29;3,29;;;3,29;8437005500006;Proizvodi za kuæanstvo
PJ.VINO PIENA ROSE 0,75L;385854;;0,7500;L;;17,32;12,99;15,99;15,99;3857500082510;Piæa
VINO I.KAT.ŽLAHTINA SELE.0,75L;385855;;0,7500;L;14,99;19,99;;;14,99;3859890869498;Piæa
ORAHNJAÈA 900 g;385861;;0,9000;kg;6,99;7,77;;;6,99;3850135267833;Hrana
MAKOVNJAÈA  900 g;385862;;0,9000;kg;6,99;7,77;;;6,99;3850135267840;Hrana
VINO SANSIGOT I.KATUNAR 0,75 L;385866;;0,7500;L;15,99;21,32;;;15,99;3859890869214;Piæa
VINO TRES REYES TEMPR. 0,75 L;385869;;0,7500;L;8,49;11,32;;;8,49;8437014028263;Piæa
KREMA MIXA PROTIV SUHOÆE 50 ml;385875;MIXA;0,0500;l;10,99;219,80;;;10,99;3600551156750;Kozmetika
KREMA MIXA ZA TI. PROTI 400 ml;385876;MIXA;0,4000;l;8,99;22,48;;;8,99;3600551164588;Kozmetika
ULJA MIXA PROTIV STRIJA 100 ml;385877;MIXA;0,1000;l;10,99;109,90;;;10,99;3600551164557;Kozmetika
KREMA D OLIVE ZA RU.TJE 150 ml;385880;Dalan;0,1500;L;2,99;19,93;;;2,99;8690529009770;Kozmetika
SERUM LOREAL REV.LASER 30 ml;385883;LOREAL;0,3000;l;22,99;76,63;;;23,99;3600524197711;Kozmetika
GEL LOREAL REVITALIFT 150 ml;385884;LOREAL;0,1500;l;6,99;46,60;;;6,99;3600524165222;Kozmetika
GEL LOREAL REVITALIFT  150 ml;385885;LOREAL;0,1500;l;6,99;46,60;;;6,99;3600524165147;Kozmetika
KREMA LOREAL BR.REV.TON.50 ml ;385894;LOREAL;0,0500;l;19,99;399,80;;;19,99;3600524186845;Kozmetika
KREMA LOREAL BR.REV.TON.50 ml ;385896;LOREAL;0,0500;l;9,99;199,80;;;19,99;3600524186951;Kozmetika
FLUID LOREAL BRIG.SPF50+ 50 ml;385899;LOREAL;0,0500;l;15,49;309,80;;;15,49;3600524187071;Kozmetika
SPREJ GARNIER S VITAMI.C 75 ml;385900;Garnier;0,0750;L;12,99;173,20;;;12,99;3600542626705;Kozmetika
CAPPUCC.NESCAFE ORIGINAL 189 g;385968;Nestle;0,1890;KG;6,49;34,34;;;6,49;8445291643772;Piæa
CAPPUCC.NESCAFE VANILIJA 196 g;385969;Nestle;0,1960;KG;6,49;33,11;;;6,49;8445291643796;Piæa
CROISSANT MILKA VANILIJA 50g;385989;Milka;0,0500;kg;;15,80;0,79;1,09;1,09;7622202257223;Hrana
CROISSANT MILKA CHOCO 50g;385990;Milka;0,0500;kg;;15,80;0,79;1,09;1,09;7622202257186;Hrana
PAŠTETA POLI PILE.CHILLI 95 g;386043;Poli;0,0950;kg;0,99;10,42;;;0,99;3838977044935;Hrana
FLIPS MARBO MAX  PIL.30 g;386068;Clipsy;0,0300;kg;0,95;31,67;;;0,99;8606033741570;Hrana
PJENA ISANA ÈIŠÆE.LICA 165 ml;386069;ISANA;0,1650;L;2,59;15,70;;;2,59;4068134055125;Kozmetika
FLIPS MARBO MAX  PIL.70 g;386071;Clipsy;0,0700;kg;1,89;27,00;;;1,99;8606033741594;Hrana
HRA.ZA PSE PED.GOV.PER.4X100 g;386073;Pedigree;0,4000;kg;2,99;7,48;;;2,99;5900951319679;Proizvodi za kuæanstvo
FLIPS MARBO CLIPSY MIX 150 g;386074;Clipsy;0,1500;kg;1,89;12,60;;;1,99;8606033741464;Hrana
SALATA OD CELERA SPAR 650 g;386077;SPAR Qualitätsmarke;0,3700;kg;2,49;6,73;;;2,49;9100000078250;Hrana
MLIJ.BIOBAZA ZA TIJ.KOZJ250 ml;386078;Biobaza;0,2500;L;;9,20;2,30;3,49;4,69;3856020915810;Kozmetika
MLIJ.BIOBAZA ZA TIJ.MAG.250 ml;386079;Biobaza;0,2500;L;4,69;18,76;;;4,69;3856020915797;Kozmetika
KOMP.SPAR ANAN.KOLUT.836 g;386080;SPAR Qualitätsmarke;0,4900;kg;3,19;6,51;;;2,99;9100000071602;Hrana
MLIJ.BIOBAZA ZA TIJ ZOB 250 ml;386081;Biobaza;0,2500;L;;9,20;2,30;3,49;4,69;3856020915834;Kozmetika
GRAH VITAL CRNI 400 g;386085;SPAR Vital;0,2400;kg;2,19;9,13;;;2,19;9100000050645;Hrana
DEO ST.BIOBAZA MEN BOTAN.50 ml;386087;Biobaza;0,0500;L;5,30;106,00;;;5,30;3856020916442;Kozmetika
ÈIPS CHIO OB PAPRIKA 100 g;386089;Chio;0,1000;kg;2,19;21,90;;;1,89;5996253002326;Hrana
ÈIPS CHIO OB VRHNJE&LUK 100 g;386090;Chio;0,1000;kg;2,19;21,90;;;1,89;5996253002340;Hrana
ÈIPS CHIO OB SLANI 100 g;386096;Chio;0,1000;kg;2,19;21,90;;;1,89;5996253002401;Hrana
ZUB.P.AQUAFRESH WHITE 75 ml;386128;Aquafresh;0,0750;l;3,59;47,87;;;3,59;5054563213945;Kozmetika
ZUB.P.AQUAFRESH PRO.PURE.75 ml;386129;Aquafresh;0,0750;l;3,59;47,87;;;3,59;5054563201355;Kozmetika
KEKS JAFFA KOLAÈ BADEM 60 g;386130;;0,0600;kg;0,99;16,50;;;0,99;8600114011804;Hrana
Muffin Nutella 172 g;386131;;0,1720;kg;3,89;22,62;;;3,99;8000500392935;Hrana
SET MOP SPIN S KANTOM;386138;;1,0000;kom;19,99;19,99;;;19,99;8711252494548;Proizvodi za kuæanstvo
S SALVETE 33x33cm,3-SLOJNE;386142;SPAR marka kvalitete;1,0000;kom;1,59;1,59;;;1,59;9100000053837;Proizvodi za kuæanstvo
BALZAM AZENA BILJNI  150ml;386157;AZENA;0,1500;kom;;23,33;3,50;7,49;7,49;3859888549197;Kozmetika
INTIMNE MARAMICE CHILLY 12/1;386163;Chilly;1,0000;KOM;2,99;2,99;;;2,99;8002410034493;Toaletne potrepštine
SREDSTVO SMAC 650 ml;386164;Smac;0,6500;L;3,79;5,83;;;3,49;8003650030177;Sredstva za èišæenje
PREZE.BILLY BOY FUN MIX 10/1;386166;Billy Boy;10,0000;kom;6,89;0,69;;;6,89;4008600433613;Toaletne potrepštine
MELEM ZA USNE I OBRAZ I.4,5 g ;386174;Melem;1,0000;kom;3,99;3,99;;;3,99;3856007912436;Kozmetika
MLIJEKO NIVEA RICH NOUR. 400 m;386175;Nivea;0,4000;l;;13,98;5,59;6,99;6,99;4006000083315;Kozmetika
LOSION ZA TIJ.NIVEA EX. 400 ml;386176;Nivea;0,4000;l;;13,98;5,59;6,99;6,99;4006000083353;Kozmetika
LOSION ZA TI.NIVEA SOFT 400 ml;386177;Nivea;0,4000;l;;13,98;5,59;6,99;6,99;4006000083650;Kozmetika
LOSION ZA TIJ.NIVEA R&C 400 ml;386178;Nivea;0,4000;l;;13,98;5,59;6,99;6,99;4006000083698;Kozmetika
KREMA NIVEA 250 ml;386179;Nivea;0,2500;l;5,19;20,76;;;5,19;4005900917171;Kozmetika
KEKS DOMAÆ.OR.MINI KRAŠ 100 g;386207;;0,1000;kg;;10,90;1,09;1,49;1,49;3850102014620;Hrana
KEKS DOM.MINI MULTIG.KR.100 g;386208;;0,1000;kg;;10,90;1,09;1,49;1,49;3850102013685;Hrana
LIKER AURA PELINKOVAC 0,5 L;386232;;0,5000;L;25,99;51,98;;;25,99;3859893552250;Piæa
ÈOK.LIZALICA  ZEÈIÆ 25 g;386234;;0,0250;kg;1,49;59,60;;;0,49;5414730000103;Hrana
ÈOK.JAJE PAW PATROL 150 g;386236;;0,1500;kg;6,99;46,60;;;1,99;8030769037544;Hrana
VINO CHARDON.KV.KREŠIÆ 0,75L;386237;;0,7500;L;6,99;9,32;;;6,99;3859892575250;Piæa
ÈOKOLADNO JAJE L.O.L. 150 g;386238;;0,1500;kg;6,99;46,60;;;1,99;8030769033553;Hrana
VINO GOSPOJA CUVEE B.0,75 L;386243;;0,7500;L;9,99;13,32;;;9,99;3859889276580;Piæa
LIKER INCANTO LA.LI.0,5L;386252;;0,5000;L;14,49;28,98;;;14,49;3858891172460;Piæa
LIKER MARASCHINO MARASKA 1L   ;386253;;1,0000;L;16,99;16,99;;;16,99;3850158404703;Piæa
ŽIT.NESTLE ÈOK.LOPTICE 2x225 g;386285;Nestle;0,4500;g;3,49;7,76;;;3,49;3858894301706;Hrana
KOLAÈ PISTACCHIO OBLATNE 200 g;386286;;0,2000;kg;3,99;19,95;;;3,75;3859892892739;Hrana
KOLAÈ KOKOS ROLADA 300 g;386287;;0,3000;kg;3,49;11,63;;;3,49;3859892892753;Hrana
LIKER CHERRY BRANDY MARA. 1L;386288;;1,0000;L;13,99;13,99;;;13,99;3850158401801;Piæa
VINO GRAŠEVINA JERUZALEM 1L;386295;;1,0000;L;5,99;5,99;;;5,99;3830078702981;Piæa
VINO POP ART MOSCAT OT.0,75L;386299;;0,7500;L;6,99;9,32;;;6,99;3830078702806;Piæa
BALZAM LABELLO CLASSIC 4,8 ml;386301;Labello;0,0048;L;2,99;622,92;;;2,35;4006000005782;Kozmetika
BALZAM LABELLO HYDRO C. 4,8 ml;386302;Labello;0,0048;L;3,49;727,08;;;3,30;4006000005836;Kozmetika
BALZAM LABELLO MED REP. 4,8 ml;386303;Labello;0,0048;L;3,49;727,08;;;3,30;4006000002521;Kozmetika
BALZAM LABELLO CHERRY 4,8 ml;386304;Labello;0,0048;l;3,49;727,08;;;3,00;4005900996626;Kozmetika
FLASTERI HANSAPLAST UNIV. 10/1;386306;Hansaplast;10,0000;kom;1,79;0,18;;;1,70;4005900787002;Toaletne potrepštine
FLASTERI HANSAPLAST UNIV. 40/1;386309;Hansaplast;40,0000;kom;3,79;0,09;;;3,75;4005800110740;Toaletne potrepštine
FLAS.HANSAPLAST SENSITIVE 1/1;386320;Hansaplast;1,0000;kom;2,79;2,79;;;2,99;4005800110610;Toaletne potrepštine
VODKA MOSKVA 0,7 L;386337;;0,7000;L;7,99;11,41;;;7,19;3858892460719;Piæa
GIN GREAT HOUSE 0,7 L;386338;;0,7000;L;7,99;11,41;;;7,19;3858892460658;Piæa
TOAST DESPAR MAXI SANDW.550 g;386345;DESPAR;0,5500;kg;1,74;3,16;;;1,79;8001300805601;Hrana
TOAST DESPAR MAXI SANDW.550 g;386347;DESPAR;0,5500;kg;1,99;3,62;;;1,99;8001300805618;Hrana
TORTA ÈOKOLADNA KRALJICA 850 g;386349;;0,8500;kg;13,99;16,46;;;13,99;3859893815546;Hrana
MUFFINI DESPAR S KOM.ÈOK.225 g;386351;DESPAR;0,2250;kg;2,99;13,29;;;2,99;8001300805564;Hrana
PALAÈINKE DESPAR 8/1 280 g;386355;DESPAR;0,2800;kg;2,89;10,32;;;2,99;8001300805557;Hrana
Donut s punj.okusa pistac.69 g;386360;;0,0690;kg;1,19;17,25;;;1,19;1470;Hrana
OTIRAÈ OD KOKOSA,70X40 cm,;386374;;1,0000;kom;;3,99;3,99;5,99;5,99;8010402502158;Proizvodi za kuæanstvo
KREMŠNITA 400 g ;386391;;0,4000;kg;3,46;8,65;;;3,46;3830056441284;Hrana
KOLAÈ PITA S JABUKOM 500 g;386392;;0,5000;kg;4,79;9,58;;;4,79;3830042310112;Hrana
S SALVETE USKRSNE CVIJEÆE;386393;SPAR marka kvalitete;1,0000;kom;0,99;0,99;;;0,99;9100000041285;Proizvodi za kuæanstvo
BABY MRKVA S-BUDGET 450 g;386405;S-Budget;0,4500;kg;1,99;4,42;;;1,99;9100000017976;Hrana
TORT.DOR.NACHO CHESSE160 g;386415;;0,1600;kg;2,99;18,69;;;2,79;8606033741334;Hrana
S SALVETE 24x24 PR. LISTOVI;386417;SPAR marka kvalitete;1,0000;kom;0,99;0,99;;;0,99;9100000041339;Proizvodi za kuæanstvo
FLIPS CLIPSY KIKIRIKI 50 g;386421;;0,0500;kg;0,75;15,00;;;0,79;8606033741440;Hrana
FLIPS CLIPSY HOT DOG 30 g ;386424;Clipsy;0,0300;kg;0,95;31,67;;;0,99;8606033741808;Hrana
S SALVETE PRUGE 30/1,33X33cm;386425;SPAR marka kvalitete;1,0000;kom;1,49;1,49;;;1,49;9100000041353;Proizvodi za kuæanstvo
S SALVETE SRCE;386427;SPAR marka kvalitete;1,0000;kom;3,29;3,29;;;3,29;9100000041254;Proizvodi za kuæanstvo
LIKER PELINKOVAC PREMIUM 0,2 L;386431;SPAR Premium;0,2000;L;;69,95;13,99;17,99;17,99;3856021228377;Piæa
LIKER TERANINO PREMIUM 0,2 L;386432;SPAR Premium;0,2000;L;;69,95;13,99;17,99;17,99;3856021228339;Piæa
RAKIJA ŠLJIVOVICA PREMIUM 0,2L;386435;SPAR Premium;0,2000;L;;69,95;13,99;17,99;17,99;3856021228353;Piæa
RAKIJA VILJAMOVK.PREMIUM 0,2L ;386437;SPAR Premium;0,2000;L;;69,95;13,99;17,99;17,99;3856021228391;Piæa
BU VREÆE ZA SMEÆE 120L 15/1 ;386440;S-BUDGET;15,0000;kom;1,49;0,10;;;1,99;9100000046280;Proizvodi za kuæanstvo
ŠPAGETE KOLEDA 400 g;386441;Koleda;0,4000;kg;1,69;4,23;;;1,89;3859888433618;Hrana
MJEŠ.ZA TEMPURU SPAR 400 g;386442;SPAR Qualitätsmarke;0,4000;kg;2,99;7,48;;;2,99;9100000050065;Hrana
KIMCHI-BIO SPAR SPICIY 260 g ;386446;SPAR Creative;0,2600;kg;3,99;15,35;;;3,99;9100000060057;Hrana
KIMCHI-BIO SPAR MILD 260 g;386449;SPAR Qualitätsmarke;0,2600;kg;3,99;15,35;;;3,99;9100000059990;Hrana
ZAÈ.VEGETA NATUR ZA BATAT 30 g;386455;Podravka;0,0300;kg;1,19;39,67;;;1,19;3856020277406;Hrana
UMAK BAKINA TAJNA RAJÈ.300 g;386458;Bakina Tajna;0,3000;kg;2,99;9,97;;;2,99;8606018022038;Hrana
UMAK BAK.TAJNA BOSILJAK 300 g;386460;;0,3000;kg;2,99;9,97;;;2,99;8606018022045;Hrana
UMAK BAKINA TAJNA CHILLI 300 g;386463;Bakina Tajna;0,3000;kg;2,99;9,97;;;2,99;8606018022052;Hrana
ZAÈ.VEGETA SWEET CHILLI 200 g;386467;Podravka;0,2000;kg;2,49;12,45;;;2,49;3856020276690;Hrana
ZAÈ.VEGETA SMOKED 200 g;386470;Podravka;0,2000;kg;2,49;12,45;;;2,49;3856020276669;Hrana
PESTO TUNA PODRAVKA 190 g;386473;Podravka;0,1900;kg;3,99;21,00;;;3,99;3856020273323;Hrana
PESTO GENOVESE PODRAVKA 190 g;386475;Podravka;0,1900;kg;3,99;21,00;;;3,99;3850104288159;Hrana
KETC.ZIK ZAK PODR.LJUTI 310 g;386476;Podravka;0,3100;kg;2,49;8,03;;;2,49;3856020275730;Hrana
KETC.ZIK ZAK PODR.BLAGI 310 g;386478;Podravka;0,3100;kg;2,49;8,03;;;2,49;3856020275709;Hrana
SALVETE 33x33cm MORE PPD;386483;;1,0000;kom;1,99;1,99;;;1,79;4021766297394;Proizvodi za kuæanstvo
SLADOL.DESIRE KING LEDO 100 ml;386498;King;0,1000;L;2,79;27,90;;;2,79;3850116066219;Hrana
SLAD.KING DESIRE LEDO 3x100 ml;386502;King;0,3000;L;6,99;23,30;;;6,99;3850116066240;Hrana
ULJE MASL.EXTRA.DJEV.SB 750 ml;386511;S-Budget;0,7500;L;8,99;11,99;;;8,99;8057204094603;Hrana
MLIJEKO NIVEA FIORE 200 ml;386517;Nivea;0,2000;L;5,99;29,95;;;7,79;4005900575074;Kozmetika
TONIK NIVEA FIORE LOTO 200 ml;386518;Nivea;0,2000;L;5,99;29,95;;;7,79;4005900575029;Kozmetika
SEND.TRAM.PIL.MAJ.S-BUDG.140 g;386520;S-BUDGET;0,1400;kg;1,69;12,07;;;1,69;8057204092890;Hrana
SEND.TRAM.ŠUN.MAJ.S-BUDG.140 g;386521;S-BUDGET;0,1400;kg;1,69;12,07;;;1,69;8057204092883;Hrana
SEND.TRAM.POV.MAJ.S-BUDG.140 g;386522;S-BUDGET;0,1400;kg;1,69;12,07;;;1,69;8057204092906;Hrana
GEL ZA BRIJANJE NIVEA 200 ml;386531;Nivea;0,2000;l;5,69;28,45;;;5,59;4005900619389;Kozmetika
LOS.NIVEA ZA SKID.ŠMIN.125 ml;386547;Nivea;0,1250;l;5,99;47,92;;;6,69;4005800095979;Kozmetika
ODSTRANJIV.ŠMINKE NIVEA 125 ml;386549;Nivea;0,1250;l;5,99;47,92;;;6,69;4005800096020;Kozmetika
KREMA DNEVNA NIVEA 50 ml;386550;Nivea;0,0500;L;6,99;139,80;;;5,99;4005800097546;Kozmetika
KREMA DNEVNA NIVEA 50 ml;386551;Nivea;0,0500;L;6,99;139,80;;;5,99;4005800097577;Kozmetika
PEZ VREÆICA 86 g USKRS;386553;;0,0850;kg;3,69;43,41;;;3,69;9044400863446;Hrana
LOSION NIVEA SENSITIVE 250 ml;386556;Nivea;0,2500;L;5,99;23,96;;;5,99;4005900216878;Toaletne potrepštine
GEL 3u1 NIVEA KIDS 500 ml;386558;Nivea;0,5000;L;;11,10;5,55;6,99;6,99;4005900672032;Kozmetika
ŠAMPON NIVEA BABY 200 ml;386560;Nivea Baby;0,2000;L;4,99;24,95;;;4,99;9005800369068;Kozmetika
KRE.NIVEA NOÆ.Q10 POWER 50 ml;386561;Nivea;0,0500;L;15,99;319,80;;;15,99;4006000085074;Kozmetika
KI-KI GUM.SPRING WORMS 90 g;386563;;0,0900;kg;1,29;14,33;;;0,49;3850102015122;Hrana
SRE.ARF BLIC 650 ml&CRE.400 ml;386565;Arf;1,0000;kom;3,99;3,99;;;3,99;3850105189912;Sredstva za èišæenje
ŽIT.NESTLE FITNESS COCOA 310 g;386566;Nestle;0,3100;kom;4,99;16,10;;;4,99;5900020043481;Hrana
TUNA SAL.RIO MARE PROLJ.160 g;386568;Rio Mare;0,1600;kg;2,14;13,38;;;4,68;8004030835092;Hrana
MICELARNA VODA NIVEA R. 400 ml;386572;Nivea;0,4000;L;7,99;19,98;;;7,99;9005800304540;Kozmetika
ŽIT.NESTLE FITNESS HONEY 310 g;386575;Nestle;0,3100;kg;4,99;16,10;;;4,99;5900020043504;Hrana
MICELARNA VODA NIVEA 400ml;386576;Nivea;0,4000;L;7,99;19,98;;;7,99;9005800299938;Kozmetika
ŽITAR.LINO PILLOWS WHITE 250 g;386579;Podravka;0,2500;kom;3,49;13,96;;;3,49;3856020278656;Hrana
ŽITAR.LINO PILLOWS DUO 250 g;386583;Podravka;0,2500;kg;3,49;13,96;;;3,49;3856020278687;Hrana
MLIJEKO ÈOKO.BOOST DUKAT 0,5 L;386585;Dukat;0,5000;L;1,69;3,38;;;1,69;3850354019060;Hrana
KRE.DNE.NIVEA Q10 POWER 50 ml;386591;Nivea;0,0500;L;15,99;319,80;;;15,99;4006000085517;Kozmetika
KREMA NIVEA MEN 150 ml;386614;Nivea;0,1500;L;5,49;36,60;;;5,49;4005900107305;Kozmetika
KREMA NIVEA MEN STYLING 150 ml;386617;Nivea;0,1500;L;5,99;39,93;;;5,99;4005900137432;Kozmetika
GEL ZA KOSU NIVEA MEN 150 ml;386619;Nivea;0,1500;L;5,99;39,93;;;5,99;4005900656322;Kozmetika
PIVO LAŠKO ZLATOROG 6X0,5 L;386620;Pivovarna Laško;3,0000;L;;2,20;6,59;7,69;7,69;3830001711066;Piæa
SIR TRAPIST MAÐARSKI 350 g;386621;;0,3500;kg;4,99;14,26;;;4,99;5999073304557;Hrana
GAZIRANO PIÆE FANTA GROŽÐE 2 L;386622;Fanta;2,0000;L;2,39;1,20;;;2,29;5449000338815;Piæa
GAZIRA.PIÆE FANTA GROŽÐE 0,5 L;386625;Fanta;0,5000;L;1,25;2,50;;;1,19;5449000338808;Piæa
GAZ.PIÆE FANTA TUTTI FR.ZE.2 L;386630;Fanta;2,0000;L;2,39;1,20;;;2,29;5449000334671;Piæa
IZOTONIC POWERADE ZERO 0,5 L;386632;Powerade;0,5000;L;1,55;3,10;;;1,65;5449000158987;Piæa
ENER.PIÆE MONSTER RIO PU.0,5 L;386633;Monster;0,5000;L;1,95;3,90;;;1,95;5056784904466;Piæa
DET.SPLENDID LIMUN 500 ml;386636;Splendid;0,5000;L;1,15;2,30;;;1,15;9100000726212;Sredstva za èišæenje
DET.SPLENDID BALSAM 500 ml;386637;Splendid;0,5000;L;1,19;2,38;;;1,10;9100000726151;Sredstva za èišæenje
DET.SPLENDID PR.MASNOÆE 500 ml;386638;Splendid;0,5000;l;1,19;2,38;;;1,15;9100000983141;Sredstva za èišæenje
KEKS DOMAÆICA ORIGINAL 170 g;386640;;0,1700;kg;1,99;11,71;;;1,99;3850102014613;Hrana
PRALINE BAILEYS JAG. 102 g;386644;;0,1020;kg;3,99;39,12;;;2,99;5099872018003;Hrana
FU.VODA DONATURAL LIM.TR.0,5 L;386645;;0,5000;L;1,69;3,38;;;1,69;3838471056335;Piæa
FUN.VODE DONATURAL MENTA 0,5 L;386647;;0,5000;L;1,69;3,38;;;1,69;3838471056250;Piæa
FUNK.VODA DONATURAL ALOE 0,5 L;386648;;0,5000;L;1,69;3,38;;;1,69;3838471056298;Piæa
OSVJ.PIÆE YIPPY COLA NA.0,33 L;386651;Rauch;0,3300;L;1,39;4,21;;;1,39;9008700238687;Piæa
EN.PIÆE RED BULL SEA BL.0,25 L;386656;Red Bull;0,2500;L;1,69;6,76;;;1,69;90456886;Piæa
ENER.PIÆE RED BULL ZERO 0,25 L;386659;Red Bull;0,2500;L;1,69;6,76;;;1,69;90474637;Piæa
LED.ÈAJ XIXO MALINA BOR.0,25 L;386666;;0,2500;L;,79;3,16;;;0,79;5999860497547;Piæa
KOLAÈ BIJELA PITA 400 g;386667;;0,4000;kg;4,99;12,48;;;4,99;3856028408543;Hrana
ÈOK. MARCIPAN TAM. NIE. 110 g;386670;;0,1100;kg;5,99;54,45;;;3,99;4000161060116;Hrana
ÈOK. MARCIPAN NAR. NIE. 110 g;386671;;0,1100;kg;5,99;54,45;;;3,99;4000161060260;Hrana
ÈOK.MARC.ORAH-RUM NIE. 110 g;386672;;0,1100;kg;5,99;54,45;;;3,99;4000161060932;Hrana
PIVO ZMAJSK.PALE ALE LIM.0,5 L;386676;;0,5000;L;2,48;4,96;;;2,48;3858895210519;Piæa
GEL TUŠ.FA JASMIN 2x400 ml;386682;Fa;0,8000;l;4,99;6,24;;;4,99;3838824432953;Kozmetika
GAZIRA.PIÆE MIRINDA ZERO 0,5 L;386684;Mirinda;0,5000;L;1,15;2,30;;;1,15;3830065023808;Piæa
Èešnjovka narezak Pivac;386685;Pivac;1,0000;kg;19,99;19,99;;;19,99;3859892881498;Hrana
GAZIRANO PIÆE MIRINDA ZERO 2 L;386687;Mirinda;2,0000;L;;0,93;1,85;1,99;2,05;3830065023846;Piæa
VIT.VODA DTX WTR JAS.BRE.0,5 L;386691;;0,5000;L;1,59;3,18;;;1,69;5304000311315;Piæa
PRALI.MARCIPAN POTATOES 150 g;386692;;0,1500;kg;5,99;39,93;;;4,79;4000161400219;Hrana
VIT.VODA DTX WTR LJU.MAN.0,5 L;386693;;0,5000;L;1,59;3,18;;;1,69;5304000311292;Piæa
VIT.VODA DTX WTR BAZ.LIM.0,5 L;386695;;0,5000;L;1,59;3,18;;;1,69;5304000311308;Piæa
VIT.VODA DTX WTR RUŽA 0,5 L;386696;;0,5000;L;1,59;3,18;;;1,69;5304000311285;Piæa
Domaæa trajna kobas.nar Pivac;386721;Pivac;1,0000;kg;19,99;19,99;;;19,99;3859892881481;Hrana
ÈOK.ML.LJEŠNJ. CAFFAREL 80 g;386727;;0,0800;kg;3,99;49,88;;;2,99;8013108622885;Hrana
ÈOK.TAM.BADEM CAFFAREL 80 g;386728;;0,0800;kg;3,99;49,88;;;2,99;8013108622892;Hrana
MAGNAT PRALINE LIM.MEDO 60 g;386730;;0,0600;kg;2,99;49,83;;;0,99;5904637006204;Hrana
ÈAJ FRANCK MENTA 52 g;386732;Franck;0,0520;KG;2,79;53,65;;;2,79;3850291055435;Piæa
MATCHA PREM.ORGONA 100 g;386753;ORGONA SUPERFOOD;0,1000;kg;19,99;199,90;;;19,99;3858890131048;Hrana
ROGAÈ U PRAHU ORGONA 200 g;386755;ORGONA SUPERFOOD;0,2000;kg;3,29;16,45;;;3,29;3858888739393;Hrana
MACA PRAH ORGONA 150 g;386757;ORGONA SUPERFOOD;0,1500;kg;4,39;29,27;;;4,39;3858890130676;Hrana
CIMET CEYLON ORGONA 150 g;386759;ORGONA SUPERFOOD;0,1500;kg;6,99;46,60;;;6,99;3858888739409;Hrana
KURKUMA ORGONA 150 g;386762;ORGONA SUPERFOOD;0,1500;kg;4,79;31,93;;;4,79;3858888739416;Hrana
TINKTURA KERNNEL VRKUTA 50 ml;386763;KERNNEL;0,0500;L;13,69;273,80;;;12,99;3859892472535;Hrana
TINKTURA KERNNEL VRBOV.50 ml;386764;KERNNEL;0,0500;L;13,69;273,80;;;12,99;3859893018169;Hrana
TINKTURA KERNNEL KOPRIVA 50 ml;386766;KERNNEL;0,0500;L;13,69;273,80;;;12,99;3859893018107;Hrana
SLAD.MACHO BANANA CRUNC.75 ml;386772;Macho;0,0750;L;1,99;26,53;;;1,99;3850116065977;Hrana
SIR KREM ABC MEDITERAN 100 g;386788;Belje;0,1000;kg;1,15;11,50;;;1,39;3850257061890;Hrana
SIR KREM ABC TARTUFI 100 g;386790;Belje;0,1000;kg;1,69;16,90;;;2,19;3850257061913;Hrana
SMARTIES MIN.ÈOKO.JAJ.VREÆ 81g;386792;;0,0810;kg;2,75;33,95;;;0,99;8000300404661;Hrana
SMARTIES ZEC MALI 50g;386795;;0,0500;kg;1,64;32,80;;;0,49;59949893;Hrana
HREN.KOKTEL PILEÆA CEKIN 225 g;386799;Cekin;0,2250;kg;1,69;7,51;;;1,69;3850159121869;Hrana
SIRNI NAMAZ NATUR ARLA 200 g ;386803;Arla;0,2000;kg;2,39;11,95;;;2,09;5711953158445;Hrana
SIR.NAM.LUK/VLASAC ARLA 200 g;386804;Arla;0,2000;kg;2,39;11,95;;;2,09;5711953158520;Hrana
KAPSULE JACOBS LUNGO 104 g;386809;Jacobs;0,1040;KG;5,39;51,83;;;9,99;8711000371251;Piæa
ÈOKOLADA MILKA USKRS 90 g;386812;;0,0900;kg;1,99;22,11;;;0,49;7622202210327;Hrana
VAPAÆE BIONA SANA 200 g;386814;;0,2000;kg;6,49;32,45;;;4,99;3872617001094;Hrana
HAMBASH BIONA SANA 250 g;386817;;0,2500;kg;5,99;23,96;;;4,49;3872617000387;Hrana
KOBAYA BIONA SANA 170 g;386818;;0,1700;kg;5,49;32,29;;;3,99;3872617001100;Hrana
ÈOK.JAJE MILKA FUNNY USK.50 g;386819;;0,0500;kg;1,39;27,80;;;0,49;7622202212635;Hrana
PRIP.ZA ŠLAG VEG.HOPLA  500 ml;386828;;0,5000;L;2,79;5,58;;;2,79;8000005037713;Hrana
USKRŠNJI POKLON PAKET 2025;386837;;0,5375;kg;4,59;8,54;;;3,25;3858891165912;Hrana
MEKANI BOM.BAZOO.KISELI 120g;386844;;0,1200;kg;1,99;16,58;;;1,99;5011053023576;Hrana
PIVO KOZEL LAGER 6X0,5 L;386847;Kozel;3,0000;L;7,99;2,66;;;7,99;8594404016894;Piæa
MEKANI BOMB.BAZOOKA VOÆNI 120g;386849;;0,1200;kg;1,99;16,58;;;1,99;5011053023545;Hrana
PRAL.LJEŠ.CHOCOLITALY 100 g;386860;;0,1000;kg;1,79;17,90;;;1,79;8014433000409;Hrana
BRIT.WILKINSON SENSITIVE 3 4+2;386865;Wilkinson;4,0000;kom;;0,86;3,44;6,89;6,89;4027800383405;Kozmetika
PRALINE PISTACIO ZAINI 144 g;386866;;0,1440;kg;4,49;31,18;;;4,99;8004735121124;Hrana
BRIT.WILKINSON COMFORT 4+2;386869;Wilkinson;4,0000;kom;;0,86;3,44;6,89;6,89;4027800510702;Kozmetika
PRALINE LJEŠJAK ZAINI 154 g;386870;;0,1540;kg;4,49;29,16;;;4,99;8004735114591;Hrana
PRALINE MLIJEÈNA ZAINI 154 g;386871;;0,1540;kg;4,49;29,16;;;4,99;8004735108156;Hrana
TAM.ÈOK.VALOR 70% MEN.PRE.100g;386873;;0,1000;kg;;22,90;2,29;2,79;2,79;8410109050530;Hrana
TAM.ÈOK.70% NARANÈA PRE.100g;386876;;0,1000;kg;;22,90;2,29;2,79;2,79;8410109050523;Hrana
TAM.ÈOK.70% PREMIUM VALOR 100g;386878;;0,1000;kg;;22,90;2,29;2,79;2,79;8410109050509;Hrana
TAM.ÈOK. 70% SOL VL 100g;386879;;0,1000;kg;;22,90;2,29;2,79;2,79;8410109051247;Hrana
TAM.ÈOK.82% PREM.VALOR 100g;386880;;0,1000;kg;;22,90;2,29;2,79;2,79;8410109104950;Hrana
JUMBO KIKI SLANI PRŽENI180g;386881;;0,1800;kg;;9,39;1,69;1,99;1,99;8606015852638;Hrana
JUMBO KIKIRIKI BIBIRIKI 75g;386882;;0,0750;kg;1,49;19,87;;;1,49;8606015856018;Hrana
JUMBO FANTAZIJA MIX 75g;386883;;0,0750;kg;;22,53;1,69;1,99;1,99;8606015855561;Hrana
JUMBO BEER MIX 180g;386885;;0,1800;kg;;11,72;2,11;2,49;2,49;8606015859330;Hrana
JUMBO PROTEIN MIX 75g;386887;;0,0750;kg;;22,53;1,69;1,99;1,99;8606015855660;Hrana
JUMBO STUDENT MIX 75g;386888;;0,0750;kg;;22,53;1,69;1,99;1,99;8606015855684;Hrana
JUMBO KOKTEL MIX 75g;386892;;0,0750;kg;;22,53;1,69;1,99;1,99;8606015855622;Hrana
ÈOK. DUBAI LJEŠNJAK ELIT 90 g ;386898;;0,0900;kg;3,99;44,33;;;3,99;8698701041297;Hrana
ÈOKOLADA DUBAI KOKOS ELIT 90 g;386905;;0,0900;kg;3,99;44,33;;;3,99;8698701041310;Hrana
ÈOKOLADA DUBAI TAMNA ELIT 90 g;386907;;0,0900;kg;3,99;44,33;;;3,99;8698701041761;Hrana
LAGRANA SPICY MIX 125g;386926;;0,1250;kg;1,85;14,80;;;1,99;3872084015518;Hrana
PARTY MIX LAGRANA 125g;386927;;0,1250;kg;2,09;16,72;;;2,29;3872084015525;Hrana
SJEM.BUND.JEZGRA SIROVA 300g;386928;;0,3000;kg;3,49;11,63;;;3,49;3872084015082;Hrana
IND.ORAŠÈIÆ SIR. 300g FAM.PACK;386932;;0,3000;kg;5,99;19,97;;;5,99;3872084014351;Hrana
IND.ORAŠ.PRŽ.SL. 300g FAM.PACK;386937;;0,3000;kg;5,99;19,97;;;5,99;3872084014375;Hrana
BADEM PRŽENI SLANI 300g;386938;;0,3000;kg;6,39;21,30;;;5,99;3872084015723;Hrana
NOGOM. MIX PIC. 300g FAM.PACK;386939;;0,3000;kg;3,49;11,63;;;3,49;3872084015808;Hrana
MIX ORAŠ. I SUHOG VOÆA 300g;386940;;0,3000;kg;4,59;15,30;;;3,99;3872084014511;Hrana
PIST.U LJ.SUH.PRŽ.BLA.SLA.300g;386941;;0,3000;kg;5,99;19,97;;;6,99;3872084015099;Hrana
SUHO VOÆE GROŽÐ. 300g FAM.PACK;386942;;0,3000;kg;2,09;6,97;;;2,09;3872084016041;Hrana
 PROTEIN MIX 300g FAMILY PACK;386943;;0,3000;kg;4,79;15,97;;;4,29;3872084014504;Hrana
CAPPUCCINO NESCAFE CHOCO 112 g;386944;Nescafe;0,1120;KG;2,99;26,70;;;3,99;8445291532090;Piæa
MIX ORAŠ.PLODOVI 300g FAM.PACK;386945;;0,3000;kg;7,49;24,97;;;5,99;3872084016072;Hrana
CAPPUCCINO NESCAFE VANIL.112 g;386946;Nescafe;0,1120;KG;2,99;26,70;;;3,99;8445291532045;Piæa
SUHO VOÆE BRUS. 300g FAM.PACK;386947;;0,3000;kg;3,99;13,30;;;3,99;3872084014498;Hrana
CAPPUCCINO NESCAFE IRISH 112 g;386948;Nescafe;0,1120;KG;2,99;26,70;;;3,99;8445291532236;Piæa
CAPPUCC.NESCAFE ORIGINAL 108 g;386949;Nescafe;0,1080;KG;2,99;27,69;;;3,99;8445291531581;Piæa
TP ZEWA BRESKVA 32/1;386953;Zewa;32,0000;KOM;9,99;0,31;;;8,49;7322542544631;Toaletne potrepštine
FLIPS S KIKIRIKIJEM 90 g;386954;S-BUDGET;0,0900;kg;0,73;8,11;;;0,59;3856021221361;Hrana
FLIPS SLANI 100 g;386955;S-BUDGET;0,1000;kg;0,59;5,90;;;0,59;3856021221408;Hrana
BRIJAÈ GILLETTE FUSION +5 PAT.;386974;Gillette;1,0000;kom;22,99;22,99;;;26,89;8700216356794;Kozmetika
BRIJAÈ GILLETTE PROGLIDE+5 PAT;386975;Gillette;1,0000;kom;22,99;22,99;;;26,89;8700216357227;Kozmetika
BRIJAÈ GILLETTE M3 CH. +6 PAT.;386976;Gillette;1,0000;kom;18,99;18,99;;;21,89;8700216399807;Kozmetika
POVRÆE ZA WOK SPAR 750 g;386979;SPAR;0,7500;kg;3,29;4,39;;;3,29;9100000779430;Hrana
PIVO 1664 BLANC 4X0,5 L;386984;Blanc;2,0000;L;6,15;3,08;;;6,15;8600331002753;Piæa
Kobasica tirolska Jeli;386986;Jeli;1,0000;kg;6,05;6,05;;;6,05;3858892727911;Hrana
EN.PIÆE RED BULL PEACH 0,25 L;386987;Red Bull;0,2500;L;1,69;6,76;;;1,69;90474729;Piæa
WC OSVJEŽIVAÈ SANITAR 3X40 g;386988;Sanitar;1,0000;KOM;5,19;5,19;;;3,65;3850111901195;Sredstva za èišæenje
SRED.ZA KUPAONICU AJAX 500 ml;386990;Ajax;500,0000;ml;2,99;0,01;;;2,99;8718951643789;Sredstva za èišæenje
SR.ZA ÈIŠÆ. PODOVA AJAX 1 L;386991;Ajax;1,0000;L;3,69;3,69;;;3,79;8718951680074;Sredstva za èišæenje
Panceta Mijukiæ;386995;Vlastite potrebe;1,0000;kg;11,89;11,89;;;11,89;3859894171641;Hrana
SIR MOZZA.LIGHT S BUDGET 125 g;387001;S-Budget;0,1250;kg;1,15;9,20;;;1,09;9100000025162;Hrana
PRAŠ.SANYTOL IZBJELJIVAN.450 g;387004;Sanytol;0,4500;KG;7,29;16,20;;;6,95;3045206382601;Sredstva za èišæenje
PAŠTETA GAVRIL.PILE.CLAS.30 g;387006;Gavrilovic;0,0300;kg;,39;13,00;;;0,39;3858892722435;Hrana
PAŠTETA GAVRIL.PIL.ROASTY 30 g;387007;Gavrilovic;0,0300;kg;,39;13,00;;;0,39;3858892722411;Hrana
PAŠTETA GAVRIL.KOKOŠ.CLAS.30 g;387008;Gavrilovic;0,0300;kg;0,39;13,00;;;0,39;3858892722459;Hrana
TUNA PAŠTETA GAVRILOVIÆ 30 g;387009;Gavrilovic;0,0300;kg;,55;18,33;;;0,55;3858892722039;Hrana
KUKURUZ ŠEÆ.BONDUELLE 2X80 g;387010;Bonduelle;0,1400;kg;1,99;14,21;;;1,99;3083681068184;Hrana
GRAH BONDUELLE CRNI 2X100 g;387011;Bonduelle;0,1300;kg;1,99;15,31;;;1,99;3083681068191;Hrana
SLANUTAK BONDUELLE 2X80 g;387012;Bonduelle;0,1300;kg;1,99;15,31;;;1,99;3083681068146;Hrana
Teleæa leða i slabina s kosti;387015;;1,0000;kg;17,49;17,49;;;13,99;3858891521268;Hrana
MALIÐANO GURMANO BLAGI 300 g;387016;;0,3000;kg;5,99;19,97;;;5,99;5319991599697;Hrana
PAPRIKA GURMANO PEÈENA 490 g;387017;;0,3000;kg;4,69;15,63;;;4,69;5319991599406;Hrana
KR.LACTOVIT ZA TIJELO L 400 ml;387023;Lactovit;0,4000;L;7,19;17,98;;;5,79;8411135006423;Kozmetika
HRANA ZA MAÈKE FELIX PILE.80 g;387024;Felix;0,0800;kg;0,79;9,88;;;0,79;8445291102156;Proizvodi za kuæanstvo
TEK.POSL.MAÈ.FEL.PILET.4X10 g;387026;Felix;0,0400;kg;2,19;54,75;;;2,19;8445291532526;Proizvodi za kuæanstvo
TEK.POSL.MAÈ.FEL.LOSOS 4X10 g;387027;Felix;0,0400;kg;2,19;54,75;;;2,19;8445291538276;Proizvodi za kuæanstvo
TEK.POSL.MAÈ.FEL.PATKA 4X10 g;387028;Felix;0,0400;kg;2,19;54,75;;;2,19;8445291538306;Proizvodi za kuæanstvo
JUHA ZA MAÈ.FELIX MESO 6X48 g;387031;Felix;0,2880;kg;2,99;10,38;;;2,99;8445291612358;Proizvodi za kuæanstvo
JUHA ZA MAÈ.FELIX RIBA 6X48 g;387033;Felix;0,2880;kg;2,99;10,38;;;2,99;8445291612433;Proizvodi za kuæanstvo
JUHA ZA MAÈKE FELIX PILET.48 g;387034;Felix;0,0480;kg;0,55;11,46;;;0,55;7613036665148;Proizvodi za kuæanstvo
Kranjska kobasica Andro;387035;Andro;1,0000;kg;6,39;6,39;;;6,39;3858892822883;Hrana
HRANA ZA MAÈKE FEL.MESO 4X80 g;387037;Felix;0,3200;kg;2,79;8,72;;;2,79;7613287249593;Proizvodi za kuæanstvo
HRANA ZA MAÈKE ONE SENSIT.3 kg;387038;One;3,0000;kg;18,99;6,33;;;18,99;8445290601254;Proizvodi za kuæanstvo
HRA.MAÈ.SHEBA MIJ.IZBOR 4X85 g;387039;Sheba;0,3400;kg;3,29;9,68;;;3,29;4770608263201;Proizvodi za kuæanstvo
HRA.MAÈ.SHEBA IZBOR PER.4X85 g;387040;Sheba;0,3400;kg;3,29;9,68;;;3,29;4770608263263;Proizvodi za kuæanstvo
HRA.ZA MAÈ.WHIS.PUR.DEL.4X85 g;387041;Whiskas;0,3400;kg;2,75;8,09;;;2,75;5900951319211;Proizvodi za kuæanstvo
HRANA ZA PSE PEDIG.PROT.4X85 g;387042;Pedigree;0,3400;kg;2,99;8,79;;;2,99;5900951318900;Proizvodi za kuæanstvo
HRA.MAÈ.POES.CLAS.SAUC.12X85 g;387044;;1,0200;kg;5,99;5,87;;;5,99;4008239589781;Proizvodi za kuæanstvo
HRA.MAÈ.POES.CLAS.GEL.12X85 g;387045;;1,0200;kg;5,99;5,87;;;5,99;4008239589798;Proizvodi za kuæanstvo
PILING ZORINA MAST A.AG.300 ml;387058;;0,3000;l;;26,63;7,99;15,99;15,99;3859894008435;Kozmetika
PILING ZORINA MAST NICH.300 ml;387061;ZORINA MAST;0,3000;l;15,99;53,30;;;15,99;3859894008428;Kozmetika
KREMA ZORINA MAST SPREJ 300 ml;387063;;0,3000;l;;23,30;6,99;9,99;13,99;3859894008459;Kozmetika
SPREJ ZORINA MAST ANTIO.100 ml;387069;;0,1000;l;16,79;167,90;;;16,99;3859894008466;Kozmetika
KREMA ZORINA MAST FUNKCI 15 ml;387070;;0,0150;l;16,79;1119,33;;;16,99;3859894008473;Kozmetika
GEL ZORINA MAST AMINO 120 ml;387071;;0,1200;l;12,99;108,25;;;12,99;3859894008442;Kozmetika
SERUM ZORINA MAST FILER 20 ml;387073;;0,0200;l;16,99;849,50;;;16,99;3859894008916;Kozmetika
SERUM ZORINA MAST VLASI 50 ml ;387075;;0,0500;l;13,99;279,80;;;13,99;3859894008909;Kozmetika
MASLA.ZORINA MAST INTIM.120 ml;387077;;0,1200;l;14,99;124,92;;;14,99;3859894008893;Toaletne potrepštine
TRAJNI KOLAÈ TRECCIA 300 g;387078;;0,3000;kg;3,49;11,63;;;3,49;8004640077233;Hrana
CAPPU.NESCAFE VANILIJA 3X112 g;387100;Nescafe;0,3360;KG;7,99;23,78;;;7,99;8445291599581;Piæa
CAPPUCCI.NESCAFE IRISH 3X112 g;387101;Nescafe;0,3360;KG;7,99;23,78;;;7,99;8445291599710;Piæa
RIŽIN SNACK SPAR JOGURT 105 g;387105;SPAR Qualitätsmarke;0,1050;kg;1,69;16,10;;;1,69;8710671205452;Hrana
Sir Maasdam kolut Royal Orange;387114;;1,0000;kg;10,99;10,99;;;10,99;8713734053595;Hrana
ZUB.PASTA BLANX WHITE SH.75 ml;387122;Blanx;0,7500;l;2,95;3,93;;;3,49;8017331096277;Kozmetika
ZUB.P.AQUAFRESH WHITE RE.75 ml;387123;Aquafresh;0,0750;l;3,99;53,20;;;3,99;5054563234308;Kozmetika
ZUB.P.AQUAFRESH WH.RENEW 75 ml;387124;Aquafresh;0,0750;l;3,99;53,20;;;3,99;5054563237088;Kozmetika
SLAD.KORN.TIRAMISU LEDO 110 ml;387126;Ledo;0,1100;l;1,79;16,27;;;1,79;3850116065946;Hrana
ÈAJNI KOLAÈ ROGAÈ 500g;387138;;0,5000;kg;6,99;13,98;;;6,99;3858884923000;Hrana
KIKIRIKI SUHO PRŽENI SLANI;387139;;0,1300;kg;1,99;15,31;;;1,99;5997347539995;Hrana
SUNC. SJEMENKE PRŽ.SLANE 150 g;387142;;0,1500;kg;1,49;9,93;;;1,49;5997347542711;Hrana
PROTEINI MIX 70 g MOGYI;387143;;0,0700;kg;1,99;28,43;;;1,99;5997347540052;Hrana
FIT MIX 70 g MOGYI;387145;;0,0700;kg;1,99;28,43;;;1,99;5997347540281;Hrana
WHISKY GLENMORANG.LASANTA0,7 L;387158;Glenmorangie;0,7000;L;49,99;71,41;;;49,99;5010494917840;Piæa
SLAD.VAN.ÈOK.JAG. S-BUDGET 2 L;387163;S-Budget;2,0000;L;3,99;2,00;;;3,99;9100000068534;Hrana
KREMA BIOBAZA HIDRATNAT. 500ml;387172;;0,5000;l;8,19;16,38;;;6,89;3859889915281;Kozmetika
RADLER PAN LIMUN 4X0,5 L;387173;Pan;2,0000;L;5,99;3,00;;;5,99;3858887585717;Piæa
CHICKEN TABAY 550 g;387179;;0,5500;kg;9,29;16,89;;;9,29;3859894177209;Hrana
DES.MLIJ.MILK SNA.PAW PAT.28 g;387182;;0,0280;kg;0,49;17,50;;;0,49;8595588201373;Hrana
CHICKEN WINGS 500 g TABAY;387184;;0,5000;kg;7,99;15,98;;;6,99;3859894177124;Hrana
SLAD.B&J BROOKIES&CREAM 465 ml;387188;Ben & Jerry's;0,4650;L;8,79;18,90;;;8,79;8711327666481;Hrana
KREMA BIOBAZA NATURAL 250 ml;387190;;0,2500;l;5,99;23,96;;;5,99;3859889915748;Kozmetika
SLA.JAG&VAN&ÈOK.CAR.D´OR 1,3 L;387194;Carte D'or;1,3000;L;7,99;6,15;;;7,99;8711327674912;Hrana
SLA.MALIN.SPRITZ C.D´OR 825 ml;387195;Carte D'or;0,8250;L;;6,05;4,99;6,99;6,99;8711327677494;Hrana
SLA.JAGODA CARTE D´OR 1 L;387196;Carte D'or;1,0000;L;;4,99;4,99;6,99;6,99;5996037050536;Hrana
ŠAMP.SCHAUMA STRONG 400 ml;387197;Schauma;0,4000;l;2,99;7,48;;;2,79;9000101750058;Kozmetika
REG.SCHAUMA STRONG 250 ml;387198;Schauma;0,2500;l;2,99;11,96;;;2,79;9000101750256;Kozmetika
TRETMAN SCHAUMA STRONG 300 ml;387199;Schauma;0,3000;l;3,99;13,30;;;4,49;9000101750393;Kozmetika
SL.DUPLA VIŠNJA MAGNUM 3x85 ml;387200;Magnum;0,2550;L;;21,53;5,49;7,39;7,39;8711327663695;Hrana
SL.DUPLI LJEŠNJAK MAGNUM 85 ml;387201;Magnum;0,0850;kom;2,79;32,82;;;2,79;8711327667174;Hrana
SLA.MAGNUM BADEM KORNET 160 ml;387202;Magnum;0,1600;L;;12,44;1,99;2,79;2,79;8714100659922;Hrana
SLADOLED CUP NUTELLA 230 g;387204;Nutella;0,2300;kg;7,99;34,74;;;7,99;8000500425183;Hrana
DŽEM DIDA BOŽA VIŠNJA 690 g;387205;Dida Boza;0,6900;KG;;5,78;3,99;6,29;5,69;3859894111050;Hrana
SRE.CEKINA VARIKINA LAVAND.1 L;387206;Cekina;1,0000;L;1,89;1,89;;;1,89;3850111505744;Sredstva za èišæenje
ÈAJ DARVITALIS ŠIPAK 500 g;387208;Darvitalis;0,5000;KG;5,39;10,78;;;5,99;3858890834130;Piæa
MUFFIN NUTELLA 264 g;387209;Nutella;0,2640;kg;5,99;22,69;;;5,99;8000500431269;Hrana
SLADOLED TWISTER GREEN 80 ml;387210;Algida;0,0800;L;1,49;18,63;;;1,49;8711327575646;Hrana
SLA.CLASSIC MIX ALGIDA482 ml;387211;Algida;0,4820;L;6,99;14,50;;;6,99;8711327676671;Hrana
SLAD.KINDER BUENO KORNET 62 g;387213;Kinder;0,0620;kg;2,99;48,23;;;2,99;8000500385081;Hrana
SLAD.KIND.BUE.WHITE KORN.62 g;387214;Kinder;0,0620;kg;2,99;48,23;;;2,99;8000500385098;Hrana
SLADOLED KINDER ŠTAPIÆ 38 g;387215;Kinder;0,0380;kg;1,99;52,37;;;1,99;8000500407219;Hrana
SLAD.KIND.BUE.WHITE KORN.248 g;387216;Kinder;0,2480;kg;7,49;30,20;;;7,99;8000500384718;Hrana
SLAD.KINDER ŠTAPIÆ MULIT.152 g;387217;Kinder;0,1520;kg;5,99;39,41;;;5,99;8000500406427;Hrana
GEL EQUILIBRA DERMO 150 ml;387218;;0,1500;L;;23,27;3,49;6,99;8,69;8000137016174;Kozmetika
GEL EQUILIBRA ALOE 150 ml;387219;;0,1500;L;;23,27;3,49;6,99;8,69;8000137010226;Kozmetika
KREMA EQUILIBRA ZA TJEL.150 ml;387221;;0,1500;L;;26,60;3,99;7,99;9,99;8000137014668;Kozmetika
ULJE EQULIBRIA  ANTICEL.150 ml;387223;;0,1500;l;;45,27;6,79;13,59;13,59;8000137018499;Kozmetika
TEQUILA KARAMBA GOLD 0,7 L;387226;;0,7000;L;18,99;27,13;;;18,99;4076700124199;Piæa
TEQUILA KARAMBA SILVER 0,7 L;387228;;0,7000;L;18,39;26,27;;;18,99;4076700124182;Piæa
VINO PLAVAC VISLANDER 0,75 ;387233;;0,7500;L;12,99;17,32;;;12,99;3859893589584;Piæa
VINO VUGAVA VISLANDER 0,75 L;387237;;0,7500;L;11,49;15,32;;;11,49;3859893589669;Piæa
SPREJ TAFT ALOE BOOST 150 ml;387241;Taft;0,1500;l;5,39;35,93;;;5,39;9000101744408;Kozmetika
KREMA TAFT ALOE BOOST 100 ml;387242;Taft;0,1000;l;5,39;53,90;;;5,39;9000101744286;Kozmetika
VINO PUŠIPEL ST.JEROME 0,75 L;387243;;0,7500;L;12,49;16,65;;;12,49;3858893390619;Piæa
VINO RAJ.RIZL.ST.JEROME 0,75 L;387244;;0,7500;L;10,99;14,65;;;11,49;3858893390657;Piæa
VINO MUŠKAT ŽUTI ST.JER. 0,75L;387245;;0,7500;L;11,99;15,99;;;11,99;3858893390671;Piæa
VINO SAUVIGNON ST.JEROM.0,75 L;387246;;0,7500;L;12,99;17,32;;;13,99;3858893390626;Piæa
KOLAÈ BEÆAR OBLATNE 350 g;387248;;0,3500;kg;4,49;12,83;;;4,49;3859892892715;Hrana
BOJA PALETTE DELUXE 4-6;387262;Palette;1,0000;kom;5,99;5,99;;;5,99;9000101736748;Kozmetika
LAK SYOSS STRONG 300 ml;387264;Syoss;0,3000;l;;8,17;2,45;4,95;4,95;9000100590068;Kozmetika
BOJA ZA KOSU SYOSS 10-53;387265;Syoss;1,0000;kom;6,19;6,19;;;5,59;9000101742275;Kozmetika
BOJA ZA KOSU SYOSS 5-29;387266;Syoss;1,0000;kom;6,19;6,19;;;5,59;9000101739251;Kozmetika
BOJA PALETTE DELUXE 909;387267;Palette;1,0000;kom;5,99;5,99;;;5,99;3838824177090;Kozmetika
LIKER JAGER ORANGE 0,7 L;387280;;0,7000;L;13,99;19,99;;;16,52;4067700033543;Piæa
PRŠUT REZANI;387305;;1,0000;kg;54,99;54,99;;;54,99;3859894393005;Hrana
MAR.K2R. ZA SKUPLJAN.BOJE 52/1;387310;K2R;52,0000;kom;5,49;0,11;;;5,49;9000101821963;Proizvodi za kuæanstvo
TUNA SAL.RIO MARE KUKU.3X160 g;387313;Rio Mare;0,4800;kg;12,69;26,44;;;12,69;8004030346413;Hrana
GAZ.PIÆE MIRINDA ZERO 1,5 L;387323;Mirinda;1,5000;L;1,79;1,19;;;1,79;3830065023822;Piæa
CAPPUC.FRANCK ÈOKOLADA 3X144 g;387327;Franck;0,4320;KG;8,99;20,81;;;8,99;3850291055671;Piæa
NEKTAR VINDI ANANAS 1 L;387336;Vindija;1,0000;L;2,09;2,09;;;2,09;3850108078688;Piæa
KREMA MEN UNIVEZALNA 125 ml;387348;Afrodita;0,1250;kom;4,39;35,12;;;4,85;3831070657637;Kozmetika
SD ÈETKA BBQ S DRŠ.ZA ROŠTILJ;387357;;1,0000;kom;;20,99;20,99;29,99;39,99;5060481022439;Proizvodi za kuæanstvo
SD REFIL ZA ÈET.BBQ, SCRUB ;387358;;1,0000;kom;;11,19;11,19;15,99;15,99;5060481022446;Proizvodi za kuæanstvo
PROTEIN WHEY SWISS CHOC.30,4 g;387366;;0,0304;kg;1,99;65,46;;;1,99;3858892293270;Hrana
PROTEIN WHEY VANIL.MADA.30,4 g;387368;;0,0304;kg;1,99;65,46;;;1,99;3858892293287;Hrana
PROTEIN WHEY COOK.&CREAM 454 g;387372;;0,4540;kg;21,99;48,44;;;21,99;3858892293324;Hrana
PROTEIN WHEY SWISS CHOC.454 g;387373;;0,4540;kg;21,99;48,44;;;21,99;3858892293300;Hrana
PROTEIN WHEY VANIL.MADAG.454 g;387374;;0,4540;kg;21,99;48,44;;;21,99;3858892293317;Hrana
IZOTONIC REFR.LEM.LIME 500 g;387377;;0,5000;kg;11,99;23,98;;;11,99;3858892293799;Hrana
PROT.BROWNIE DOUBLE CHOCO.75 g;387378;;0,0750;kg;2,49;33,20;;;2,49;3856026803647;Hrana
PROT.BROWNIE WHITE CHOCO.75 g;387379;;0,0750;kg;2,49;33,20;;;2,49;3856026803654;Hrana
PROT.PLOÈ.BUENIS.BIJ.ÈOKO.40 g;387380;;0,0400;kg;2,49;62,25;;;2,49;3856026808451;Hrana
PROT.PLOÈ.BUENIS.ML.ÈOKO.40 g;387381;;0,0400;kg;2,49;62,25;;;2,49;3856026808482;Hrana
AROMA PINCA AROMAR 15 ml;387385;Aromar;0,0150;l;1,69;112,67;;;1,59;3859888333505;Hrana
KREATIN ME FIRST MONO.250 g;387386;;0,2500;kg;27,99;111,96;;;27,99;3856026808819;Hrana
KREATIN ME FIRST ELITE 250 g;387387;;0,2500;kg;27,99;111,96;;;27,99;3858892293485;Hrana
PROT.PLOÈ.CHOCO BROWNIE 60 g;387389;;0,0600;kg;1,99;33,17;;;1,99;3858892292266;Hrana
PROT.PLOÈ.CHOCO JAFFA 60 g;387390;;0,0600;kg;1,99;33,17;;;1,99;3858892292273;Hrana
PROT.PLOÈ.COOKIES&CREAM 60 g;387391;;0,0600;kg;1,99;33,17;;;1,99;3858892292358;Hrana
UMAK MAGGI SLATKO KISELI 355 g;387392;Maggi;0,3400;kg;4,99;14,68;;;4,99;8445291506688;Hrana
UMAK MAGGI CHILL.CHOW.355g;387395;Maggi;0,3550;kg;4,99;14,06;;;4,99;8445291538672;Hrana
KIKIR.MASLAC POLLEO CRUN.450 g;387400;;0,4500;kg;5,49;12,20;;;5,49;3858892290026;Hrana
KIKIR.MASL.POLLEO SMOOTH 450 g;387402;;0,4500;kg;5,49;12,20;;;5,49;3858892290002;Hrana
NOODLE MAGGI PRŽ.TERIYAKI 130g;387403;Maggi;0,1300;kg;3,19;24,54;;;3,19;8585002443304;Hrana
KIKIR.MASL.POLLEO SMOOTH 1 kg;387404;;1,0000;kg;9,99;9,99;;;11,49;3858892299623;Hrana
NOODLE MAGGI PRŽ.PATKA 119g;387405;Maggi;0,1190;kg;3,19;26,81;;;3,19;8585002442710;Hrana
ŽIT.NESTLE LOPTICE MINIS 300g;387407;;0,3000;kg;4,59;15,30;;;4,59;5900020044877;Hrana
KIKIR.MASL.POLLEO CRUNCHY 1 kg;387408;;1,0000;kg;9,99;9,99;;;11,49;3858892299630;Hrana
PROT.NAM.POLLEO LJEŠ.KAK.200 g;387410;;0,2000;kg;5,99;29,95;;;5,99;3859893008801;Hrana
PROT.NAM.POLLEO LJEŠ.VAN.200 g;387412;;0,2000;kg;5,99;29,95;;;5,99;3858892290071;Hrana
ŽIT.NESTLE LION MINIS 300g;387414;Maggi;0,3000;kg;4,59;15,30;;;4,59;5900020044891;Hrana
IZOTON.PIÆE POLLEO BCAA 0,75 L;387422;;0,7500;L;1,99;2,65;;;1,99;3856026806778;Piæa
IZOT.PIÆE POLLEO MALINA 0,75 L;387423;;0,7500;L;1,79;2,39;;;1,79;3856026808611;Piæa
PROT.PLOÈ.50% CHOCO CRISP 50 g;387424;;0,0500;kg;1,99;39,80;;;1,99;3858892290095;Hrana
IZOTO.PIÆE POLLEO LIMUN 0,75 L;387425;;0,7500;L;1,79;2,39;;;1,79;3856026802213;Piæa
PROT.PLOÈ.50% CHOCO BAN.50 g;387426;;0,0500;kg;1,99;39,80;;;1,99;3858892299340;Hrana
IZOT.PIÆE POLLEO NARANÈ.0,75 L;387427;;0,7500;L;1,99;2,65;;;1,99;3856026806785;Piæa
PROT.PLOÈICA 31% BANANA 35 g;387431;;0,0350;kg;1,49;42,57;;;1,49;3858892292228;Hrana
PROT.PLOÈICA 31% CHOCOL.35 g;387432;;0,0350;kg;1,49;42,57;;;1,49;3859893008443;Hrana
PROT.PLOÈICA 31% COCONUT 35 g;387433;;0,0350;kg;1,49;42,57;;;1,49;3858892292242;Hrana
PROT.PLOÈICA 60% XTREME 75 g;387434;;0,0750;kg;2,99;39,87;;;2,99;3859893008764;Hrana
GAZ.PIÆE JAMNICA NARANÈ.0,33 L;387435;Jamnica;0,3300;L;1,19;3,61;;;1,29;3856028506096;Piæa
GAZ.PIÆE JAMNICA LIMUNA.0,33 L;387436;Jamnica;0,3300;L;1,19;3,61;;;1,29;3856028506065;Piæa
GAZ.PIÆE JAMNICA LIMUNAD.0,5 L;387437;Jamnica;0,5000;L;1,25;2,50;;;1,35;3856028502135;Piæa
GAZ.PIÆE JAMNI.NARANÈADA 0,5 L;387439;Jamnica;0,5000;L;1,25;2,50;;;1,35;3856028502166;Piæa
CID.SOMER.BAZGA 0,0% 0,33 L ;387440;Somersby;0,3300;L;1,68;5,09;;;1,45;3858887585861;Piæa
CID.SOME.BAZGA LIM.0,0% 0,33 L;387441;Somersby;0,3300;L;1,32;4,00;;;1,32;8600331002838;Piæa
CID.SOMERSBY MALINA LIM.0,33 L;387442;Somersby;0,3300;L;1,68;5,09;;;1,68;3858887585632;Piæa
CID.SOMERSBY MALINA LIME.0,5 L;387443;Somersby;0,5000;L;1,78;3,56;;;1,78;3858887585618;Piæa
PLOÈ.VEG.BAS.COOKIE CHOC.75 g;387444;;0,0750;kg;2,49;33,20;;;2,49;3856026804378;Hrana
PLOÈ.VEG.BAS.COOK.DOU.CHO.75 g;387445;;0,0750;kg;2,49;33,20;;;2,49;3856026803661;Hrana
PROT.PLOÈICA WOPPERS 25 g;387446;;0,0250;kg;1,29;51,60;;;1,29;3858892292730;Hrana
PROT.ZOB.PAHULJ.CHO.COCON.60 g;387447;;0,0600;kg;1,49;24,83;;;1,50;3856026808321;Hrana
PROT.ZOB.PAHULJ.CHO.HAZEL.60 g;387448;;0,0600;kg;1,49;24,83;;;1,50;3856026808291;Hrana
PROT.ZOB.PAHULJ.APPLE PIE 60 g;387449;;0,0600;kg;1,49;24,83;;;1,50;3856026808352;Hrana
PROTEIN.PALAÈINKE POLLEO 500 g;387451;;0,5000;kg;10,49;20,98;;;11,99;3856026807713;Hrana
VODA MIVELA BLAGO GAZIRANA 1 L;387452;Mivela;1,0000;L;1,55;1,55;;;1,69;8600599002908;Piæa
VODA MIVELA GAZIRANO 1 L;387453;Mivela;1,0000;L;1,55;1,55;;;1,69;8600599002878;Piæa
VODA MIVELA BLAGO GAZIRA.1,5 L;387454;Mivela;1,5000;L;1,99;1,33;;;1,99;8600599002960;Piæa
ENERGY GEL POLLEO LEMON 40 g;387455;;0,0400;kg;1,99;49,75;;;1,99;3859893008795;Hrana
VODA MIVELA GAZIRANA 1,5 L;387456;Mivela;1,5000;L;1,99;1,33;;;1,99;8600599002939;Piæa
ENERGY GEL POLLEO BOOST 40 g;387457;;0,0400;kg;2,49;62,25;;;2,49;3859893008788;Hrana
PROT.ZOE PEACH ICED TEA 454 g;387458;;0,4540;kg;34,99;77,07;;;34,99;3856026708232;Hrana
PROT.ZOE PINA COLADA 454 g;387459;;0,4540;kg;34,99;77,07;;;34,99;3856026708256;Hrana
PROT.ZOE VANILLA MADAGAS.454 g;387460;;0,4540;kg;21,99;48,44;;;21,99;3856026709765;Hrana
PROT.ZOE WHEY VANIL.MAC.454 g;387461;;0,4540;kg;24,99;55,04;;;24,99;3856026707280;Hrana
PROT.ZOE WHEY BELG.CHOCO 454 g;387462;;0,4540;kg;24,99;55,04;;;24,99;3856026707228;Hrana
PROT.ZOE WHEY MOZ.KUGELN 454 g;387463;;0,4540;kg;16,99;37,42;;;24,99;3856026708218;Hrana
PROT.ZOE HYDROW.PINACOL.25 g;387464;;0,0250;kg;2,49;99,60;;;2,49;3856026710341;Hrana
PROTEINSKA PLOÈICA ZOE 50 g;387467;;0,0500;kg;2,99;59,80;;;2,99;3856026709710;Hrana
PROT.PLOÈ.ZOE WHITE CHOCO 50 g;387468;;0,0500;kg;2,99;59,80;;;2,99;3856026709680;Hrana
KIKIR.MASLAC ZOE CHOCO 250 g;387469;;0,2500;kg;4,99;19,96;;;4,99;3856026707204;Hrana
PROTEIN.NAMAZ ZOE TWIST 200 g;387470;;0,2000;kg;5,99;29,95;;;5,99;3856026711478;Hrana
PROTEIN.NAMAZ ZOE PISTAC.200 g;387471;;0,2000;kg;5,99;29,95;;;5,99;3856026713335;Hrana
ZOE BOSS REDS 250 g;387485;;0,2500;kg;23,99;95,96;;;34,99;3856026710303;Hrana
ZOE BOSS GREENS LEMON 250 g;387486;;0,2500;kg;23,99;95,96;;;34,99;3856026709840;Hrana
ZOE BEAUTY GLOW COLLAGEN 250 g;387487;;0,2500;kg;27,99;111,96;;;39,99;3856026711157;Hrana
ZOE MEAL REPLACEMENT NOCC.1 Kg;387488;;1,0000;kg;30,99;30,99;;;34,99;3856026710778;Hrana
ZOE LIQUID MAR.COLLAGEN 500 ml;387489;;0,5000;L;19,99;39,98;;;29,99;3856026711003;Hrana
KOLAÈ MAÐARICA S PISTACI.510 g;387490;;0,5100;kg;6,99;13,71;;;6,99;3858889619489;Hrana
SD SPUŽ.SCRUB MOMMY,CVIJET;387491;;1,0000;kom;;2,79;2,79;3,99;3,39;5060481025126;Proizvodi za kuæanstvo
KAVA HAUSBRANDT QUA.ROSA 250 g;387493;Hausbrandt;0,2500;KG;7,49;29,96;;;7,49;8080069803110;Piæa
SD SPUŽ.SCRUB MOMMY,CVIJET;387494;;1,0000;kom;;2,79;2,79;3,99;3,39;5060481025133;Proizvodi za kuæanstvo
KAVA HAUSBRANDT QUAL.ORO 250 g;387495;Hausbrandt;0,2500;KG;8,49;33,96;;;8,49;8080069803127;Piæa
KAVA HAUSBRANDT DELIZIA 250 g;387496;Hausbrandt;0,2500;KG;7,99;31,96;;;7,99;8080069803134;Piæa
KAPSUL.HAUSBRANDT SUBLIME 50 g;387497;Hausbrandt;0,0500;KG;4,49;89,80;;;4,49;8006980370357;Piæa
KAVA ZRNO HAUSB.ORO CASA 500 g;387501;Hausbrandt;0,5000;KG;;24,78;12,39;15,49;15,49;8006980153158;Piæa
SD SPUŽVICA SCRUB MOMMY,PILE;387502;;1,0000;kom;;2,79;2,79;3,99;3,39;5060481023931;Proizvodi za kuæanstvo
SD SPUŽVICA SCRUB MOMMY,ZEKO;387504;;1,0000;kom;;2,79;2,79;3,99;3,39;5060481023955;Proizvodi za kuæanstvo
SD SPUŽVICA SCRUB MOMMY,LEPTIR;387505;;1,0000;kom;;2,79;2,79;3,99;3,39;5060481023924;Proizvodi za kuæanstvo
KAPS.HAUSBRANDT COLOMBIA 50 g;387506;Hausbrandt;0,0500;KG;4,99;99,80;;;4,99;8006980152328;Piæa
KAPSULE HAUSBRANT UNICO 55 g;387513;Hausbrandt;0,0550;KG;4,99;90,73;;;4,99;8006980152335;Piæa
LEDENI ÈAJ SPAR BRESKVA 50 g;387524;SPAR;0,0500;KG;2,49;49,80;;;2,49;9100000032887;Piæa
LEDENI ÈAJ SPAR LIMUN 50 g;387527;SPAR;0,0500;KG;2,49;49,80;;;2,49;9100000032900;Piæa
LED.ÈAJ SPAR ŠUMSKO VOÆE 50 g;387532;SPAR;0,0500;KG;2,49;49,80;;;2,49;9100000032924;Piæa
SD KRPA BBQ ZA ROŠTILJ,DVOSTR.;387537;;1,0000;kom;;4,19;4,19;5,99;5,99;5060481025171;Proizvodi za kuæanstvo
SD SET SPUŽVA ŽIÈ.BBQ,2/1;387538;;1,0000;kom;;6,29;6,29;8,99;8,99;5060481024051;Proizvodi za kuæanstvo
Šunka kuhana Gavriloviæ;387559;Gavrilovic;1,0000;kg;9,99;9,99;;;14,49;3858892727881;Hrana
ŠPEK KARE DOBRO 90 g NAREZAK;387560;Dobro;0,0900;kg;2,59;28,78;;;2,89;3850133816606;Hrana
KEKSI NUTELLA 193 g;387562;;0,1930;kg;3,89;20,16;;;3,49;8000500390306;Hrana
BOMBONI TIC TAC BRES.MEN. 54 g;387563;;0,0540;kg;2,09;38,70;;;2,09;8000500444634;Hrana
INS.KAVA TCHIBO GOLD CRE.180 g;387564;Tchibo;0,1800;KG;;57,72;10,39;12,99;12,99;4046234767759;Piæa
INSTANT KAVA TCHIBO GOLD 200 g;387565;Tchibo;0,2000;KG;;39,95;7,99;12,99;12,99;4046234767650;Piæa
INSTANT KAVA TCHIBO GOLD 100 g;387566;Tchibo;0,1000;KG;;63,90;6,39;7,99;7,99;4046234767599;Piæa
KAVA DAVIDOFF ESPRESSO 250 g;387567;Davidoff;0,2500;KG;11,99;47,96;;;11,99;4006067087059;Piæa
KAVA DAVIDOFF FINE 250 g;387568;Davidoff;0,2500;KG;11,99;47,96;;;11,99;4006067084102;Piæa
KAVA DAVIDOFF RICH 250 g;387569;Davidoff;0,2500;KG;11,99;47,96;;;11,99;4006067046810;Piæa
KAPSULE DAVIDOFF FINE 55 g;387570;Davidoff;0,0550;KG;6,99;127,09;;;6,99;4061445226703;Piæa
KAPSULE DAVIDOFF RICH 55 g;387572;Davidoff;0,0550;KG;6,99;127,09;;;6,99;4061445226680;Piæa
KEKSI JIMMY KAKAO VANIL.135 g;387573;;0,1350;kg;2,49;18,44;;;2,49;8600939843635;Hrana
KEKSI JIMMY KAKAO NARAN. 135 g;387574;;0,1350;kg;2,49;18,44;;;2,49;8600939843628;Hrana
MLIJ.NAMAZ DUKAT JUNIOR 70 g;387580;Dukat;0,0700;kg;0,99;14,14;;;0,99;3850354019183;Hrana
NAMAZ SA IRSKIM MASLACEM 140 g;387586;;0,1400;kg;1,89;13,50;;;1,89;5999073304359;Hrana
PILEÆI ODRESCI GAVELINO 400g;387591;;0,4000;kg;;13,73;5,49;5,99;6,29;3850159112874;Hrana
SET ZA PRANJE PODA,FLAT BRISAÈ;387593;;1,0000;kom;17,99;17,99;;;17,99;8683143506558;Proizvodi za kuæanstvo
BRISAÈ PODA PLOSNATI,40 cm;387595;;1,0000;kom;5,99;5,99;;;5,99;8683143501300;Proizvodi za kuæanstvo
JUHA OD LEÆE B.S.620 g;387604;;0,6200;kg;;4,66;2,89;2,99;3,49;8055118488389;Hrana
JUHA OD PIRA B.S.620 g;387605;;0,6200;kg;;4,66;2,89;3,49;3,49;8055118488334;Hrana
SUPER KEFIR LIMUN ÐUMBIR 330 g;387611;Vindija;0,3300;kg;1,59;4,82;;;1,59;3850108036978;Hrana
SUPER KEFIR VIŠNJA 330 g;387612;Vindija;0,3300;kg;1,49;4,52;;;1,59;3850108036992;Hrana
SUPER KEFIR PISTACIJA 330 g;387613;Vindija;0,3300;kg;1,49;4,52;;;1,59;3850108036985;Hrana
MLIJE.UHT 1,5% BEZ LAKTOZE 1 L;387614;;1,0000;L;1,99;1,99;;;1,99;3850108023596;Hrana
REFIL ZA ULTRA MOP 360 ;387615;;1,0000;kom;1,49;1,49;;;1,49;8683143506763;Proizvodi za kuæanstvo
SET ZA ÈIŠÆENJE,MOP TRITON;387616;;1,0000;kom;29,99;29,99;;;24,99;8681503001507;Proizvodi za kuæanstvo
RADLER KARLOVAÈKO GREJP 0,5 L;387626;Karlovacko;0,5000;L;1,25;2,50;;;1,25;3850103902858;Piæa
RADLER KARLOVA.GREJP LIM.0,5 L;387628;Karlovacko;0,5000;L;1,56;3,12;;;1,56;3850103902872;Piæa
PJENA ZA BRIJANJE NIVEA 200 ml;387633;Nivea;0,2000;L;;10,00;2,00;2,99;3,99;4005900874283;Kozmetika
DES.PROT.MOUSS.ÈOK.ZOTT 200 g ;387634;Zott;0,2000;kg;1,79;8,95;;;1,69;4014500520858;Hrana
GEL ZA BRIJANJE NIVEA C.200 ml;387635;Nivea;0,2000;L;;14,00;2,80;4,59;5,59;4005900619402;Kozmetika
HRENOVKA JUNEÆA HISTRIS 180 g;387636;Histris;0,1800;kg;3,99;22,17;;;3,99;3858895020255;Hrana
DES.PROT.MOUSS.VAN.ZOTT 200 g ;387637;Zott;0,2000;kg;1,79;8,95;;;1,69;4014500520872;Hrana
PROT.DRIN.COOK.CR.ZOTT 250 ml ;387638;Zott;0,2500;L;1,39;5,56;;;1,39;4014500520780;Hrana
INST.KAVA NESCAF.CREMA 2X190 g;387640;Nescafe;0,3800;KG;16,39;43,13;;;16,99;8445291906181;Piæa
PRO.DRINK HUNG.JAG.ZOTT 500 ml;387641;Zott;0,5000;L;5,09;10,18;;;4,59;4014500521121;Hrana
PRO.DRINK HUNG.VAN.ZOTT 500 ml;387642;Zott;0,5000;L;5,09;10,18;;;4,59;4014500521114;Hrana
PRO.DRINK HUNG.ÈOK.ZOTT 500 ml;387643;Zott;0,5000;L;5,09;10,18;;;4,59;4014500521107;Hrana
INS.KAVA JACOBS MONARC.2X200 g;387656;Jacobs;0,4000;KG;21,99;54,98;;;19,99;3858893908838;Piæa
NAM.PROACTIV ORIGINAL 225 g;387657;;0,2250;kg;;8,84;1,99;2,99;2,99;8719200254244;Hrana
GEL TUŠ.ZIAJA FIG. 500 ml;387659;Ziaja;0,5000;L;2,39;4,78;;;2,39;5901887050308;Kozmetika
GEL TUŠ.ZIAJA FRESH TEA 500 ml;387660;Ziaja;0,5000;L;2,39;4,78;;;2,39;5901887050285;Kozmetika
GEL TUŠ.ZIAJA REDCURRA. 500 ml;387661;Ziaja;0,5000;L;2,39;4,78;;;2,39;5901887050278;Kozmetika
PILING ZIAJA MARSHMALLO.300 ml;387662;Ziaja;0,3000;l;5,99;19,97;;;5,99;5901887053958;Kozmetika
PILING ZIAJA LEMON CAK.300 ml;387663;Ziaja;0,3000;l;5,99;19,97;;;5,99;5901887045632;Kozmetika
MLIJEKO SUN KISS LF50 200 ml;387665;Sun Kiss;0,2000;L;6,99;34,95;;;6,99;9100000053240;Kozmetika
ULJE ZA USNE MELEM 10 ml;387672;Melem;1,0000;kom;5,25;5,25;;;5,25;3856007912733;Kozmetika
ŠAMPON I GEL MELEM KIKI 260 ml;387675;Melem;0,2600;L;3,89;14,96;;;3,90;3856007912696;Kozmetika
ŠAMPON I GEL MELEM KIKI 260 ml;387677;Melem;0,2600;L;3,89;14,96;;;3,90;3856007912702;Kozmetika
BALZAM ZA USNE MELEM KIKI 4,5g;387679;Melem;4,5000;g;3,90;0,87;;;3,90;3856007912726;Kozmetika
KREKERI SALTAS SLANI 100 g;387680;Koestlin;0,1000;kg;0,79;7,90;;;0,69;3856014107542;Hrana
KREKERI SALTAS SLANINA 100 g;387681;Koestlin;0,1000;kg;0,79;7,90;;;0,69;3856014107573;Hrana
SLA.SL.KARAM.SPAR PREM.480 ml;387684;SPAR PREMIUM;0,4150;kg;5,99;14,43;;;5,99;9100000021607;Hrana
SIR ISTARSKI LATUS 300 g;387692;;0,3000;kg;;16,63;4,99;5,99;5,99;3859891519989;Hrana
JOG.BIO-LASSI MANGO NP 230 ml;387693;Natur pur;0,2300;L;0,99;4,30;;;0,99;9100000068206;Hrana
DEO ROLL ON KIKI 30 ml;387694;Melem;0,0300;l;;40,00;1,20;2,09;2,49;3856007912672;Kozmetika
DEO ROLL ON KIKI 30 ml;387695;Melem;0,0300;l;;40,00;1,20;2,09;2,49;3856007912665;Kozmetika
SLAD.SENDV.SILK MILK LEDO 87 g;387697;Ledo;0,0870;kg;1,99;22,87;;;1,99;3850116065915;Hrana
SLAD.BUBBLE GUM SPAR 4x80 ml;387699;SPAR;0,3200;L;2,99;9,34;;;2,99;9100000035802;Hrana
PILEÆI FILE BATKA ZAB. S KOŽOM;387702;S-BUDGET;1,0000;kg;5,99;5,99;;;4,29;3856021229435;Hrana
WAFEL SPAR FREE FROM 100 g;387703;SPAR free from;0,1000;kg;2,29;22,90;;;2,29;9100000060668;Hrana
TOAST FREE FROM  400 g;387706;SPAR free from;0,4000;kg;2,99;7,48;;;2,99;9100000023700;Hrana
KOLAÈ MAÐARICA LINO LADA 420 g;387709;;0,4200;kg;5,49;13,07;;;5,49;3858889619588;Hrana
LINO LADA CAKE POPS DOL. 230g;387742;;0,2300;kg;2,99;13,00;;;3,99;3856020277345;Hrana
SRE.SPLENDID ULTRAPOWER 750 ml;387743;Splendid;0,7500;L;1,79;2,39;;;1,79;3856021227110;Sredstva za èišæenje
LINO LADA TORTA DOLCELA 230g;387744;;0,3200;kg;2,99;9,34;;;3,99;3856020277314;Hrana
SRE.SPLENDID ULTRAPOWER 750 ml;387748;Splendid;0,7500;L;1,79;2,39;;;1,79;3856021227097;Sredstva za èišæenje
KOB.S CRV.PAPR. MEDVEN 300 g;387750;Medven;0,3000;kg;4,49;14,97;;;4,49;3859894129581;Hrana
KOB. KRAŠIÆKA MEDVEN 300 g ;387751;Medven;0,3000;kg;3,59;11,97;;;3,69;3859893544699;Hrana
SRE.DOMESTOS ORGINAL 750 ml;387756;Domestos;0,7500;L;2,65;3,53;;;2,95;8720181621475;Sredstva za èišæenje
KOB.KRANJ.SA SIROM PIVAC 320 g;387757;Pivac;0,3200;kg;3,39;10,59;;;2,89;3859892881429;Hrana
SRE.DOMESTOS ARCT.FRESH 435 ml;387758;Domestos;0,4350;L;4,49;10,32;;;4,49;8720182796400;Sredstva za èišæenje
SRE.DOMESTOS FLORA.FRES.435 ml;387759;Domestos;0,4350;L;4,49;10,32;;;4,49;8720182796424;Sredstva za èišæenje
OME.COCCOLINO HAPP.YELL.975 ml;387760;Coccolino;0,9750;L;4,95;5,08;;;4,95;8720181410529;Sredstva za èišæenje
KREMA MIXA ZA RUKE HRAN.100 ml;387762;MIXA;0,1000;l;3,99;39,90;;;3,99;3600550932690;Kozmetika
KREMA MIXA ZA RUKE REPA.100 ml;387763;MIXA;0,1000;l;3,99;39,90;;;3,99;3600550932706;Kozmetika
KREMA ZIAJA ZA RUKE SVI.100 ml;387767;Ziaja;0,1000;L;1,69;16,90;;;1,60;5901887036494;Kozmetika
ÈOK. DORINA KARAM.BADEM 250 g;387772;Kraš;0,2500;kg;4,99;19,96;;;4,99;3850102010028;Hrana
ÈOK. DORINA KARAM.BADEM 100 g;387773;Kraš;0,1000;kg;1,49;14,90;;;1,99;3850102014835;Hrana
SLAD.KOR.ŠUM.VOÆ.JOGURT 167 ml;387785;Ledo;0,1670;l;2,79;16,71;;;2,79;3850116066332;Hrana
PIL.MARINIR. MINI KRILA 450 g;387786;;0,4500;kg;4,79;10,64;;;3,99;3850220429009;Hrana
SLAD.KONTIKI MANGO LEDO 75 ml ;387787;Ledo;0,0750;L;1,29;17,20;;;0,99;3850116066424;Hrana
PIL.MAR.FILE ZABATKA 400 g;387788;;0,4000;kg;4,79;11,98;;;3,99;3850220429016;Hrana
SLAD. ŠTAPIÆ LEDO MEDO 70 ml;387789;Ledo;0,0700;L;1,49;21,29;;;1,29;3850116066301;Hrana
SLADOLED PUNÈ NJOFRA  6x65 ml;387790;Ledo;0,3900;L;5,99;15,36;;;5,99;3850116067148;Hrana
SRE.SPLENDI ZA ISPI. I SJA.1 L;387791;Splendid;1,0000;L;1,29;1,29;;;1,29;9100000983110;Sredstva za èišæenje
SLADOL.LINO LADA LEDO 3x90 ml;387792;Ledo;0,2700;L;5,99;22,19;;;5,99;3850116067261;Hrana
TOAL.PAP. S-BUDGET 8/1 2 SLOJA;387793;S-Budget;8,0000;KOM;2,39;0,30;;;2,39;9100000080666;Toaletne potrepštine
SLAD.QUATTRO SUNSHINE 1500 ml;387794;Quattro;1,5000;L;7,49;4,99;;;7,49;3850116067087;Hrana
PAP.RUÈ.S-BUDGET 4/1;387795;S-Budget;4,0000;KOM;1,39;0,35;;;1,29;9100000080642;Proizvodi za kuæanstvo
TP LOVELY 10/1 4 SLOJA;387796;Lovely;10,0000;KOM;3,99;0,40;;;4,49;9100000080703;Toaletne potrepštine
MIRIS.PERLICE LENOR JAS. 195 g;387828;Lenor;195,0000;g;;0,02;3,99;5,99;5,99;8700216708258;Sredstva za èišæenje
MIR.PERLICE LENOR GOLD 195 g;387829;Lenor;195,0000;g;3,99;0,02;;;5,99;8700216708517;Sredstva za èišæenje
MIR.PERLICE LENOR SPRING 195 g;387830;Lenor;195,0000;g;3,99;0,02;;;5,99;8700216708418;Sredstva za èišæenje
SIR MOZZAREL.PANIR.CEKIN 500 g;387836;Cekin;0,5000;kg;7,99;15,98;;;7,99;3850159141157;Hrana
SLAD.QUATTRO DORINA 1500 ml;387837;Quattro;1,5000;L;7,49;4,99;;;7,49;3850116067117;Hrana
BRAŠ.KRUPICA S BUDGET MLJ.1 kg;387841;S-Budget;1,0000;kg;1,49;1,49;;;1,49;8057204094658;Hrana
MIR.PERLICE LENOR SPRING 495 g;387859;Lenor;495,0000;g;9,99;0,02;;;12,99;8700216704779;Sredstva za èišæenje
MIR. PERLICE LENOR 495 g;387860;Lenor;495,0000;g;12,79;0,03;;;12,99;8700216704694;Sredstva za èišæenje
MIR.PERLICE LENOR GOLD 495 g;387862;Lenor;495,0000;g;12,79;0,03;;;12,99;8700216704809;Sredstva za èišæenje
KONC.OMEKŠIVAÈ LENOR 700 ml;387866;Lenor;0,7000;L;3,99;5,70;;;6,59;8700216722858;Sredstva za èišæenje
KONC.OMEKŠIVAÈ LENOR 700 ml;387867;Lenor;700,0000;ml;3,99;0,01;;;6,59;8700216722940;Sredstva za èišæenje
KONC.OMEKŠIVAÈ LENOR 700 ml;387869;Lenor;700,0000;ml;3,99;0,01;;;6,59;8700216722933;Sredstva za èišæenje
DET.DASH LAVANDA 1,8 L;387871;Dash;1,8000;l;14,99;8,33;;;14,99;8700216827614;Sredstva za èišæenje
KAP.DASH LAVANDA 30/1;387874;Dash;30,0000;kom;14,99;0,50;;;14,99;8700216792639;Sredstva za èišæenje
KULENOV CVIJET NAR. 400 g XXL;387876;Gavrilovic;0,4000;kg;;19,98;7,99;8,99;10,99;3858890209433;Hrana
KAP.DASH AMBER 30/1;387878;Dash;30,0000;kom;14,99;0,50;;;14,99;8700216792172;Sredstva za èišæenje
DET.DASH REGULAR 3,3 KG;387884;Dash;3,3000;kg;19,99;6,06;;;19,99;8700216741934;Sredstva za èišæenje
KAP.DASH AMBER 44/1;387885;Dash;44,0000;KOM;19,99;0,45;;;19,99;8700216791861;Sredstva za èišæenje
KAP.DASH LAVANDA 44/1;387886;Dash;44,0000;kom;19,99;0,45;;;19,99;8700216792509;Sredstva za èišæenje
DET.DASH LAVANDA 2,7 L;387887;Dash;2,7000;l;19,99;7,40;;;19,99;8700216827546;Sredstva za èišæenje
OMEKŠIVAÈ LENOR CHERRY 1,239 L;387899;Lenor;1,2390;l;3,99;3,22;;;6,59;8700216723602;Sredstva za èišæenje
KAP.ARIEL EXTRA HYGIENE 26/1;387901;Ariel;26,0000;kom;9,99;0,38;;;15,99;8700216765305;Sredstva za èišæenje
KAP.ARIEL MOUNTAIN SPRING 30/1;387904;Ariel;30,0000;kom;9,99;0,33;;;15,99;8700216765480;Sredstva za èišæenje
DET.ARIEL COLOR 2,2 KG;387905;Ariel;2,2000;kom;15,99;7,27;;;15,99;8700216733311;Sredstva za èišæenje
OMEKŠIVAÈ LENOR FLORAL 1,239 L;387906;Lenor;1,2390;l;3,99;3,22;;;6,59;8700216726900;Sredstva za èišæenje
DET.ARIEL COLOR 1,8 L;387908;Ariel;1,8000;l;15,99;8,88;;;15,99;8700216691604;Sredstva za èišæenje
OMEKŠIVAÈ LENOR GOLD 1,239 L;387909;Lenor;1,2390;L;3,99;3,22;;;6,59;8700216724081;Sredstva za èišæenje
OMEKŠIVAÈ LENOR SUMMER 1,491 L;387910;Lenor;1,4910;L;3,99;2,68;;;6,59;8700216724029;Sredstva za èišæenje
DET.ARIEL MOUNTAIN SPRIN.1,8 L;387911;Ariel;1,8000;l;15,99;8,88;;;15,99;8700216691086;Sredstva za èišæenje
OMEKŠIVAÈ LENOR LOTUS 1,239 L;387912;Lenor;1,2390;l;3,99;3,22;;;6,59;8700216723756;Sredstva za èišæenje
DET.ARIEL MOUNTA.SPRING 2,2 KG;387913;Ariel;2,2000;kg;15,99;7,27;;;15,99;8700216733458;Sredstva za èišæenje
OMEKŠIVAÈ LENOR SPRING 1,491 L;387914;Lenor;1,4910;l;3,99;2,68;;;6,59;8700216724074;Sredstva za èišæenje
DET.ARIEL EXTRA CLEAN 1,35 L;387915;Ariel;1,3500;kom;15,99;11,84;;;15,99;8700216691390;Sredstva za èišæenje
DET.ARIEL OXI 1,65 KG;387916;Ariel;1,6500;kg;15,99;9,69;;;15,99;8700216739146;Sredstva za èišæenje
KAP.ARIEL FRESH AIR 26/1;387917;Ariel;26,0000;kom;9,99;0,38;;;15,99;8700216766043;Sredstva za èišæenje
SLAD.JAG-MAL.MACARON HD 420 ml;387919;Häagen Dazs;0,4200;L;;11,88;4,99;6,99;6,99;3415583001837;Hrana
KAP.ARIEL SENSITIVE 30/1;387920;Ariel;30,0000;kom;9,99;0,33;;;15,99;8700216766012;Sredstva za èišæenje
DET.TEK.ARIEL EX.CLEAN 2,25 L;387924;Ariel;2,2500;l;13,99;6,22;;;21,99;8700216691154;Sredstva za èišæenje
KAP.ARIEL BLACK 38/1;387925;Ariel;38,0000;kom;13,99;0,37;;;24,99;8700216764735;Sredstva za èišæenje
DET.TEKUÆI ARIEL FRESH 2,25 L;387927;Ariel;2,2500;l;13,99;6,22;;;19,99;8700216690836;Sredstva za èišæenje
KAP.ARIEL EXTRA HYGIENE 38/1;387928;Ariel;38,0000;kom;13,99;0,37;;;19,99;8700216764254;Sredstva za èišæenje
KAPSULE ARIEL AMETHYST 38/1;387929;Ariel;38,0000;kom;13,99;0,37;;;19,99;8700216764438;Sredstva za èišæenje
KAP.ARIEL COLOR FRESH 44/1;387930;Ariel;44,0000;kom;13,99;0,32;;;19,99;8700216764544;Sredstva za èišæenje
KAP.ARIEL MOUNTAIN SPRING 44/1;387931;Ariel;44,0000;kom;13,99;0,32;;;19,99;8700216764667;Sredstva za èišæenje
KAPSULE ARIEL SENSITIVE 44/1;387945;Ariel;44,0000;kom;13,99;0,32;;;19,99;8700216765923;Sredstva za èišæenje
DET.ARIEL MOUNT.SPRING 3,46 kg;387946;Ariel;3,4650;kg;13,99;4,04;;;21,99;8700216733830;Sredstva za èišæenje
SPIR.ZIG ZAG CITRONATURL 10/1;387948;Zig Zag;10,0000;KOM;1,89;0,19;;;1,89;8004235006907;Proizvodi za kuæanstvo
TEKUÆI DET. ARIEL COLOR 2,7 L;387949;Ariel;2,7000;l;13,99;5,18;;;21,99;8700216690829;Sredstva za èišæenje
TEK.DET. ARIEL MOUN.SPR.2,7 L;387952;Ariel;2,7000;l;13,99;5,18;;;21,99;8700216690973;Sredstva za èišæenje
DET.ARIEL ALPINE COLOR 3,46 kg;387958;Ariel;3,4650;kg;13,99;4,04;;;21,99;8700216733335;Sredstva za èišæenje
LOS.ZIG ZAG TROPICAL 100 ml;387959;Zig Zag;0,1000;L;4,39;43,90;;;4,39;8004235007553;Proizvodi za kuæanstvo
KAP.PERSIL COLOR 68/1;387964;Persil;68,0000;kom;18,99;0,28;;;19,99;9000101826746;Sredstva za èišæenje
SLAD.SATIN JAGODA LEDO 900 ml;387969;Ledo;0,9000;L;4,49;4,99;;;4,49;3850116067230;Hrana
SLA.VELVET VANILIJA LEDO900 ml;387970;Ledo;0,9000;L;4,49;4,99;;;4,49;3850116067179;Hrana
SLAD.LUSH ÈOKOLADA LEDO 900 ml;387971;Ledo;0,9000;L;4,49;4,99;;;4,49;3850116067209;Hrana
KOLAÈ ÈAJNI POLJUPCI 300 g;387979;;0,3000;kg;4,99;16,63;;;4,99;3859890947264;Hrana
SOK HPP CRVENA SNAGA 0,33 L;387992;;0,3300;L;3,79;11,48;;;3,79;3856024043359;Hrana
SOK HPP DAN POSLIJE 0,33 L;387994;;0,3300;L;3,79;11,48;;;3,79;3856024043366;Hrana
SOK HPP DOBRO JUTRO 0,33 L;387996;;0,3300;L;3,79;11,48;;;3,79;3856024043380;Hrana
SOK HPP SVJEŽI DAN 0,33 L;387997;;0,3300;L;3,79;11,48;;;3,79;3856024043274;Hrana
SOK HPP TROPICO 0,33 L;387998;;0,3300;L;3,79;11,48;;;3,79;3856024043441;Hrana
SOK HPP ZAUVIJEK MLAD 0,33 L;387999;;0,3300;L;3,79;11,48;;;3,79;3856024043281;Hrana
VODA HPP OKUS LIMUNADA 0,5 L;388000;;0,5000;L;2,59;5,18;;;2,59;3856024044592;Hrana
VODA HPP OKUS KURKUMA 0,5 L;388001;;0,5000;L;2,59;5,18;;;2,59;3856024044615;Hrana
SUŠILO ZA RUBLJE MARINO 20 M;388004;;1,0000;kom;19,99;19,99;;;19,99;8003186111302;Proizvodi za kuæanstvo
SUŠILO ZA RUBLJE DICIOTTO 18 M;388006;;1,0000;kom;13,99;13,99;;;13,99;8003186091703;Proizvodi za kuæanstvo
DEO SP.AXE KENOBI B.VAN.150 ml;388009;Axe;0,1500;l;5,49;36,60;;;5,49;8720181418402;Kozmetika
DEO SP.AXE KENOBI B.LAV.150 ml;388010;Axe;0,1500;l;5,49;36,60;;;5,49;8720181555602;Kozmetika
DEO SP.AXE KENOBI AQUA 150 ml;388011;Axe;0,1500;l;5,49;36,60;;;5,49;8720181555596;Kozmetika
DEO STICK AXE KENOBI VA. 50 ml;388012;Axe;0,0500;l;5,49;109,80;;;5,49;59004660;Kozmetika
DEO STICK AXE KENOBI LA. 50 ml;388013;Axe;0,0500;l;5,49;109,80;;;5,49;59002161;Kozmetika
DEO SPRAY AXE SUNSET 150 ml;388014;Axe;0,1500;l;4,89;32,60;;;4,55;8720181590863;Kozmetika
DEO SPRAY DOVE MEN VAN.150 ml;388017;Dove;0,1500;kom;5,20;34,67;;;5,20;8720181570070;Kozmetika
DEO DOVE DRAGONFRUIT 150 ml;388019;Dove;0,1500;l;5,20;34,67;;;5,20;8720181565830;Kozmetika
DEO SP.DOVE DRAGONFRUIT 200 ml;388024;Dove;0,2000;kom;5,99;29,95;;;5,99;8720181565847;Kozmetika
Sir Tilzit Milchland;388054;;1,0000;kg;9,99;9,99;;;6,99;4000436621592;Hrana
DEO STICK REXONA BOUQUET 50 ml;388057;Rexona;0,0500;l;2,79;55,80;;;4,79;59002222;Kozmetika
DEO STICK REXONA ALOE 50 ml;388058;Rexona;0,0500;kom;2,79;55,80;;;4,79;59004783;Kozmetika
DEO STICK DOVE ORIGINAL 50 ml;388059;Dove;0,0500;l;5,20;104,00;;;5,20;59099611;Kozmetika
SLA.BARATT.WAFE.LOACKER 800 ml;388061;;0,8000;L;5,99;7,49;;;5,99;8005840021576;Hrana
DEO STICK DOVE INVISIBLE 50 ml;388062;Dove;0,0500;l;5,20;104,00;;;5,20;59099598;Kozmetika
DEO STICK DOVE POMERGRA. 50 ml;388064;Dove;0,0500;l;5,20;104,00;;;5,20;59099642;Kozmetika
SLAD.PISTACIJA BIS KEKS 200 g;388066;;0,2000;kg;5,99;29,95;;;5,99;8005840021095;Hrana
SLA.CROCCANTINO BIS KEKS 200 g;388067;;0,2000;kg;5,99;29,95;;;5,99;8005840021071;Hrana
ZUB.PASTA SENSODYNE CLIN 75 ml;388075;Sensodyne;0,0750;l;8,49;113,20;;;7,99;5054563237101;Kozmetika
ZUB.PAS.PARODONTAX WHITE.75 ml;388076;Parodontax;0,0750;l;;79,33;5,95;7,49;6,99;5054563206275;Kozmetika
ZUB.PAS.PARODONTAX FRE.MI75 ml;388079;Parodontax;0,0750;l;;79,87;5,99;7,49;6,99;5054563206299;Kozmetika
KREMA COREGA ULTIMATE 40g;388081;Corega;1,0000;kom;8,99;8,99;;;9,99;5054563209467;Kozmetika
DEO STICK OLD SPICE EPIC 50 ml;388089;Old Spice;0,0500;l;3,49;69,80;;;3,85;8700216607360;Kozmetika
GEL TU.OLD SPICE EPIC 400 ml;388090;Old Spice;0,4000;l;2,99;7,48;;;3,85;8700216611046;Kozmetika
DEO SP.OLD SPICE EPIC 150 ml;388091;Old Spice;0,1500;l;3,49;23,27;;;3,85;8700216606035;Kozmetika
BRIT.WILKINSON SENSITIVE 6+2;388092;Wilkinson;8,0000;kom;9,69;1,21;;;7,49;4027800240302;Kozmetika
BRIJAÈ WILKINSON GROOMER + BRI;388093;Wilkinson;1,0000;kom;20,99;20,99;;;20,99;4027800138609;Kozmetika
DET.PERSIL COLOR 3,96 L;388111;Persil;3,9600;l;21,99;5,55;;;21,99;9000101566086;Sredstva za èišæenje
MASLINE S-BUDG.KALAMATA 350 g;388114;S-BUDGET;0,2000;kg;2,99;14,95;;;2,49;9100000074603;Hrana
DET.PERSIL SENSITIVE 0,99 KG;388127;Persil;0,9900;kg;8,49;8,58;;;8,49;9000101802689;Sredstva za èišæenje
DET.PERSIL FRESHNESS 1,98 KG;388128;Persil;1,9800;kg;14,75;7,45;;;14,75;9000101804959;Sredstva za èišæenje
DET.PERSIL COLOR 2,97 L;388129;Persil;2,9700;l;23,99;8,08;;;19,99;9000101599091;Sredstva za èišæenje
DET.WEISSER RIESE LOTUS 2,25 L;388130;Weisser Riese;2,2500;l;9,99;4,44;;;12,99;9000101563603;Sredstva za èišæenje
DET.WEISSER RIESE COLOR 2,25 L;388131;Weisser Riese;2,2500;l;9,99;4,44;;;12,99;9000101564334;Sredstva za èišæenje
DET.PERWOLL COLOR 2 L;388132;Perwoll;2,0000;l;8,95;4,48;;;9,99;9000101810479;Sredstva za èišæenje
DET.PERWOLL BLOSSOM 2 L;388135;Perwoll;2,0000;l;8,95;4,48;;;9,99;9000101808476;Sredstva za èišæenje
DET.PERWOLL RENEW 3 L;388136;Perwoll;3,0000;L;13,39;4,46;;;13,39;9000101827163;Sredstva za èišæenje
DET.PERWOLL BLOSSOM 3,75 L;388137;Perwoll;3,7500;l;15,99;4,26;;;14,99;9000101810233;Sredstva za èišæenje
REGENERATOR SYOSS STR 250 ml;388139;Syoss;0,2500;l;4,99;19,96;;;4,99;9000101665444;Kozmetika
ŠAMP.SCHAUMA ROSE OIL 400 ml;388143;Schauma;0,4000;l;2,99;7,48;;;3,79;9000101656695;Kozmetika
GEL ZA TU.FA MYSTIC 400 ml;388157;Fa;0,4000;l;2,59;6,48;;;4,19;9000101704457;Kozmetika
KUPKA FA CACAO BUTTER 750 ml;388159;Fa;0,7500;l;;3,32;2,49;4,99;4,99;5201143728980;Kozmetika
ŠAMP.GLISS FULL HAIR 250 ml;388162;Gliss;0,2500;l;4,29;17,16;;;4,29;9000101749175;Kozmetika
PATRONE GILLETTE PROGLIDE 12/1;388166;Gillette;12,0000;kom;59,99;5,00;;;59,99;7702018440894;Kozmetika
PATRONE GILLETTE PROGLIDE 14/1;388167;Gillette;14,0000;kom;66,89;4,78;;;66,89;8001090819901;Kozmetika
PATRONE GILLETTE MACH3 20/1;388171;Gillette;20,0000;kom;44,89;2,24;;;44,89;8001090821232;Kozmetika
PATRONE GILLETTE FUSION 16/1;388176;Gillette;16,0000;kom;53,89;3,37;;;53,89;8001090819536;Kozmetika
PATRONE GILLETTE M3 CHARC. 8/1;388178;Gillette;8,0000;kom;22,49;2,81;;;22,49;8700216085472;Kozmetika
PATRONE GILLETTE FUSION 8/1;388183;Gillette;1,0000;kom;34,99;34,99;;;34,99;7702018610389;Kozmetika
PATRONE GILLETTE MACH3 8/1;388185;Gillette;1,0000;kom;22,49;22,49;;;22,49;7702018610402;Kozmetika
BRIJAÈ GILLETTE PROGL.+10 PAT;388188;Gillette;1,0000;kom;53,99;53,99;;;53,99;7702018425198;Kozmetika
BRIJAÈ GILLETTE FUSION+11 PAT.;388191;Gillette;1,0000;kom;49,99;49,99;;;49,99;7702018425761;Kozmetika
BRIJAÈ GILLETTE MACH3 +12 PAT.;388192;Gillette;1,0000;kom;33,99;33,99;;;33,99;7702018425853;Kozmetika
PATRONE GILLETTE MACH3 8/1;388193;Gillette;8,0000;kom;22,49;2,81;;;22,49;8700216066556;Kozmetika
PATRONE GILLETTE FUSION5 8/1;388194;Gillette;8,0000;kom;34,99;4,37;;;34,99;8006540989197;Kozmetika
PATRONE GILLETTE PROGLIDE 8/1;388195;Gillette;8,0000;kom;39,99;5,00;;;39,99;8700216066587;Kozmetika
OSVJEŽAVA.PIÆE VINDI ACE 4X1 L;388199;Vindija;4,0000;L;4,29;1,07;;;4,29;3850108070828;Piæa
VINO ROSE COTE D.ROSES 0,75 L;388206;;0,7500;L;12,99;17,32;;;12,99;3514120107107;Piæa
VINO MERLOT HERITAGE 0,75 L;388211;;0,7500;L;11,49;15,32;;;11,49;3514123134254;Piæa
SPREJ SUPER JON UNIVERS.300 ml;388218;Super Jon;0,3000;L;3,49;11,63;;;3,49;3850111505768;Sredstva za èišæenje
OME.LENOR GOLD ORCHID 2x987 ml;388219;Lenor;1,9740;L;8,99;4,55;;;9,49;8700216880770;Sredstva za èišæenje
SPREJ SUPER JON NAMJEŠT.300 ml;388221;Super Jon;0,3000;L;3,49;11,63;;;3,49;3850111505751;Sredstva za èišæenje
OME.LENOR AWAKENING 2x1239 ml;388222;Lenor;2,4780;L;8,99;3,63;;;9,49;8700216880886;Sredstva za èišæenje
TEK.KUP.OLIVAL SENSITIV.250 ml;388224;Olival;0,2500;L;5,79;23,16;;;5,79;3858892696248;Toaletne potrepštine
GEL OLIVAL ULTRA FRESH 250 ml;388226;Olival;0,2500;L;5,79;23,16;;;5,79;3858892696101;Toaletne potrepštine
SERUM GLISS FULL HAIR 100 ml;388227;Gliss;0,1000;l;8,45;84,50;;;8,45;9000101749373;Kozmetika
KOKICE SNACKS LIFE SLANE 240 g;388231;;0,2400;kg;2,49;10,38;;;3,49;3830079808613;Hrana
PREZE.BILLY BOY EXTRA SAFE 6/1;388234;Billy Boy;6,0000;KOM;4,99;0,83;;;4,99;4008600433682;Toaletne potrepštine
PREZE.BILLY BOY EXTRA LUBR.6/1;388237;Billy Boy;6,0000;KOM;4,99;0,83;;;4,99;4008600433668;Toaletne potrepštine
PREZE.BILLY BOY COMFORT 10/1;388238;Billy Boy;10,0000;KOM;6,89;0,69;;;5,99;4008600433705;Toaletne potrepštine
PREZE.BILLY BOY SENSU.MIX 10/1;388240;Billy Boy;10,0000;KOM;6,89;0,69;;;5,99;4008600433750;Toaletne potrepštine
ULJE OGX ZA KOSU ARAGAN 118 ml;388243;OGX;0,1180;l;9,30;78,81;;;9,30;3574661563350;Kozmetika
ULJE OGX ZA KOSU ARAGAN 100 ml;388244;OGX;0,1000;l;8,79;87,90;;;9,30;3574661563336;Kozmetika
MASKA OGX ZA KOSU ARGA. 300 ml;388245;OGX;0,3000;l;9,95;33,17;;;9,95;3574661685144;Kozmetika
ROLL-ON MEN EXPERT BAR. 50 ml ;388257;LOREAL;0,0500;L;5,19;103,80;;;4,79;3600524076740;Kozmetika
SPR.NIVE.SUN B&K SPF50+270 ml;388258;Nivea;0,2700;L;14,99;55,52;;;27,99;4005900904881;Kozmetika
KRPA VILEDA  ACTIFIBRE,;388260;;1,0000;kom;5,39;5,39;;;5,39;4023103240834;Proizvodi za kuæanstvo
GRISSINI TORINESI S-BUDG.300 g;388261;S-BUDGET;0,3000;kg;1,39;4,63;;;1,99;8057204095556;Hrana
SPRAY NIVEA SUN SPF30 200ml;388262;Nivea;0,2000;L;11,99;59,95;;;17,99;4005900132260;Kozmetika
MASKA LICE ISANA PR.BORA 16 ml;388264;ISANA;0,0160;L;0,99;61,88;;;0,99;4305615848877;Kozmetika
MASKA ISANA COLLAGEN 1 kom;388265;ISANA;1,0000;kom;0,99;0,99;;;0,99;4305615657912;Kozmetika
MASKA ISANA HIDRATANTNA 16 ml;388266;ISANA;0,0160;L;0,99;61,88;;;0,99;4305615842417;Kozmetika
MASKA ISANA PEEL OFF 1 kom;388267;ISANA;1,0000;kom;0,99;0,99;;;0,99;4305615783611;Kozmetika
MASKA ISANA RETINOL 1 kom;388268;ISANA;1,0000;kom;0,99;0,99;;;0,99;4068134067845;Kozmetika
UMAK YOUWOK SAMBAL LJUTI 200g;388269;Youwok.Com;0,2000;kg;3,19;15,95;;;3,19;8717228380013;Hrana
LOSOS SALATA EVA  ASIANA 160 g;388270;;0,1600;kg;;12,44;1,99;4,29;4,29;3856020276720;Hrana
PIL.PANIR.KOCKICE CEKIN 600 g;388295;Cekin;0,6000;kg;8,29;13,82;;;8,29;3850159141164;Hrana
PIL.PANIR.STRIPSI CEKIN 600 g;388297;Cekin;0,6000;kg;8,29;13,82;;;8,29;3850159141171;Hrana
ÈETKA ZA POSUÐE NA DRŽAÈU;388316;;1,0000;kom;3,99;3,99;;;3,99;4034127300497;Proizvodi za kuæanstvo
ZIMSKA GAVRILOVIÆ 250 g XXL;388317;Gavrilovic;0,2500;kg;;27,96;6,99;7,99;6,99;3858892722473;Hrana
SMJESA ZA PANI.PANKO SPAR 200g;388318;SPAR marka kvalitete;0,2000;kg;2,49;12,45;;;2,49;9100000066301;Hrana
KUPKA PINO SILVEST.FLOR.750 ml;388346;PINO SILVESTRE;0,7500;l;2,99;3,99;;;2,99;8009350302903;Kozmetika
KUPKA PINO SILVESTRE RUG750 ml;388347;;0,7500;l;2,99;3,99;;;2,99;8009350302910;Kozmetika
PJENA PINO SILVES.TALCO 750 ml;388350;;0,7500;l;2,99;3,99;;;2,99;8009350404317;Kozmetika
SLAD.MACHO SANDW.LEDO 3x129 ml;388354;Macho;0,3870;L;5,99;15,48;;;5,99;3850116068084;Hrana
HIG.ULOŠCI PAMINA 12/1;388356;Pamina;12,0000;KOM;1,19;0,10;;;1,20;9100000053912;Toaletne potrepštine
SLAD.SL.KARAM.SPAR TUB 473 ml;388358;SPAR;0,4730;L;4,99;10,55;;;4,99;9100000023649;Hrana
SLAD.JAGODA CHEESE.SPAR 473 ml;388359;SPAR;0,4730;L;4,99;10,55;;;4,99;9100000023625;Hrana
SLAD.BOROVN.CHEESE.SPAR 473 ml;388360;SPAR;0,4730;L;4,99;10,55;;;4,99;9100000023595;Hrana
DEO SPR.NEUTRO R.FRESCO 150 ml;388361;;0,1500;L;3,45;23,00;;;3,45;8002410012064;Kozmetika
DEO SPR.NEUTRO R.FRESCO 150 ml;388362;;0,1500;L;3,45;23,00;;;3,45;8002410011883;Kozmetika
PREZE.YOU&ME RIBBED 12/1;388377;;12,0000;KOM;5,99;0,50;;;5,99;8594068382564;Toaletne potrepštine
PREZERVAT.DUREX FEEL THIN 2X12;388425;Durex;24,0000;KOM;23,29;0,97;;;21,99;5997321776774;Toaletne potrepštine
PREZ.YOU&ME ROMEO 2X12/1;388426;;24,0000;KOM;9,99;0,42;;;9,99;3858894301812;Toaletne potrepštine
SLAD.LJEŠNJA.BAR AL!VE 3x73 ml;388429;;0,2190;L;3,99;18,22;;;3,99;3830053876966;Hrana
SLADOL.KIT KAT KORNET 4x100 ml;388430;Nestle;0,4000;L;6,99;17,48;;;6,99;7613032407759;Hrana
SLADOL.MONTE SENDVIÈ 3x120 ml;388431;Zott;0,3600;L;5,49;15,25;;;5,49;5906040064222;Hrana
RAJÈICA PASIRAN.PODRAVKA 400 g;388438;;0,4000;kg;1,29;3,23;;;1,49;3856020280321;Hrana
GEL BRIJANJE NIVEA P&C 200 ml;388446;Nivea;0,2000;l;5,69;28,45;;;5,59;4005900918666;Kozmetika
KAP.PERSIL COLOR 54/1;388449;Persil;54,0000;kom;;0,24;12,99;14,99;21,99;9000101801293;Sredstva za èišæenje
KREMA NIVEA MEN SENSITIV 75 ml;388452;Nivea;0,0750;L;14,99;199,87;;;14,99;4006000082646;Kozmetika
KREMA LICE NIVEA MEN P&C 75 ml;388453;Nivea;0,0750;L;12,99;173,20;;;12,99;4006000107585;Kozmetika
GAZ.PIÆE SCHW.PURPLE TONIC 1 L;388455;Schweppes;1,0000;L;1,79;1,79;;;1,79;5449000338419;Piæa
PIVO BRLOG ZADRANKA 0,5 L;388456;;0,5000;L;2,78;5,56;;;3,19;0792649754276;Piæa
OSVJE.PIÆE FRUC LIMUNADA 1,5 L;388457;Fruc;1,5000;L;1,89;1,26;;;1,89;3838945043359;Piæa
OSVJ.PIÆE FRUC MANGOLADA 1,5 L;388458;Fruc;1,5000;L;1,89;1,26;;;1,89;3838945043373;Piæa
OSVJE.PIÆE FRUC LIMUNADA 0,5 L;388460;Fruc;0,5000;L;1,19;2,38;;;1,19;3838945043366;Piæa
OSVJ.PIÆE FRUC MANGOLADA 0,5 L;388462;Fruc;0,5000;L;1,19;2,38;;;1,19;3838945043380;Piæa
JUHA S RIBANOM KAŠO.PILEÆA 65g;388494;;0,0650;kg;1,49;22,92;;;1,49;3856020276829;Hrana
PUDING PERFETTA VANILIJA 80g;388498;;0,0800;kg;;11,13;0,89;1,19;1,19;3856020277031;Hrana
PUDING PERFETTA ÈOKOLADA 80g;388499;;0,0800;kg;;11,13;0,89;1,19;1,19;3856020277062;Hrana
VEGETA NATUR PASTA PAPRI.190 g;388501;;0,1900;kg;2,29;12,05;;;2,19;3856020278199;Hrana
TJE.ZLATO POLJE FARFALLE 400 g;388517;;0,4000;kg;1,99;4,98;;;1,99;3856020278953;Hrana
CROISS.7 DAYS KAKAO-KOKOS 80g;388520;;0,0800;kg;1,15;14,38;;;1,15;7622201392017;Hrana
SP SET SPUŽVA , 2/1;388524;Splendid;2,0000;kom;1,39;0,70;;;1,39;9100000049908;Proizvodi za kuæanstvo
VL.MAR.ASEPTOL FRESH 20/1;388527;;20,0000;KOM;0,99;0,05;;;1,09;3859894188267;Toaletne potrepštine
KAVA ILLY CLASSIC ROAST 250 g;388552;Illy;0,2500;KG;;32,92;8,23;10,29;10,29;8003753900520;Piæa
ÈAJ AGRISTAR KADULJA LIST 40 g;388553;Agristar;0,0400;KG;2,29;57,25;;;2,29;3858886501015;Piæa
ÈAJ DARVITALIS SIKAVICA 90 g;388554;Darvitalis;0,0500;KG;3,99;79,80;;;3,99;3858890832631;Piæa
ÈAJ DARVITALIS KADULJA 40 g;388556;Darvitalis;0,0400;KG;3,99;99,75;;;3,99;3858890830309;Piæa
TJE.ZLATO POLJ.CAPPELETT.500 g;388558;;0,5000;kg;1,99;3,98;;;1,99;3856020278922;Hrana
ÈAJ AGRISTAR STOLISNIK 50 g;388561;Agristar;0,0500;KG;2,25;45,00;;;2,25;3858886500100;Piæa
TJE.ZLATO POLJ.PENNE 500 g;388562;Zlato Polje;0,5000;kg;1,99;3,98;;;1,99;3838700021462;Hrana
KOLAÈ CARROT CAKE.PODRA.230 g;388567;;0,2300;kg;4,19;18,22;;;3,99;3856020276911;Hrana
SJEC.RAJÈ.BOSILJAK I ORIG.400g;388568;Podravka;0,4000;kg;2,89;7,23;;;1,99;3856020280390;Hrana
PIL.PRSA FIT&FINA 100 g NAR.;388569;Podravka;0,1000;kg;2,39;23,90;;;1,99;3856020279929;Hrana
PUR.PRSA FIT&FINA 100 g NAR.;388570;Podravka;0,1000;kg;2,39;23,90;;;1,99;3856020279950;Hrana
ŠUNKA DOMAÆA FIT&FINA 100 g ;388571;Podravka;0,1000;kg;2,39;23,90;;;1,99;3856020279981;Hrana
ZAÈIN NATUR PILETI.VEGETA.75g;388572;Podravka;0,0750;kg;2,19;29,20;;;1,99;3856020221829;Hrana
ZAÈ.NATUR SALATA VEGETA 60 g;388573;;0,0600;kg;2,19;36,50;;;1,99;3856020221799;Hrana
ZAÈ.NATUR KRUMPIR VEGETA 100g;388574;;0,1000;kg;2,19;21,90;;;2,19;3856020270278;Hrana
ZAÈIN VEG. NATUR ZA PIZZU 10 g;388575;Podravka;0,0100;kg;1,09;109,00;;;1,09;3856020202941;Hrana
SLADOL.MINI OREO BITES 105 ml;388591;Oreo;0,1050;L;2,89;27,52;;;2,89;5900130040707;Hrana
PAP.RUÈ.VIOLETA JUMBO 1/1 2SL;388594;Teta Violeta;1,0000;KOM;1,99;1,99;;;2,65;3858893661139;Proizvodi za kuæanstvo
ÈOKOL. KIT-KAT BIJELA  41,5 g;388597;Nestle;0,0415;kg;1,39;33,49;;;1,39;8445290549266;Hrana
ÈOK. KIT-KAT LJEŠNJAK 41,5 g;388598;Nestle;0,0415;kg;1,39;33,49;;;1,39;8445291308725;Hrana
ÈOK.KIT-KAT TAMNA 41,5 g;388599;Nestle;0,0415;kg;1,39;33,49;;;1,39;8445290542311;Hrana
S SALVETE BEŽ 20/1;388600;SPAR Premium;1,0000;kom;2,99;2,99;;;2,99;9100000053547;Proizvodi za kuæanstvo
S SALVETE KREM 20/1 38x38;388601;SPAR Premium;1,0000;kom;2,99;2,99;;;2,99;9100000054131;Proizvodi za kuæanstvo
S SALVETE S.ZELENE 20/1 38x38;388602;SPAR Premium;1,0000;kom;2,99;2,99;;;2,99;9100000054148;Proizvodi za kuæanstvo
SLAD.KOR.PISTAC.DESPAR 300 g;388603;Despar;0,3000;kg;3,99;13,30;;;3,99;8001300671732;Hrana
SLAD.KOR.VRH-ÈOK.DESPAR 450 g;388605;Despar;0,4500;kg;3,99;8,87;;;3,99;8001300671282;Hrana
SAVIJ.VAN.KAKAO S-BUDGET 500 g;388606;S-Budget;0,5000;kg;2,29;4,58;;;2,29;3856021228872;Hrana
SAVIJ.VAN.ŠUM.V.S-BUDGET 500 g;388607;S-Budget;0,5000;kg;2,29;4,58;;;2,29;3856021228896;Hrana
SLA.ŠTAP.CHOCCOLIN.SPAR 6x55 g;388608;SPAR Qualitätsmarke;0,3300;kg;4,49;13,61;;;4,49;9100000042886;Hrana
NAPITAK ALPRO BANANA 1 L ;388609;Alpro;1,0000;L;3,79;3,79;;;3,79;5411188116905;Piæa
ZOB.PROIZ.ZA KUH.ALPRO 0,25 L;388610;Alpro;0,2500;l;2,59;10,36;;;2,59;5411188132455;Piæa
PROT.PLOÈICA SNICKERS 57 g;388611;Snickers;0,0570;kg;3,49;61,23;;;3,49;5056357909515;Hrana
PROTEINSKA PLOÈICA MARS 59 g;388613;Mars;0,0590;kg;3,49;59,15;;;3,49;5060402908286;Hrana
SMOOTHIE ZOB.BOOM BOX 200 g;388616;Boom Box;0,2000;kg;2,19;10,95;;;1,99;3856027802007;Hrana
ZAÈ.VEGETA NATUR ZA RIŽOT.30 g;388617;Podravka;0,0300;kg;1,09;36,33;;;2,09;3856020269883;Hrana
SMOOTHIE ZOB.BOOM BOX 200 g;388618;Boom Box;0,2000;kg;2,19;10,95;;;1,99;3856027801987;Hrana
ZAÈ.VEGETA NATUR ZA TJEST.30 g;388619;Podravka;0,0300;kg;1,09;36,33;;;1,09;3856020269852;Hrana
SMOOTHIE ZOB.BOOM BOX 200 g;388620;Boom Box;0,2000;kg;2,19;10,95;;;1,99;3856027802021;Hrana
ZAÈ.VEGETA MAEST.PAPAR 50 g;388621;;0,0500;kg;2,49;49,80;;;2,49;3856020202071;Hrana
ÈOKO.MLIJEKO KOKOS DUKAT 0,5 L;388622;Dukat;0,5000;L;1,69;3,38;;;1,69;3850354019299;Hrana
ZAÈ.VEG.MAES.ŠAFRAN 0,125g;388629;;0,0125;kg;2,19;175,20;;;2,19;3856020202705;Hrana
ZAÈ.VEGETA MAEST.CURRY 30 g;388630;Podravka;0,0300;kg;0,99;33,00;;;0,99;3856020270216;Hrana
ZAÈ.BOSILJAK SUŠENI POSIP 14 g;388631;Podravka;0,0140;kg;1,99;142,14;;;1,99;3850104294952;Hrana
ZAÈ.VEGETA MAESTRO ORIGANO 10g;388632;;0,0100;kg;1,99;199,00;;;1,99;3856020231170;Hrana
ZAÈIN MAŽURAN 9 g;388633;Podravka;1;kg;1,99;1,99;;;1,99;3850104294853;Hrana
ZAÈ.VEGETA MAEST.PERŠIN 13 g;388634;Podravka;0,0130;kg;1,99;153,08;;;1,99;3850104294938;Hrana
ZAÈ.VEGETA MAEST.RUŽMARIN 30 g;388635;Podravka;0,0300;kg;1,99;66,33;;;1,99;3856020233112;Hrana
ZAÈ.MUŠKATNI ORAŠÈIÆ MLJEV.38g;388636;Podravka;0,0380;kg;3,79;99,74;;;3,79;3850104294860;Hrana
ZAÈ.VEGETA MAEST.KORIJAND.27 g;388637;Podravka;0,0270;kg;1,79;66,30;;;1,79;3856020231293;Hrana
ZAÈ.V.MAEST.SITNA MOR.SOL 110g;388638;Podravka;0,1100;kg;1,79;16,27;;;1,79;3856020267216;Hrana
ZAÈ.VEGETA MAEST.CR.PAPAR 45 g;388639;;0,0450;kg;3,49;77,56;;;3,49;3856020234454;Hrana
SL.ŠTAP.VRH.PIST.PREMIUM 260 g;388643;SPAR PREMIUM;0,2600;kg;3,99;15,35;;;3,99;8001300671695;Hrana
SLA.ŠTAP.VRH.KAR.PREMIUM 260 g;388644;SPAR PREMIUM;0,2600;kg;3,99;15,35;;;3,99;8001300671688;Hrana
ÈOK.LINDT 3X100 g;388657;;0,3000;kg;8,99;29,97;;;7,99;9003600561422;Hrana
ÈOKOL. LINDT 85% 3x100 g;388658;;0,3000;kg;8,99;29,97;;;7,99;9003600561453;Hrana
ÈOK.LINDT NARAN 3X100 g ;388659;;0,3000;kg;8,99;29,97;;;7,99;9003600561446;Hrana
KOLAÈ MINI KREMŠNITE 340 g;388661;;0,3400;kg;4,19;12,32;;;4,19;3838700356748;Hrana
KOLAÈ  KREMŠNITA 340 g;388662;;0,3400;kg;3,79;11,15;;;3,79;3838700399066;Hrana
DEO SPR.TESORI W.MUSK  150 ml;388667;Tesori;0,1500;l;3,89;25,93;;;3,89;8008970036922;Kozmetika
SAVIJAÈA S JABUKAMA 100 g;388678;;0,1000;kg;1,19;11,90;;;1,19;3858889897733;Hrana
SLADO.PEREC ŠTAPIÆ MILKA 90 ml;388679;Milka;0,0900;L;2,35;26,11;;;2,35;5900130042763;Hrana
SAVIJAÈA S VIŠNJOM 100 g;388680;;0,1000;kg;1,19;11,90;;;1,19;3856028402664;Hrana
SAVIJAÈA SA SIROM 100 g;388681;;0,1000;kg;1,19;11,90;;;1,19;3858889897702;Hrana
ÈOK.SAMO TI JAGODA 250 g;388710;Zvecevo;0,2500;kg;;11,56;2,89;3,89;2,99;3858881063594;Hrana
ÈOK.VOLIM TE LJEŠ.BA.KA. 253 g;388711;Zvecevo;0,2530;kg;;11,42;2,89;3,89;2,99;3858881062078;Hrana
ÈOK.VOLIM TE ŠUM.VOÆE 253 g ;388712;Zvecevo;0,2530;kg;;11,42;2,89;3,89;2,99;3858881062054;Hrana
SLAD.KING DESIRE LEDO 450 ml;388715;King;0,4500;L;7,99;17,76;;;6,99;3850116066271;Hrana
ÈOKOLADA MARS 3x45 g;388719;Mars;0,1350;kg;2,89;21,41;;;2,89;5000159561877;Hrana
SLAD.HD SL.KARAM.ŠTAPIÆ 80 ml;388720;Häagen Dazs;0,0800;L;;22,38;1,79;2,39;2,39;3415587422836;Hrana
SLAD.MONTE SENDVIÈ ZOTT 120 ml;388721;;0,1200;L;2,29;19,08;;;2,29;5906040064215;Hrana
SLAD.PISTACIJA NUII 90 ml;388723;;0,0900;L;2,39;26,56;;;2,39;5900130042855;Hrana
SLAD.BIJ.ÈOK.VANILI.NUII 90 ml;388724;;0,0900;L;2,39;26,56;;;2,39;5900130030739;Hrana
MARAM.S-BUDGET 4SL.30X10;388732;S-Budget;30,0000;KOM;2,99;0,10;;;2,99;9100000066851;Toaletne potrepštine
Sir Gouda Milchland cca.3 kg;388734;Vlastite potrebe;1,0000;kg;6,49;6,49;;;6,49;4000436612590;Hrana
ŠUNKA PUR.STANCIJA NAR. 300 g ;388737;Gavrilovic;0,3000;kg;;19,80;5,94;8,49;7,99;3858892728116;Hrana
SLAD.PIST.CREAM NUII 3x90 ml;388739;;0,2700;L;4,99;18,48;;;4,99;5900130042541;Hrana
BOM.ŠUMI GUMI FORMULA X 200 g;388740;Sumi;0,2000;kg;1,85;9,25;;;1,99;3838700393620;Hrana
TAM.ÈO.VL.70% MALINA PRE.100 g;388741;;0,1000;kg;;22,90;2,29;2,79;2,79;8410109050561;Hrana
SPREJ ZA IZRAST BROWN 75 ml;388748;LOREAL;0,0750;L;7,49;99,87;;;7,29;3600523388226;Kozmetika
GAZ.PIÆE PEPSI 2x1,5 L;388751;Pepsi;3,0000;L;2,99;1,00;;;2,99;8606003341861;Piæa
NAMAZ PHILADELPHIA LOSOS 175 g;388758;Philadelphia;0,1750;kg;3,39;19,37;;;3,39;7622202301032;Hrana
LIMUNADA BAZGA SOK 330 ml;388762;;0,3300;L;3,29;9,97;;;3,29;3859894312174;Hrana
LIMUNADA MENTA SOK 330 ml;388763;;0,3300;L;3,29;9,97;;;3,29;3859894312150;Hrana
KAP.ARIEL MOUNTAIN SPRING 70/1;388766;Ariel;70,0000;kom;19,99;0,29;;;23,99;8700216764193;Sredstva za èišæenje
FLIPS CHIO TIP TOP FR.CH. 45 g;388770;;0,0450;kg;0,89;19,78;;;1,19;3856021307546;Hrana
DET.ZA SUÐE LIKVI 450 ml;388771;Likvi;0,4500;l;1,29;2,87;;;1,29;3850105189509;Sredstva za èišæenje
FLIPS CHIO TIP TOP BIG PE.40 g;388772;;0,0400;kg;0,89;22,25;;;1,84;3856021307560;Hrana
DET.ZA SUÐE LIKVI 900 ml;388773;Likvi;0,9000;l;2,49;2,77;;;2,49;3850105189530;Sredstva za èišæenje
REG.BOTANIC THERAPY AVO 200 ml;388774;;0,2000;L;3,59;17,95;;;3,59;3600542632058;Kozmetika
ŠAM.BOTANIC THER.AVOCAD.400 ml;388776;Bothanic therapy;0,4000;L;4,49;11,23;;;4,69;3600542632072;Kozmetika
MASKA BOTANIC THE.AVOK.340 ml ;388778;;0,3400;L;6,29;18,50;;;6,29;3600542632065;Kozmetika
KREMA VEET ZA DEPILACI.100 ml;388781;;0,1000;l;5,99;59,90;;;5,99;5997321776569;Kozmetika
FLIPS POM-BAR ORIGINAL 150 g;388783;;0,1500;kg;2,39;15,93;;;2,99;3856021307584;Hrana
BOJA ZA KOSU LOREAL EXCE.7.43;388785;LOREAL;1,0000;kom;8,99;8,99;;;8,49;3600523956708;Kozmetika
BOJA ZA KOSU LOREAL EXCE.100;388788;LOREAL;1,0000;kom;8,99;8,99;;;8,49;3600523731848;Kozmetika
OMEK.LENOR CAPRI 1,239 L;388790;Lenor;1,0000;kom;3,99;3,99;;;6,59;8700216724418;Sredstva za èišæenje
TUNA EVA STEAK BILJ.ULJ.160 g;388791;Eva;0,1040;kg;;21,06;2,19;3,69;3,69;3856020278229;Hrana
OME.LENOR RUBY JASMINE 1,239 L;388795;Lenor;1,2390;L;6,55;5,29;;;6,55;8700216724616;Sredstva za èišæenje
OME.LENOR SENSITIVE 1,491 L;388796;Lenor;1,4910;l;3,99;2,68;;;6,59;8700216723985;Sredstva za èišæenje
OME.LENOR FLORAL 2x987 ml;388797;Lenor;1,9740;L;8,99;4,55;;;8,99;8700216880923;Sredstva za èišæenje
SARDINE EVA SMOKED STYLE 100 g;388798;Eva;0,0700;kg;1,99;28,43;;;1,69;3856020276881;Hrana
BABY MUES.LINO MULT.ÈOKO 150 g;388800;Lino;0,1500;kg;2,79;18,60;;;2,79;3856020277222;Hrana
BABY MUES.LINO MULT.JAG.150 g;388803;Lino;0,1500;kg;2,79;18,60;;;2,79;3856020277253;Hrana
BABY MUES.LINO ZOB&ŠLJI.150 g;388804;Lino;0,1500;kg;2,79;18,60;;;2,79;3856020277284;Hrana
Sir Pašnjak miješani;388805;;1,0000;kg;10,99;10,99;;;10,99;3859893815652;Hrana
PAŠTETA ARGETA SNACK KOKO.99 g;388806;Argeta;0,0990;kg;1,39;14,04;;;1,39;3838471055352;Hrana
PAŠTETA ARG.SNACK JUN.KOK.99 g;388807;Argeta;0,0990;kg;1,39;14,04;;;1,39;3838471055383;Hrana
KAR.KIKI PUNIO.JAG.TWIST 90 g;388809;;0,0900;kg;1,29;14,33;;;1,49;3850102015412;Hrana
KAP.ARIEL EXTRA HYGIENE 60/1;388828;;60,0000;kom;23,99;0,40;;;23,99;8700216764032;Sredstva za èišæenje
KAP.ARIEL COLOR FRESH 70/1;388829;;70,0000;kom;23,99;0,34;;;23,99;8700216764186;Sredstva za èišæenje
VINO ORM.RUMENI MUŠKAT  0,75 L;388887;;0,7500;L;9,29;12,39;;;9,29;3830078702868;Piæa
TERANINO ORANGE PIPI 0,25 L;388896;;0,2500;L;2,79;11,16;;;2,79;3859894302335;Piæa
TERANINO SPRITZ ROSSI 0,25L;388897;;0,2500;L;2,79;11,16;;;2,79;3859894302304;Piæa
VINO AR.STARLINO ORANGE 0,75 L;388901;;0,7500;L;9,99;13,32;;;9,99;0810035510036;Piæa
MLADI GRAŠAK O´PLANT 400 g;388905;O´PLANT;0,4000;kg;1,79;4,48;;;1,79;3856020279004;Hrana
YOSHAKE JAGOD.VANI.DUKAT 300 g;388911;Dukat;0,3000;kg;1,79;5,97;;;1,79;3850354019312;Hrana
YOSHAKE LIMUN/CHEE.DUKAT 300 g;388912;Dukat;0,3000;kg;1,79;5,97;;;1,79;3850354019084;Hrana
DEO SPR.NEUTRO R.INVISI 150 ml;388915;;0,1500;L;3,45;23,00;;;3,45;8002410011999;Kozmetika
GRAŠAK-MRKVA O´PLANT 400 g;388916;O´PLANT;0,4000;kg;1,69;4,23;;;1,69;3856020279035;Hrana
KRALJEVSKI MIX O´PLANT 400 g ;388917;O´PLANT;0,4000;kg;1,99;4,98;;;1,99;3856020279097;Hrana
ÈOKOLADA EL ANGEL ELIT 85 g  ;388934;;0,0850;kg;7,19;84,59;;;7,99;8698701043246;Hrana
DES.PROT.MOUS.STAY NOUGA.165 g;388935;;0,1000;kg;1,85;18,50;;;1,85;3850354019206;Hrana
NA.PROT.FIT KOLAGEN JAGO.0,5 L;388937;;0,5000;L;2,55;5,10;;;2,55;3850354019275;Hrana
NA.PRO.FIT KOLAGEN KAKAO 0,5 L;388938;;0,5000;L;2,55;5,10;;;2,55;3850354019251;Hrana
LIKER OD LJEŠNJAKA KG 0,7 L;388945;;0,7000;L;9,99;14,27;;;9,99;3858891544809;Piæa
SIR MOZZ.GALBANI PERLINE 150 g;388947;Galbani;0,1500;kg;2,79;18,60;;;2,79;8595021608363;Hrana
SIR KOZJI PRESIDENT 113 g;388957;President;0,1130;kg;2,79;24,69;;;2,79;3228022930052;Hrana
SIR COMTE PRESIDENT 200 g;388961;President;0,2000;kg;5,49;27,45;;;5,49;3228023230090;Hrana
SIR ROQUEFORT SOCIETE 100 g;388966;Societe;0,1000;kg;3,49;34,90;;;3,49;3023260001362;Hrana
DUOPACK LAY´S I DORITOS 220 g;388973;;0,2200;kg;3,99;18,14;;;3,99;3858889366949;Hrana
SLADOLED OREO SENDVIÈ 4x110 ml;388975;Oreo;0,4400;L;6,99;15,89;;;6,99;8051369005269;Hrana
SLAD.MILKA JAG&CHEE.TUB 425 ml;388976;Milka;0,4250;L;5,99;14,09;;;5,99;4007993035763;Hrana
SLAD.MILKA KEKS TUB 425 ml;388977;Milka;0,4250;L;5,99;14,09;;;5,99;4007993035831;Hrana
VINO GALIÆ GRAŠEVINA KB 0,75 L;388981;;0,7500;L;16,89;22,52;;;14,99;3859891991099;Piæa
VINO GALIÆ CHARDONNAY 0,75 L;388984;;0,7500;L;18,99;25,32;;;18,99;3859891991044;Piæa
VINO GALIÆ CRNO 9 0,75 L;388986;;0,7500;L;29,99;39,99;;;29,99;3859891991259;Piæa
VINO ROSE FESTIGIA 0,75 L;388991;;0,7500;L;13,29;17,72;;;13,29;3858881199088;Piæa
TP LOVELY SOFT 20/1;388992;Lovely;20,0000;KOM;7,79;0,39;;;7,79;3856021231094;Toaletne potrepštine
BADEMI PRŽENI SLANI VA 100 g;389002;;0,1000;kg;3,39;33,90;;;3,49;5201044011297;Hrana
MIX ORAŠASTI PLODOVI VA 140 g;389004;;0,1400;kg;3,59;25,64;;;3,99;5201044008501;Hrana
MIX ORAŠASTI PLOD I BRUS.150 g;389005;;0,1500;kg;3,59;23,93;;;3,99;5201044007917;Hrana
MIX EGZOTIÈNO VOÆE VA. 125 g;389008;;0,1250;kg;3,29;26,32;;;3,49;5201044009461;Hrana
DEO SP.DOVE INVISIBLE  200 ml;389012;Dove;0,2000;l;5,99;29,95;;;5,99;8720181284953;Kozmetika
KIKIRIKI HOT&SPICY  VA 75 g;389013;;0,0750;kg;0,95;12,67;;;0,99;5201044001199;Hrana
KIKIRIKI PAPAR I SOL VA 150 g;389014;;0,1500;kg;1,89;12,60;;;1,99;5201044010825;Hrana
PAP.RUÈ.LOVELY 2/1;389025;Lovely;2,0000;KOM;;1,00;1,99;2,95;2,95;3856021231216;Proizvodi za kuæanstvo
KREKERI TAK SLANI ORIG. 100 g;389041;;0,1000;kg;1,09;10,90;;;1,29;8600114001720;Hrana
MULTI.KREKER TAK RUSTIC 125 g;389042;;0,1250;kg;;7,12;0,89;1,09;1,29;8600462042697;Hrana
SAPUN L´ANGELICA PAMUK 100 g;389059;L'Angelica;0,1000;kg;0,99;9,90;;;0,99;8017331103852;Kozmetika
SAPUN L´ANGELICA ALOE V.100 g;389060;L'Angelica;0,1000;kg;0,99;9,90;;;0,99;8017331103821;Kozmetika
PRŠUT DALMATINSKI VOŠTANE 80 g;389074;Vostane;0,0800;kg;3,29;41,13;;;3,59;3858889494758;Hrana
BUÐOLA DALMAT. VOŠTANE 80 g;389076;Vostane;0,0800;kg;3,09;38,63;;;3,49;3858889495236;Hrana
PANCETA DALMAT.VOŠTANE 80 g;389080;Vostane;0,0800;kg;2,99;37,38;;;3,35;3858889495113;Hrana
LOPATICA S VISOKOM DRŠKOM,;389090;;1,0000;kom;1,99;1,99;;;1,99;8696287092214;Proizvodi za kuæanstvo
VINO GALIÆ CUVEE 6 0,75 L;389092;;0,7500;L;19,99;26,65;;;17,99;3859891991891;Piæa
GRIS PUDING NATUR Z´BREG.200 g;389103;;0,2000;kg;0,99;4,95;;;0,99;3850108048001;Hrana
GRIS PUDING ÈOKO.Z´BREG.200 g;389104;;0,2000;kg;0,99;4,95;;;0,89;3850108048100;Hrana
SIR GRAN MATURATO 12 mj.180 g;389105;;0,1800;kg;3,99;22,17;;;3,99;5999073304618;Hrana
MAJONEZA THOMY  VREÆICA 170 g;389106;Thomy;0,1700;kg;1,99;11,71;;;2,15;8445291689152;Hrana
MI.VODA PIERE CARDIN AL.400 ml;389124;Pierre Cardin;0,4000;l;5,19;12,98;;;5,99;8680570688604;Kozmetika
MI.VODA PIERE CARDIN GR.400 ml;389125;;0,4000;l;5,19;12,98;;;5,99;8680570688611;Kozmetika
MI.VODA PIERE CARDIN RU.400 ml;389126;;0,4000;l;5,19;12,98;;;5,99;8680570688628;Kozmetika
KREMA ZA RUKE FRESIA 50 ml;389127;;0,0500;l;2,49;49,80;;;2,90;3856020917319;Kozmetika
ROLL ON BIOBAZA FRESIA 50 ml;389128;;0,0500;L;3,99;79,80;;;3,85;3856020917296;Kozmetika
OSV.PIÆE SPAR NARANÈA SUN.1 L;389140;SPAR;1,0000;L;1,79;1,79;;;1,79;9100000067995;Piæa
OSVJ.PIÆE SPAR ANANA.KOKOS 1 L;389141;SPAR;1,0000;L;2,09;2,09;;;1,89;9100000068244;Piæa
S SALVETE AZIJA 20/1,33x33cm;389142;SPAR marka kvalitete;1,0000;kom;1,49;1,49;;;1,49;9100000080925;Proizvodi za kuæanstvo
S SALVETE LJETO 20/1,33x33cm;389144;SPAR marka kvalitete;1,0000;kom;1,49;1,49;;;1,49;9100000053851;Proizvodi za kuæanstvo
Šunka pureæa dimljena ;389147;Perutnina;1,0000;kg;13,99;13,99;;;15,99;3850220448925;Hrana
LEDENI ÈAJ SPAR LIMUN 0,75 L;389164;SPAR;0,7500;L;0,99;1,32;;;0,99;9100000069906;Piæa
LEDENI ÈAJ SPAR BRESKVA 0,75 L;389165;SPAR;0,7500;L;0,99;1,32;;;0,99;9100000069883;Piæa
TOR.ÈIPS TAKIS FUEGO 90 g;389171;;0,0900;kg;1,79;19,89;;;3,99;8412600028599;Hrana
TOR.ÈIPS TAKIS VOLCANO 90 g;389177;;0,0900;kg;;19,89;1,79;3,99;3,99;8412600028605;Hrana
MUSLI PLOÈ.CORNY ÈOK.ZERO 40 g;389182;;0,0400;kg;1,19;29,75;;;1,29;4011800001551;Hrana
MUSLI PL.CORNY È.KIK.ZERO 40 g;389184;;0,0400;kg;1,19;29,75;;;1,29;4011800001575;Hrana
BIO KEFIR NA.PUR 6% M.M. 400 g;389185;Spar Natur pur;0,4000;kg;1,59;3,98;;;1,59;9100000050119;Hrana
SENF DELIKATES ZVIJEZDA 290 g;389187;Zvijezda;0,2900;kg;1,79;6,17;;;1,79;3856015332523;Hrana
SENF DELIKATES ZVIJEZDA 190 g;389188;Zvijezda;0,1900;kg;1,49;7,84;;;1,99;3856015332493;Hrana
GAZIRANO PIÆE GREEN COLA 0,5 L;389198;Green;0,5000;L;1,09;2,18;;;1,09;5206542013064;Piæa
LED.ÈAJ JANA BRESKV.ZERO 0,5 L;389199;Jana;0,5000;L;1,19;2,38;;;1,19;3856028506294;Piæa
LED.ÈAJ JANA BRESKV.ZERO 1,5 L;389201;Jana;1,5000;L;;0,97;1,45;1,69;1,69;3856028506324;Piæa
GAZ.PIÆE XIXO LEMONADE 0,25 L;389206;;0,2500;L;,79;3,16;;;0,79;5999571055227;Piæa
LED.ÈAJ NESTEA ŠUMSKO VO.0,5 L;389210;Nestea;0,5000;L;1,19;2,38;;;1,19;8595646207323;Piæa
LEDENI ÈAJ NESTEA LIMUN 0,5 L;389212;Nestea;0,5000;L;1,19;2,38;;;1,19;8595646203516;Piæa
LED.ÈAJ NESTEA BRESKVA 0,5 L;389213;Nestea;0,5000;L;1,19;2,38;;;1,19;8595646203554;Piæa
LED.ÈAJ NESTEA BRESKVA 1,5 L;389214;Nestea;1,5000;L;1,79;1,19;;;1,79;8595646203578;Piæa
ÈIPS PRINGLES PIZZA 165 g;389215;;0,1650;kg;3,49;21,15;;;1,99;5053990151035;Hrana
LED.ÈAJ NESTEA ŠUMSKO VO.1,5 L;389216;Nestea;1,5000;L;1,79;1,19;;;1,79;5900334017970;Piæa
PIVO BARBA PALE ALE 0,5 L;389222;;0,5000;L;2,49;4,98;;;2,49;3858895210618;Piæa
LIKER TERANINO BADEL 0,7 L;389223;;0,7000;L;12,99;18,56;;;12,99;3850112112750;Piæa
RUM BARONE WHITE 1 L;389224;;1,0000;L;13,99;13,99;;;13,99;3850112146014;Piæa
S-BUDGET KELJ NA TRAKICE 400 g;389250;S-BUDGET;0,4000;kg;2,39;5,98;;;2,39;3856021231032;Hrana
S-BUDGET MATOVILAC 200 g;389251;S-BUDGET;0,2000;kg;2,49;12,45;;;2,49;3856021231070;Hrana
S-BUDGET RUKOLA 200 g;389253;S-BUDGET;0,2000;kg;2,19;10,95;;;2,19;3856021231056;Hrana
S-BUDGET OBITELJSKI MIX 350 g;389254;S-BUDGET;0,3500;kg;1,89;5,40;;;1,89;3856021230363;Hrana
RAJÈICA PASIRANA GIANA 500 g;389257;Giana;0,5000;kg;1,09;2,18;;;1,09;8595241508351;Hrana
PASIRANA RAJÈICA GIANA 680g;389258;Giana;0,6800;kg;1,99;2,93;;;1,99;8595241530345;Hrana
RADLER OSJEÈKO CRNI LI.4X0,5 L;389263;;2,0000;L;5,99;3,00;;;5,99;3858895010522;Piæa
TONIC FRANKLIN INDIAN 0,5 L;389286;;0,5000;L;3,99;7,98;;;3,99;5032678005969;Piæa
SALVETE 33x33cm,20/1 MERMAIDS;389291;;20,0000;kom;2,19;0,11;;;2,19;8591199007168;Proizvodi za kuæanstvo
VOÆ.SNACK STR.ENER.BOOST 180 g;389303;;0,1800;kg;2,59;14,39;;;2,59;8606019651442;Hrana
VOÆ.SNACK PLE.ENER.BOOST 180 g;389304;;0,1800;kg;2,59;14,39;;;2,59;8606019651367;Hrana
VOÆ.SNACK MAT.ENER.BOOST 180 g;389306;;0,1800;kg;2,59;14,39;;;2,59;8606019651459;Hrana
PLOÈ.PROT.PROT.SI SNICKS 50 g;389309;PROTEINI SI;0,0500;kg;1,99;39,80;;;1,99;3830084725240;Hrana
NAMAZ XUCKER PISTAC.KOK.200 g;389311;;0,2000;kg;10,99;54,95;;;10,99;4260248062079;Hrana
TORT.ZANUY PŠENIÈ. 2x8/1 640 g;389315;;0,6400;kg;3,59;5,61;;;4,99;3858890267303;Hrana
MUFFINI TAM.ÈOK.SCHNITZ.140 g;389330;;0,1400;kg;4,89;34,93;;;4,89;4022993045444;Hrana
MUFFINI BOROVN.SCHNITZER 140 g;389331;;0,1400;kg;4,49;32,07;;;4,49;4022993045284;Hrana
ULOŠ.ALWAYS PLATINUM LONG 42/1;389333;Always;42,0000;kom;5,99;0,14;;;5,99;8700216784443;Toaletne potrepštine
ULOŠ.ALWAYS PLATINUM NOR 48/1;389338;Always;48,0000;kom;5,99;0,12;;;5,99;8700216784719;Toaletne potrepštine
ÈOK.SEL.FROZ.MARGARITA 130 g;389349;;0,1300;kg;2,79;21,46;;;3,49;3850102015801;Hrana
INS.KAVA JACOBS ICE 12,7 g;389350;Jacobs;0,0127;KG;0,45;35,43;;;0,50;8711000577998;Piæa
ÈOK.KRAŠ ESPRES.MARTINI 130 g;389351;;0,1300;kg;2,79;21,46;;;3,49;3850102015788;Hrana
INS.KAVA JACOBS MIL.3U1 12,4 g;389353;Jacobs;0,0124;KG;0,45;36,29;;;0,50;8711000577875;Piæa
INSTANT KAVA JACOBS 3U1 12,6 g;389354;Jacobs;0,0126;KG;0,45;35,71;;;0,50;8711000577950;Piæa
CAPPUC.BARCAFFE LJEŠNJAK 144 g;389356;Barcaffe;0,1440;KG;;22,15;3,19;3,99;3,99;3838471057172;Piæa
KAPSULE BARCAFFE INDIA 55 g;389358;Barcaffe;0,0550;KG;;79,82;4,39;5,49;4,69;3838471057134;Piæa
KAPSULE BARCAFFE FLORA 55 g;389359;Barcaffe;0,0550;KG;;79,82;4,39;5,49;4,69;3838471057110;Piæa
KAPSULE BARCAFFE INTENSO 80 g;389361;Barcaffe;0,0800;KG;;44,88;3,59;4,49;3,98;3838471057073;Piæa
KAP.BARCAFFE LATTE KOKOS 160 g;389366;Barcaffe;0,1600;KG;;22,44;3,59;4,49;3,98;3838471057035;Piæa
INS.KAVA BARCAFFE CL.3U1 180 g;389368;Barcaffe;0,1800;KG;2,79;15,50;;;2,79;3838471057431;Piæa
INS.KAVA BARCAFFE 2U1 CLA.14 g;389371;Barcaffe;0,0140;KG;0,29;20,71;;;0,29;3838471057516;Piæa
INS.KAVA BARCAFFE CLA.3U1 18 g;389374;Barcaffe;0,0180;KG;0,29;16,11;;;0,29;3838471057547;Piæa
KAP.DG ESPPRESSO PALERMO 112 g;389375;Nescafe;0,1120;KG;5,49;49,02;;;6,49;8445290422200;Piæa
ŠAMPON OLIVAL PROBIOTIK 250 ml;389376;;0,2500;L;7,29;29,16;;;7,29;3858892696088;Kozmetika
ŠAMPON OLIVAL HAMAMELIS 250 ml;389377;;0,2500;L;6,99;27,96;;;6,99;3858892696071;Kozmetika
OSV.DUCK AQUA TURQUOISE 2X36 G;389386;Duck;0,0720;kg;3,55;49,31;;;3,55;5000204377231;Sredstva za èišæenje
OSV.DUCK AQUA PINK 2X36 g;389388;Duck;0,0720;kg;3,55;49,31;;;3,55;5000204377200;Sredstva za èišæenje
KAP.PERSIL UNIVERSAL 60/1;389396;Persil;60,0000;kom;;0,22;12,99;13,99;21,99;9000101830910;Sredstva za èišæenje
KAP.PERSIL COLOR 60/1;389397;Persil;60,0000;kom;;0,22;12,99;13,99;21,99;9000101830880;Sredstva za èišæenje
NEKTAR SPAR FAIRTRAD.MULTI.1 L;389400;SPAR;1,0000;L;2,49;2,49;;;2,49;9100000054827;Piæa
ZU.PAS.MERIDOL ZAŠ.DESNI 75 ml;389401;Meridol;0,0750;l;5,29;70,53;;;5,29;8718951561755;Kozmetika
KAVA STAR.BLISSFUL RETR.220 ml;389402;Starbucks;0,2200;L;2,59;11,77;;;2,49;5711953192982;Piæa
SLADOLED OREO SENDVIÈ 110 ml;389410;Oreo;0,1100;L;2,35;21,36;;;2,35;8051369005351;Hrana
ÈOK.MILKA CIJ.LJEŠNJACI 95 g;389443;;0,0950;kg;2,49;26,21;;;2,69;7622202264177;Hrana
ÈOKOLADA MILKA BIJELA 90 g;389445;;0,0900;kg;;16,56;1,49;2,49;2,69;7622202265662;Hrana
KREM SLAD.NUTOLA CROCCA.500 ml;389447;;0,5000;L;8,49;16,98;;;8,49;3859894052476;Hrana
ÈOKOLADA MILKA NOISETTE 250 g;389450;;0,2500;kg;5,99;23,96;;;6,99;7622202258312;Hrana
SLAD.CORNETTO VANILIJA 125 ml;389451;Cornetto;0,1250;L;1,89;15,12;;;1,89;8714100870686;Hrana
ÈOK.MILKA ALPSKO MLIJEKO 250 g;389452;;0,2500;kg;5,99;23,96;;;6,49;7622202257827;Hrana
SLAD.CORNETTO JAGODA 125 ml;389453;Cornetto;0,1250;L;1,89;15,12;;;1,89;8711327620322;Hrana
ÈOKOLADA MILKA CIJ.LJEŠ.250 g;389454;;0,2500;kg;5,99;23,96;;;6,99;7622202273919;Hrana
SN VALJAK ZA ÈIŠÆENJE ODJEÆE ;389475;Splendid Nature;1,0000;kom;1,69;1,69;;;1,69;9100000049373;Proizvodi za kuæanstvo
DIM. KOCKE SV.SLANINE 140 g;389476;Despar;0,1400;kg;2,19;15,64;;;2,19;9100000078113;Hrana
SN REZERVNI VALJAK ZA ODJEÆU ;389477;Splendid Nature;2,0000;kom;1,19;0,60;;;1,19;9100000049397;Proizvodi za kuæanstvo
KOLAÈ MINI KREMŠNITE XXL 540 g;389492;;0,5400;kg;6,99;12,94;;;6,99;3858889619762;Hrana
KOLAÈ MINI ZAG.KREMŠNITE 600 g;389495;;0,6000;kg;7,59;12,65;;;7,59;3858889619786;Hrana
KREKER TAK SLANI ORIGI.200 g;389497;;0,2000;kg;1,59;7,95;;;1,59;8600114001737;Hrana
LOSION OFF DUOPACK 2X100 ML ;389511;Off;0,2000;L;8,09;40,45;;;11,58;3858893901877;Kozmetika
LOSION AUTAN FAMILY 2X100 ml;389513;Autan;0,2000;L;11,15;55,75;;;15,98;3858893906544;Kozmetika
POK.PAKET BIOBAZA FRESIA ;389523;Biobaza;1,0000;kom;8,39;8,39;;;11,99;3856020917210;Kozmetika
VAFEL ROL.MLIJE.KREMA SB 400 g;389527;S-BUDGET;0,4000;kg;3,05;7,63;;;3,05;9100000060019;Hrana
POK.PAKET BIOBAZA FRESIA ;389529;;1,0000;kom;4,89;4,89;;;8,49;3856020917234;Kozmetika
KUK.KRUPICA TENA BIJELA 500 g;389533;Tena;0,5000;kg;1,49;2,98;;;1,49;3858887101801;Hrana
KEKS PRELIV.ÈOKOLADOM SB 200 g;389545;S-BUDGET;0,2000;kg;2,19;10,95;;;2,19;9100000743868;Hrana
SIR PRESIDENT PROTEIN 250 g;389559;President;0,2500;kg;3,79;15,16;;;3,79;3850355008124;Hrana
SIR PRESID.PROTEIN SLICE 120 g;389564;President;0,1200;kg;2,99;24,92;;;2,99;3850355008148;Hrana
BOMB.MAMBA FRUIT SURFER 140 g;389568;;0,1400;kg;1,59;11,36;;;1,89;4014400933420;Hrana
BOMB.MAMBA MAGIC STICKS 140 g;389571;;0,1400;kg;1,59;11,36;;;1,89;4014400933413;Hrana
ÈOK.KNOPPERS MINIS 200 g;389573;;0,2000;kg;3,59;17,95;;;3,89;4014400929010;Hrana
RAJÈICA PASIRANA DESPAR 600 g;389577;Despar;0,6000;kg;1,49;2,48;;;1,49;8001300223177;Hrana
ÈAJNI KOLUTIÆI LASTA 750 g;389588;;0,7500;kg;2,99;3,99;;;3,99;3870128029996;Hrana
FLIPS GUSTO RINGS CHILLI 300 g;389594;;0,3000;kg;2,49;8,30;;;2,49;5941868209981;Hrana
FLIPS SMOKI PROTEIN 70 g;389610;;0,0700;kg;1,09;15,57;;;1,19;8600939508275;Hrana
NAMAZ NATURA ZDENKA 50 g;389615;;0,0500;kg;0,99;19,80;;;0,99;3858888599423;Hrana
NAMAZ PIKANT ZDENKA 50 g;389618;Zdenka;0,0500;kg;0,99;19,80;;;0,99;3858888599430;Hrana
NAM.S TARTUFIMA ZDENKA 100 g;389619;Zdenka;0,1000;kg;1,99;19,90;;;1,99;3858888599409;Hrana
KAJMAK ZDENKA 50 g;389622;Zdenka;0,0500;kg;0,99;19,80;;;0,99;3858888590079;Hrana
NEKTAR JUICY JAB.MUL.MAR.3X1 L;389656;Juicy;3,0000;L;4,49;1,50;;;4,49;3858890971507;Piæa
GAZIRAN.PIÆE PEPSI MAX 2X1,5 L;389658;Pepsi;3,0000;L;2,99;1,00;;;2,99;8606003341878;Piæa
ÈOKOLADA KAKAO MIJEKO 36 g;389721;;0,0360;kg;1,59;44,17;;;1,59;8606029963313;Hrana
ÈOKOLADA KAKAO I MLIJEKO 36 g;389723;;0,0360;kg;1,59;44,17;;;1,59;8606029963320;Hrana
SIR GARCIA BAQUERO KOZJI 150 g;389724;;0,1500;kg;3,29;21,93;;;3,29;8412289003887;Hrana
ÈOKOLADA KAKAO MLIJE.SMJ. 36 g;389725;;0,0360;kg;1,59;44,17;;;1,59;8606029963306;Hrana
TRAJNA KOBASICA TANN 400 g;389736;TANN;0,4000;kg;7,99;19,98;;;7,99;9100200099710;Hrana
TRAJNA KOB.DIM. SIR TANN 150 g;389742;TANN;0,1500;kg;2,99;19,93;;;2,99;9100200102403;Hrana
SNACK KOB. GOVEÐA TANN 100 g;389744;TANN;0,1000;kg;3,39;33,90;;;2,69;9100200099574;Hrana
TRAJ. KOB.DIM.CHILI TANN 150 g;389747;TANN;0,1500;kg;3,49;23,27;;;3,39;9100200099192;Hrana
TRAJNA KOB.DIM. SIR TANN 120 g;389748;TANN;0,1200;kg;3,49;29,08;;;3,39;9100200099208;Hrana
OME.ORNEL NO.1 1,6 L;389749;Ornel;1,6000;l;4,99;3,12;;;4,99;3850105190406;Sredstva za èišæenje
TRAJ.KOB.DIM.KLASIK TANN 150 g;389750;TANN;0,1500;kg;3,49;23,27;;;3,39;9100200099154;Hrana
OMEKŠ.ORNEL WISH 1,6 L;389751;Ornel;1,6000;l;4,99;3,12;;;4,99;3850105189448;Sredstva za èišæenje
BIO TRAJNA KOBASICA 100 g;389752;Natur pur;0,1000;kg;2,99;29,90;;;2,99;9100000963549;Hrana
TRAJNA KOB. XXL S BUDGET 300 g;389753;S-Budget;0,3000;kg;6,09;20,30;;;5,99;9100000001043;Hrana
TRAJNA KOBASICA TANN 200 g;389754;TANN;0,2000;kg;4,99;24,95;;;4,99;9100200099703;Hrana
BIO CABANOSSI NATUR PUR 100 g;389755;Natur pur;0,1000;kg;2,99;29,90;;;2,99;9100000968438;Hrana
SNACK TRAJNA KOB. DIMLJ.100 g;389756;SPAR PREMIUM;0,1000;kg;3,39;33,90;;;2,99;9100000912615;Hrana
OME.ORNEL NO.1 800 ml;389758;Ornel;800,0000;ml;2,19;0,00;;;2,19;3850105190437;Sredstva za èišæenje
OME.ORNEL WISH 800 ml;389760;Ornel;800,0000;ml;2,19;0,00;;;2,19;3850105189417;Sredstva za èišæenje
MUESLI CRUN.DOBRI Š.VOÆE 1 kg;389774;;1,0000;kg;3,99;3,99;;;3,99;8595054909246;Hrana
HRENOVKE PILEÆE EXTRA 300 g;389779;Perutnina;0,3000;kg;1,59;5,30;;;1,59;3850220429382;Hrana
GRINCEK MJEŠ.ZAÈINA UFF 45 g;389780;;0,0450;kg;1,29;28,67;;;1,29;3858892650394;Hrana
HRENOVKE WUDY COCKTAIL 350 g;389781;Wudy;0,3500;kg;2,39;6,83;;;2,49;8008110040543;Hrana
PUREÆA PRSA DIMLJENA 100 g;389791;Perutnina;0,1000;kg;2,49;24,90;;;2,39;3838977034004;Hrana
LOSOS PAŠTETA GAVRILOVIÆ 100 g;389801;Gavrilovic;0,1000;kg;2,99;29,90;;;2,99;3858892726709;Hrana
VOÆ.PIRE GER.JAB.ŠU.VOÆE 150 g;389803;;0,1500;kg;1,95;13,00;;;1,95;7613287358981;Hrana
VOÆ.PIRE GER.JAB.MAREL.150 g;389804;;0,1500;kg;1,95;13,00;;;1,95;7613287358950;Hrana
VOÆ.PIRE HOLLE JAB.BOR.100 g;389805;Holle;0,1000;kg;1,39;13,90;;;1,39;7640230493666;Hrana
OSV.PIÆE ROCK BRESKVA LE.0,5 L;389809;;0,5000;L;1,69;3,38;;;1,69;8606029963689;Piæa
OSV.PIÆE ROCK BRESK.MAND.0,5 L;389810;;0,5000;L;1,69;3,38;;;1,69;8606029963429;Piæa
OSV.PIÆE ROCK VIŠNJ.MALI.0,5 L;389811;;0,5000;L;1,69;3,38;;;1,69;8606029963405;Piæa
RAID SPIRALE DUOPACK 2X10;389812;Raid;20,0000;KOM;5,49;0,27;;;5,49;3858889579974;Proizvodi za kuæanstvo
EKSTRA DŽEM JAGODA 580 g;389813;Podravka;0,5800;kg;5,49;9,47;;;5,49;3856020280444;Hrana
OSV.PIÆE ROCK GROŽD.BORO.0,5 L;389814;;0,5000;L;1,69;3,38;;;1,69;8606029962156;Piæa
EKSTRA DŽEM ŠUMSKO VOÆE 580g;389815;;1;kg;5,49;5,49;;;5,49;3856020280475;Hrana
OSV.PIÆE ROCK JABUK.KIWI 0,5 L;389817;;0,5000;L;1,69;3,38;;;1,69;8606029962095;Piæa
OSV.PIÆE ROCK MULTIVITAM.0,5 L;389818;;0,5000;L;1,69;3,38;;;1,69;8606029961999;Piæa
OSV.PIÆE ROCK GALAXY BER.0,5 L;389820;;0,5000;L;1,69;3,38;;;1,69;8606029963665;Piæa
ŽITNA KAŠICA HIPP GRIS 200 g;389825;Hipp;0,2000;kg;2,99;14,95;;;2,99;4062300433038;Hrana
KAVA SPAR PRE.PERU MLJEV.500 g;389827;SPAR PREMIUM;0,5000;KG;11,99;23,98;;;11,99;9100100006023;Piæa
KEKS SOFT CAKE ROCK  125 g ;389845;;0,1250;kg;1,99;15,92;;;1,99;8606029962286;Hrana
TEK.SAP.L´ANGELICA VAN. 500 ml;389846;L'Angelica;0,5000;l;3,99;7,98;;;3,99;8017331102947;Kozmetika
GEL ZA TUŠ.DOVE PAMPER 450 ml;389860;Dove;0,4500;l;5,99;13,31;;;5,99;8720181471728;Kozmetika
GEL ZA TUŠ.DOVE FRUITY 450 ml;389861;Dove;0,4500;l;5,99;13,31;;;5,99;8720181468407;Kozmetika
GEL ZA TUŠ.DOVE CREAMY 450 ml;389862;Dove;0,4500;l;5,99;13,31;;;5,99;8720181608391;Kozmetika
GEL ZA TUŠ.DOVE CREAMY 250 ml;389863;Dove;0,2500;l;2,99;11,96;;;2,99;8720181608384;Kozmetika
GEL ZA TUŠ.DOVE PAMPER 250 ml;389864;Dove;0,2500;l;2,99;11,96;;;2,99;8720181471551;Kozmetika
GEL TUŠ.AXE BLACK 2x400 ml;389885;Axe;0,8000;l;5,99;7,49;;;8,99;3856027802694;Kozmetika
GEL TUŠ.DOVE PETAL 2x450 ml;389887;Dove;0,9000;l;5,99;6,66;;;8,99;3856027802656;Kozmetika
GEL TUŠ.DOVE HYDRATE 2x450 ml;389888;Dove;0,9000;l;5,99;6,66;;;8,99;3856027802632;Kozmetika
VAFEL KINDER TRONKY 90 g;389889;;0,0900;kg;2,49;27,67;;;2,59;8000500384794;Hrana
KEKSI KINDER KINDERINI 250 g;389890;;0,2500;kg;4,89;19,56;;;4,49;8000500391228;Hrana
PRŠUT NAREZAK 400 g DOBRO;389963;Dobro;0,4000;kg;;21,23;8,49;13,99;13,99;3850133816989;Hrana
ZUB.P.COLGATE PROPOLIS 2x75 ml;389964;Colgate;0,1500;L;3,49;23,27;;;2,99;6920354837418;Kozmetika
ÈETKA ZA PRAŠINU S PROD.RUÈKOM;389966;;1,0000;kom;6,99;6,99;;;6,99;8009986019787;Proizvodi za kuæanstvo
GRANOLA SANTE ÈOK. I NAR.300 g;389968;Sante;0,3000;kg;3,99;13,30;;;3,99;5900617037176;Hrana
PIZZA MARGHERITA BUITONI 365 g;389969;;0,3650;kg;4,29;11,75;;;4,29;4009233003594;Hrana
TJEST.NAT.PUR FETTUCCINE 250 g;389970;Spar Natur pur;0,2500;kg;2,59;10,36;;;2,59;9100000974132;Hrana
TJEST.NAT.P.TAGLIATELLE 250 g;389972;Spar Natur pur;0,2500;kg;2,59;10,36;;;2,59;9100000974156;Hrana
TJ.BARILLA FUSILLI.BRONZO 500g;389974;Barilla;0,5000;kg;2,79;5,58;;;2,59;8076809585217;Hrana
JOG.DUKATOS STRACCIAT.150 g;389978;Dukat;0,1500;kg;;6,60;0,99;1,09;1,19;3850354019169;Hrana
LOS.ZIAJA ZA TIJELO CUP 300 ml;389981;Ziaja;0,3000;l;4,19;13,97;;;4,19;5901887007098;Kozmetika
TJ.BARILLA LINGUIN.BRONZO 500g;389984;Barilla;0,5000;kg;2,79;5,58;;;2,59;8076809585231;Hrana
TJ.BARILLA M.RIGAT.BRONZO 500g;389985;Barilla;0,5000;kg;2,79;5,58;;;2,59;8076809585224;Hrana
PRAH LIDERA ZA DEPILACIJ.200 g;390012;Lidera;0,2000;kg;8,89;44,45;;;7,99;3838980810176;Kozmetika
MARINIRANA SVINJSKA REBARCA;390021;;1,0000;kg;5,99;5,99;;;5,99;3858891912387;Hrana
PIZZA VEGETARIANA DESPAR 468 g;390036;Despar;0,4680;kg;3,79;8,10;;;3,79;9100000450254;Hrana
PIZZA PEREC SALAMA 353 g;390037;;0,3520;kg;4,99;14,18;;;4,99;4260704050220;Hrana
OME.VIOLETA GOLD 800 ml;390038;Violeta;0,8000;L;2,25;2,81;;;2,69;3870128040380;Sredstva za èišæenje
OME.VIOLETA MYSTIC 800 ml;390039;Violeta;0,8000;L;2,25;2,81;;;2,69;3870128040359;Sredstva za èišæenje
VINO CAB.SAUV.SUPERIORE 0,75 L;390047;;0,7500;L;9,99;13,32;;;9,99;3859892237196;Piæa
VINO CHARDON.SUPERIORE 0,75 L;390048;;0,7500;L;9,99;13,32;;;9,99;3859892237134;Piæa
VINO MUŠKAT TOUCH 0,75 L;390050;;0,7500;L;6,49;8,65;;;6,19;3859893289934;Piæa
VINO KOPER CAB.SAUVIGN.0,75 L;390055;;0,7500;L;9,19;12,25;;;9,19;3830000700160;Piæa
VINO BLATINA DOMANO 0,75 L;390064;;0,7500;L;7,29;9,72;;;7,99;3870016000526;Piæa
VINO ŽILAVKA DOMANO 0,75L;390065;;0,7500;L;7,29;9,72;;;7,99;3870016000014;Piæa
JAMESON CASKMATES 0,7 L;390066;;1;L;29,99;29,99;;;29,99;5011007025410;Piæa
LIMONCE APERITIVO 0,7 L;390068;;0,7000;L;16,99;24,27;;;13,99;8000440627401;Piæa
WHISKY FIREBALL CI. 0,7 L;390075;;0,7000;L;13,99;19,99;;;13,99;0088004023492;Piæa
SRE.ZA PODOVE AJAX BRESKVA 1 L;390083;Ajax;1,0000;L;3,69;3,69;;;3,79;8718951710276;Sredstva za èišæenje
TRAVARICA S-BUDGET 1 L;390086;S-BUDGET;1,0000;L;11,49;11,49;;;11,49;3856021230646;Piæa
RAKIJA LOZA S-BUDGET 0,1 L;390091;S-BUDGET;0,1000;L;1,19;11,90;;;1,19;3856021230561;Piæa
RAKIJA LOZA S-BUDGET 0,7 L;390094;S-BUDGET;0,7000;L;7,99;11,41;;;7,99;3856021230585;Piæa
TRAVARICA S-BUDGET 0,7 L;390095;S-BUDGET;0,7000;L;7,99;11,41;;;7,99;3856021230622;Piæa
LIKER PELINKOVAC S-BUDGET 0,1L;390096;S-BUDGET;0,1000;L;1,29;12,90;;;1,19;3856021230660;Piæa
BUÐOLA DALMAT. MIJUKIÆ 80 g ;390098;;0,0800;kg;1,99;24,88;;;2,49;3859894300300;Hrana
LIKER PELINKOVAC S-BUDGET 0,7L;390099;S-BUDGET;0,7000;L;6,29;8,99;;;6,29;3856021230684;Piæa
SUHA ŠUNKA DALM.MIJUKIÆ 80 g ;390100;;0,0800;kg;2,39;29,88;;;2,69;3859894300379;Hrana
TRAVARICA S-BUDGET 0,1 L;390101;S-BUDGET;0,1000;L;1,29;12,90;;;1,19;3856021230608;Piæa
PRŠUT MIJUKIÆ NAREZAK 80 g;390102;;0,0800;kg;2,29;28,63;;;2,89;3859894300270;Hrana
HRENOVKE WUDY SNACK 125 g;390103;Wudy;0,1250;kg;0,75;6,00;;;0,89;8008110043230;Hrana
ML.DES.VINDI.LJEŠ/ÈOK.4X125 g ;390104;Vindija;0,5000;kg;2,79;5,58;;;2,59;3850108040425;Hrana
DES.INGO ÈOK/LJEŠ.SPAR 4X125 g;390105;SPAR marka kvalitete;0,5000;kg;2,29;4,58;;;2,29;3856021230219;Hrana
ULJE MASL.EKS.DJEV.PZ POS.1 L ;390106;;1,0000;L;25,99;25,99;;;26,99;3859888116320;Hrana
ŠKAMPI FROZY 750 g;390132;Frozy;0,7500;kg;;13,32;9,99;13,99;13,99;3858891046488;Hrana
KEKS.CHO.DONUT ST.MICHEL 180 g;390134;St Michel Biscuits;0,1800;kg;3,99;22,17;;;3,79;3178530424720;Hrana
KEKS CHO.TART ST.MICHEL 180 g;390135;St Michel Biscuits;0,1800;kg;3,99;22,17;;;3,79;3178530424737;Hrana
DIMLJENA PAPRIKA LJUTA 50 g;390137;Kotanyi;0,0500;kg;1,79;35,80;;;1,79;9001414804773;Hrana
DIMLJENA PAPRIKA KOTANY 50 g;390138;Kotanyi;0,0500;kg;1,49;29,80;;;1,49;9001414704981;Hrana
LUK U GRANULAMA KOTANY 22 g;390144;;0,0220;kg;1,29;58,64;;;1,29;9001414021804;Hrana
MORSKA SOL KOTANY 120g;390145;Kotanyi;0,1200;kg;1,99;16,58;;;1,99;9001414046241;Hrana
ZAÈIN. SMJESA ZA POHANJE 70 g;390151;Kotanyi;0,0700;kg;1,89;27,00;;;1,89;9001414338025;Hrana
ZAÈIN. SMJESA ZA POHANJE 70 g;390153;;0,0700;kg;1,89;27,00;;;1,89;9001414338018;Hrana
NAPOL.JAFFA ÈOKO NARANÈA 160 g;390154;;0,1600;kg;1,69;10,56;;;1,79;8600114011248;Hrana
ZAÈIN. SMJESA ZA POHANJE 70 g;390155;Kotanyi;0,0700;kg;1,89;27,00;;;1,89;9001414238042;Hrana
ZAÈIN. SMJESA ZA POHANJE 70 g;390156;Kotanyi;0,0700;kg;1,89;27,00;;;1,89;9001414338032;Hrana
NAPOLIT.JAFFA GOLD CREAM 215 g;390159;;0,2150;kg;1,99;9,26;;;2,09;8600114011552;Hrana
OME.ORNEL SUNSET 1,6 L;390163;Ornel;1,6000;l;3,99;2,49;;;3,99;3850105189356;Sredstva za èišæenje
KUHANA ŠUNKA GAVRILOVIÆ 100 g;390164;Gavrilovic;0,1000;kg;1,99;19,90;;;2,39;3858892727935;Hrana
RIBASICA PICCAN.PANONICA 400 g;390176;;0,4000;kg;7,99;19,98;;;7,99;3859894308191;Hrana
KEKSI SPAR LINCERI 200 g;390180;SPAR marka kvalitete;0,2000;kg;;12,45;2,49;2,99;2,99;9100000778693;Hrana
CIABATTA DESPAR PREMIUM 300 g;390182;SPAR Premium;0,3000;kg;1,99;6,63;;;1,99;9100000064338;Hrana
LEDENI ÈAJ VINDI MANGO 0,33 L;390183;Vindija;0,3300;L;,75;2,27;;;0,75;3850108072303;Piæa
LEDEN.ÈAJ VINDI BRESKVA 0,33 L;390185;Vindija;0,3300;L;,75;2,27;;;0,75;3850108072297;Piæa
SOK FRUVITA JABU.VIŠNJA 0,80 L;390188;;0,8000;L;2,29;2,86;;;2,29;8606030051870;Piæa
SOK FRUVITA JA.MARELICA 0,80 L;390189;;0,8000;L;2,29;2,86;;;2,29;8606030051856;Piæa
SOK FRUVITA JAB.KRUŠKA 0,80 L;390190;;0,8000;L;2,29;2,86;;;2,29;8606030051863;Piæa
SOK FRUVITA 100 % NARAN.0,80 L;390191;;0,8000;L;3,09;3,86;;;3,09;8606030051849;Piæa
SOK FRUVITA JABUKA ÐUMB.0,80 L;390192;;0,8000;L;2,59;3,24;;;2,59;8606030051894;Piæa
OSVJ.PIÆE UFF FAT BURN 0,25 L;390193;;0,2500;L;2,19;8,76;;;1,99;3858892650301;Piæa
EN.PIÆE HELL LIME SPRIT.0,25 L;390195;Hell;0,2500;L;1,09;4,36;;;0,99;5999571055692;Piæa
Šunka kuhana premium Pivac;390206;Pivac;1,0000;kg;12,19;12,19;;;12,19;3858884999135;Hrana
Kranjska kobasica Pivac;390207;Pivac;1,0000;kg;7,99;7,99;;;7,99;3859892881009;Hrana
Èvarci Pivac;390208;Pivac;1,0000;kg;18,99;18,99;;;20,99;3858884999449;Hrana
DATULJA SVJEŽA MAZAFATI 500 g;390222;;0,5000;kg;3,49;6,98;;;3,49;4032489329101;Hrana
SLADOLED OREO TUB 425 ml;390230;Oreo;0,4250;L;5,99;14,09;;;5,99;4007993035787;Hrana
KAVA ARABESCA MINAS 200 g;390257;Arabesca;0,2000;KG;4,99;24,95;;;4,99;3859889500074;Piæa
KAVA ARABESCA HAR.E.ZRNO 250 g;390258;Arabesca;0,2500;KG;7,99;31,96;;;7,99;3858886805304;Piæa
KOLAÈ DESPAR CIAMBELLA 400 g;390260;DESPAR;0,4000;kg;3,39;8,48;;;3,39;8001300805915;Hrana
SLAD.ŠTAPIÆ ŠTRUMPF 4x75 ml;390272;;0,2600;kg;3,49;13,42;;;3,49;4260139026098;Hrana
ŠAMP.ELSEVE GROW.BOOSTE 200 ml;390274;LOREAL;0,2000;l;8,99;44,95;;;8,99;3600524196585;Kozmetika
BALZ.ELSEVE GROW.BOOSTE 150 ml;390275;LOREAL;0,1500;L;8,99;59,93;;;8,99;3600524198350;Kozmetika
SERUM ELSEVE GROW.BOOS102 ml;390276;LOREAL;0,1020;l;11,49;112,65;;;11,49;3600524198367;Kozmetika
ŠTRU.KRAŠ.ŠLJIV.PREKRAŠ.200 g ;390283;;0,2000;kg;;7,45;1,49;1,99;1,99;3850120700376;Hrana
KEKSI PREKRAŠNI ZLATKA 500 g;390288;;0,5000;kg;3,79;7,58;;;3,79;3850120700499;Hrana
MASKA L´ANGELICA ZA KO. 300 ml;390295;L'Angelica;0,3000;l;4,99;16,63;;;4,99;8017331100134;Kozmetika
MASKA L´ANGELICA ZA KO. 300 ml;390296;L'Angelica;0,3000;l;4,99;16,63;;;4,99;8017331100158;Kozmetika
MASKA L´ANGELICA ZA KO. 300 ml;390297;L'Angelica;0,3000;l;4,99;16,63;;;4,99;8017331100172;Kozmetika
DEO ROLL ON 48 ANTIPER.50 ml;390299;48;0,0500;l;4,19;83,80;;;3,99;3838980813825;Kozmetika
DEO ROLL ON 48 ANTIPER.50 ml;390300;48;0,0500;l;4,19;83,80;;;3,99;3838980813818;Kozmetika
DEO ROLL ON 48 SENSITIVE 50 ml;390301;48;0,0500;l;4,19;83,80;;;3,99;3838980813801;Kozmetika
BOJA ZA KOSU GARNIER OLIA 1.0;390306;Garnier;1,0000;kom;6,49;6,49;;;7,69;3600542601795;Kozmetika
BOJA ZA KOSU GARNIER OLIA 110;390307;Garnier;1,0000;kom;6,49;6,49;;;6,49;3600542601825;Kozmetika
BOJA ZA KOSU GARNIER OLIA 7.0;390308;Garnier;1,0000;kom;6,49;6,49;;;7,69;3600542601924;Kozmetika
NAPOLITA.LJEŠNJAK DESPAR 175 g;390309;DESPAR;0,1750;kg;1,09;6,23;;;1,09;8001300804444;Hrana
NAPOLITANKE KAKAO DESPAR 175 g;390310;DESPAR;0,1750;kg;1,09;6,23;;;1,09;8001300804451;Hrana
LASAGNE RIC.ŠPINAT RANA 350 g;390318;Rana;0,3500;kg;3,49;9,97;;;3,49;8001665127707;Hrana
NAPOLITA.VANILIJA DESPAR 175 g;390319;DESPAR;0,1750;kg;1,09;6,23;;;1,09;8001300804437;Hrana
SIR KOZJI NAREZ. NP BIO 100 g;390321;SPAR Natur*pur;0,1000;kg;3,49;34,90;;;3,49;9100000022802;Hrana
KEKS DESPAR KROKANT 250 g;390322;DESPAR;0,2500;kg;1,49;5,96;;;1,49;8001300805861;Hrana
KEKSI DESPAR VRHNJE 350 g  ;390323;DESPAR;0,3500;kg;1,59;4,54;;;1,59;8001300805786;Hrana
KEKSI DESPAR KAKAO LJEŠN.350 g;390324;DESPAR;0,3500;kg;1,59;4,54;;;1,59;8001300806035;Hrana
SIR CHEDD. BIJELI MATURE 200 g;390330;Euroser;0,2000;kg;3,29;16,45;;;3,79;5902431275451;Hrana
KEFIR KK 3,5%MM BOCA 1 kg;390331;Belje;1,0000;kg;2,39;2,39;;;2,39;3850257061548;Hrana
JOG. FITLINE EXQUISA 400 g;390332;Exquisa;0,4000;kg;1,99;4,98;;;1,99;4019300172801;Hrana
SIR KOZJI POLUTV. CAPRA 150 g;390333;;0,1500;kg;4,49;29,93;;;4,49;3859893605611;Hrana
PRIP.TEK.BILJ.MAST SB 500 ml;390334;S-Budget;0,5000;L;1,49;2,98;;;1,49;9100000036083;Hrana
SIR MEKI KOZJI ROL.CAPRA 100 g;390335;;0,1000;kg;2,99;29,90;;;2,99;3859893605635;Hrana
SIR KOZJI TVRDI CAPRA 150 g;390337;;0,1500;kg;4,79;31,93;;;4,79;3859893605598;Hrana
BOM.HARIBO GUM.HARRY POT. 85 g;390338;;0,0850;kg;1,59;18,71;;;1,79;4001686017890;Hrana
JOG.GRÈKI 0% M.M. DESPAR 500 g;390339;Despar;0,5000;kg;2,59;5,18;;;2,59;8001300660965;Hrana
BOM.HB ZL.MED.KIS. 100 g;390340;;0,1000;kg;1,59;15,90;;;1,79;9002975002066;Hrana
JOG.GRÈKI 0%M.M. DESPAR 150 g;390341;Despar;0,1500;kg;0,99;6,60;;;0,99;8001300660620;Hrana
JOG.GRÈKI 10%M.M. DESPAR 150 g;390342;Despar;0,1500;kg;0,99;6,60;;;0,99;8001300660743;Hrana
KEKS DIGESTIVE ORIGINAL 133 g;390344;;0,1330;kg;1,19;8,95;;;1,19;5941664011634;Hrana
KEKS DIGESTIVE TAMNA ÈOK.150 g;390347;;0,1500;kg;2,49;16,60;;;2,49;5941664011658;Hrana
KEKS.DIGES.MLIJEÈNA ÈOK.150 g;390348;;0,1500;kg;2,49;16,60;;;2,49;5941664011641;Hrana
GUMENI BOMBONI FAST FOOD 172 g;390370;;0,1720;kg;3,49;20,29;;;3,49;8992741942935;Hrana
PRALI.LJEŠNJAK DELAVIUDA 150 g;390372;;0,1500;kg;5,49;36,60;;;5,49;8410223607726;Hrana
PRALI.MLIJE.ÈOKOL.DELAV.150 g;390375;;0,1500;kg;5,49;36,60;;;5,49;8410223602493;Hrana
LIZALICA RUŽ 5 g;390378;;0,0050;kg;1,39;278,00;;;1,09;5200701005099;Hrana
KEKS TART ÈOKOLADA 100g;390382;;0,1000;kg;1,09;10,90;;;1,09;8690504119272;Hrana
KEKS TART LIMUN 100 g;390383;;0,1000;kg;1,09;10,90;;;1,09;5000396053821;Hrana
KEKS ÈOKOLA.CHUNK.WALK 150 g;390387;;0,1500;kg;5,99;39,93;;;5,99;0039047050730;Hrana
KEKS ÈOKOLA.CHU.LJEŠNJAK 150 g;390388;;0,1500;kg;5,99;39,93;;;5,99;0039047005440;Hrana
ÈOKOLADA SALUT LJEŠNJAK 100 g;390391;;0,1000;kg;1,29;12,90;;;1,29;4000415065904;Hrana
ÈOK.FREEZE BRESKVA MAR.100 g ;390392;;0,1000;kg;1,49;14,90;;;1,49;4000415000554;Hrana
ÈOKO.FRE.BOURB.VANILIJA 100 g;390395;;0,1000;kg;1,49;14,90;;;1,49;4000415834005;Hrana
BOM.GU.HAR.K.PARTY MINIS 250 g;390396;;0,2500;kg;3,49;13,96;;;3,69;4001686003015;Hrana
JOGURT GRÈKI JAGODA F.F 150 g;390397;SPAR free from;0,1500;kg;1,19;7,93;;;1,19;8001300660736;Hrana
DEO BRUT OCEANS  200 ml;390398;Brut;0,2000;L;4,29;21,45;;;4,29;8717163961988;Kozmetika
DEO BRUT MUSK  200 ml;390399;Brut;0,2000;L;4,29;21,45;;;4,29;3014230022401;Kozmetika
DEO BRUT SPORT ST. 200 ml;390400;;0,2000;L;4,29;21,45;;;4,29;8711700634342;Kozmetika
JOG.GRÈKI FF 0%M.M 150 g;390401;SPAR free from;0,1500;kg;1,19;7,93;;;1,19;8001300660729;Hrana
JOG.GRÈKI 0% M.M. DESPAR 1kg;390402;Despar;1,0000;kg;4,99;4,99;;;4,99;8001300661184;Hrana
KALUP PAP.ZA AIRFR.50/1,20cm;390414;;50,0000;kom;;0,07;3,69;4,69;4,69;8056444531657;Proizvodi za kuæanstvo
KALUP PAP.ZA AIRFR.50/1,23cm;390416;;50,0000;kom;;0,09;4,39;5,59;5,59;8056444531671;Proizvodi za kuæanstvo
KALUP PAP.ZA AIRFR.50/1,20cm;390417;;50,0000;kom;;0,07;3,69;4,69;4,69;8056444531688;Proizvodi za kuæanstvo
KALUP PAP.ZA AIRFR.50/1,23cm;390418;;50,0000;kom;;0,10;4,79;5,99;5,99;8056444531701;Proizvodi za kuæanstvo
PAP.RUÈ.PALOMA DESIGN 3/1;390419;Paloma;3,0000;KOM;;0,66;1,99;2,79;2,79;3838952035903;Proizvodi za kuæanstvo
KALUP PAP.ZA AIRF.50/1,22X14cm;390420;;50,0000;kom;;0,08;3,99;4,99;4,99;8056444531725;Proizvodi za kuæanstvo
MAR.LOVELY 3SL 60/1;390448;Lovely;60,0000;KOM;1,29;0,02;;;1,29;9100000067896;Toaletne potrepštine
KAVA DESPAR ARABICA 2x250 g;390449;Despar;0,5000;KG;10,99;21,98;;;10,99;8001300500292;Piæa
HUMUS S EK.HRSK.POVR.SANA 60 g;390450;Sana;0,0600;kg;2,79;46,50;;;2,79;3858892322888;Hrana
LASAGNE BOLOGNESE 400 g;390454;;0,4000;kg;2,69;6,73;;;2,69;5900741604657;Hrana
LASAGNE ŠPINAT/RICOTA 400 g;390457;;0,4000;kg;2,69;6,73;;;2,69;5900741601151;Hrana
INS.KAVA NES.CR.3U1 10+2 150 g;390472;Nescafe;0,1500;KG;2,99;19,93;;;3,09;8445291215566;Piæa
PRO.PLOÈ.POLLEO SOF.DUBAI 50 g;390479;;0,0500;kg;2,99;59,80;;;2,99;3856026811680;Hrana
LOS.L´ANGELICA HYDRA 250 ml;390480;L'Angelica;0,2500;l;3,99;15,96;;;3,99;8017331103395;Kozmetika
LOS.L´ANGELICA ANTI AGE 250 ml;390481;L'Angelica;0,2500;l;3,99;15,96;;;3,99;8017331103418;Kozmetika
SALVETA EXOTIC FRUIT;390486;;1;;2,99;2,99;;;2,99;5901720765918;Proizvodi za kuæanstvo
PATE RIO MARE TUNA MAJON.100 g;390496;Rio Mare;0,1000;kg;;19,90;1,99;3,59;3,69;8004030560048;Hrana
TUNA STEAK EVA MASL.ULJE 160 g;390497;Eva;0,1040;kg;3,79;36,44;;;3,79;3856020278250;Hrana
VEGAN.TIP CAPPUCCINA VEG.400 g;390498;SPAR Veggie;0,4000;kg;6,49;16,23;;;5,49;9100000076676;Hrana
ÈIPI ÈIPS CHIO DUOPACK 250 g;390499;;0,2500;kg;2,99;11,96;;;3,78;3856021306976;Hrana
TUNA SALATA EVA MEX.3X160 g;390504;Eva;0,4800;kg;5,59;11,65;;;11,99;3856020281588;Hrana
GEL TUŠ.PALMOLIVE MILK 750 ml;390505;Palmolive;0,7500;l;6,19;8,25;;;6,19;8714789526508;Kozmetika
TRAKE VEET ZA DEPIL.VOS.12/1;390507;Veet;12,0000;kom;5,89;0,49;;;5,89;5997321774787;Kozmetika
ÈETK.ZA ZUBE ELMEX PRECISION ;390511;Elmex;1,0000;KOM;5,19;5,19;;;5,29;8718951667037;Kozmetika
KRUH PROTEINSKI 400 g;390522;;0,4000;kg;1,89;4,73;;;1,89;8005221302904;Hrana
BOLOGNES.PERFEKT VEGAN 350 g  ;390556;;0,3500;kg;4,99;14,26;;;4,99;3859894388025;Hrana
CHILLI NON CARNE VEGAN 350 g;390561;;0,3500;kg;4,99;14,26;;;4,99;3859894388056;Hrana
GULAŠ JUHA VEGAN 350 g;390564;;0,3500;kg;4,99;14,26;;;4,99;3859894388179;Hrana
ŠPINAT BRIKETI O´PLANT 400 g;390590;O´PLANT;0,4000;kg;1,79;4,48;;;1,79;3856020279189;Hrana
VEGAN SCHNITZEL GARDEN 270 g;390591;;0,2700;kg;5,49;20,33;;;5,49;8445291345911;Hrana
TJESTENINA SPAR ŠPAGETE 500 g;390592;SPAR marka kvalitete;0,5000;kg;0,99;1,98;;;0,99;9100000700861;Hrana
PŠENIÈNE KLICE VITAL 150 g;390594;SPAR Vital;0,1500;kg;4,99;33,27;;;4,99;9100000019178;Hrana
SOK VITAL ALOE VERA 750 ml;390595;SPAR Vital;0,7500;l;10,99;14,65;;;10,99;9100000977331;Piæa
PSYLLIUM LJUSKE VITAL 350 g;390596;SPAR Vital;0,3500;kg;9,99;28,54;;;9,99;9100000963815;Hrana
KAPI VITAL VITAMIN D3 30 ml;390597;SPAR Vital;0,0300;l;4,49;149,67;;;4,49;9100000963792;Hrana
SOK DESPAR PREM.JAB.ÐUMB.0,5 L;390598;Despar;0,5000;L;2,49;4,98;;;2,49;8001300152088;Piæa
KAPSULE MAGNEZIJ VITAL 60/1;390602;SPAR Vital;60,0000;kom;5,49;0,09;;;5,49;9100000024097;Hrana
KAPSULE KALIJ VITAL 60/1;390603;SPAR Vital;60,0000;kom;5,49;0,09;;;5,49;9100000024134;Hrana
KAPSULE IMMUNO VITAL 60/1;390604;SPAR Vital;60,0000;kom;5,99;0,10;;;5,99;9100000050768;Hrana
MLIJEKO SVJEŽE K.K.3,2%MM 1 L;390605;Belje;1,0000;L;1,29;1,29;;;1,39;3850257061364;Hrana
KAPSULE Q10 VITAL 60/1;390606;SPAR Vital;60,0000;kom;12,99;0,22;;;12,99;9100000005874;Hrana
KAPSULE PHYTOFERRIN VITAL 60/1;390607;SPAR Vital;60,0000;kom;7,99;0,13;;;7,99;9100000005898;Hrana
KAPSULE SELEN VITAL 60/1;390608;SPAR Vital;60,0000;kom;6,99;0,12;;;6,99;9100000043111;Hrana
KAPSULE CINK VITAL 60/1;390609;SPAR Vital;60,0000;kom;8,99;0,15;;;8,99;9100000005935;Hrana
NEKTAR VINDI MULTIVITA.6X0,2 L;390611;Vindija;1,2000;L;2,99;2,49;;;2,99;3850108075229;Piæa
NEKTAR VINDI JABUKA 6X0,2 L;390613;Vindija;1,2000;L;2,99;2,49;;;2,99;3850108078350;Piæa
KAPSULE KURKUMA VITAL 60/1;390614;SPAR Vital;60,0000;kom;5,49;0,09;;;5,49;9100000005959;Hrana
KAPS.EKSTR.ÈEŠNJAKA VITAL 90/1;390615;SPAR Vital;90,0000;kom;11,99;0,13;;;11,99;9100000053509;Hrana
ARONIJA U PRAHU VITAL 200 g;390616;SPAR Vital;0,2000;kg;6,49;32,45;;;6,49;9100000981710;Hrana
ULJE CRNOG KIMA VITAL 100 ml;390617;SPAR Vital;0,1000;l;9,99;99,90;;;7,99;9100000976754;Hrana
CBD ULJE 10% VITAL 10 ml;390618;SPAR Vital;0,0100;l;22,99;2299,00;;;22,99;9100000023878;Hrana
ÈETK.CURAPROX  CS 5460 2/1;390619;Curaprox;2,0000;kom;12,59;6,30;;;12,99;7612412431063;Kozmetika
MATCHA STICK VITAL 10/1;390620;SPAR Vital;10,0000;kom;5,49;0,55;;;5,49;9100000015293;Hrana
FERMENTIR.NARANÈA VITAL 100 g;390621;SPAR Vital;0,1000;kg;10,49;104,90;;;10,49;9100000033280;Hrana
FERMENTIR.LIMETA VITAL 100 g;390622;SPAR Vital;0,1000;kg;10,49;104,90;;;10,49;9100000033303;Hrana
FERMENTIR.POMELO VITAL 100 g;390623;SPAR Vital;0,1000;kg;10,49;104,90;;;10,49;9100000005973;Hrana
FERMENTIR.ÐUMBIR VITAL 100 g;390624;SPAR Vital;0,1000;kg;10,49;104,90;;;10,49;9100000005997;Hrana
FERMENTIR.ÈEŠNJAK VITAL 100 g;390625;SPAR Vital;0,1000;kg;14,49;144,90;;;14,49;9100000006017;Hrana
PUREÆA PRSA LINO NJUPAL. 60 g;390626;Lino;0,0600;kg;1,69;28,17;;;2,09;3856020257033;Hrana
KAPI VITAL OXYMEL HARMON.46 ml;390627;SPAR Vital;0,0460;l;9,99;217,17;;;9,99;9100000025940;Hrana
KAPI VITAL OXYMEL BALANS 46 ml;390628;SPAR Vital;0,0460;l;9,99;217,17;;;9,99;9100000025964;Hrana
MUSLI VITALIS 5 ŽITARICA 500 g;390629;Dr. Oetker;0,5000;kg;3,99;7,98;;;3,99;8594001216994;Hrana
KAPI VITAL OXYMEL BAUCH 46 ml;390630;SPAR Vital;0,0460;l;9,99;217,17;;;9,99;9100000025926;Hrana
MUSLI VITALIS VOÆE 500 g;390631;Dr. Oetker;0,5000;kg;3,99;7,98;;;3,99;8594001216932;Hrana
MUSLI VITALIS KLASIK 500 g;390632;Dr. Oetker;0,5000;kg;3,99;7,98;;;3,99;8594001216918;Hrana
ÈIPS ŠKAMPI SPAR 100g;390633;SPAR marka kvalitete;0,1000;kg;1,79;17,90;;;1,79;9100000083650;Hrana
SOK DESPAR PREM.NAR.MRKV.0,5 L;390634;Despar;0,5000;L;2,49;4,98;;;2,49;8001300152118;Piæa
SOK DESPAR PREMIUM GREJP 0,5 L;390635;Despar;0,5000;L;2,49;4,98;;;2,49;8001300152101;Piæa
SOK DESPAR PREMIUM BERGA.0,5 L;390636;Despar;0,5000;L;2,99;5,98;;;2,99;8001300152095;Piæa
TEK.DET.ARIEL 1,125 L;390642;Ariel;1,1250;l;12,99;11,55;;;12,99;8700216691697;Sredstva za èišæenje
TEK.DET. ARIEL COLOR 1,125 L;390643;Ariel;1,1250;kom;12,99;11,55;;;12,99;8700216691925;Sredstva za èišæenje
KAP.ARIEL COLOR FRESH 19/1;390644;Ariel;19,0000;kom;8,99;0,47;;;13,99;8700216765114;Sredstva za èišæenje
PRŠUT NAREZAK ANDRO 300 g;390661;Andro;0,3000;kg;7,19;23,97;;;12,99;3858892822838;Hrana
VINO MUŠKAT ŽUTI ŠOŠKIÆ 0,75 L;390664;;0,7500;L;13,99;18,65;;;13,99;3859893712647;Piæa
VINO ROSE ORMOŽ SE 0,75 L;390675;;0,7500;L;8,99;11,99;;;8,99;3830078702905;Piæa
VINO MALVASIA LA DOL.IT.0,75 L;390676;;0,7500;L;7,39;9,85;;;7,99;8059916711939;Piæa
VINO MINUTY M 0,75 L;390677;;0,7500;L;19,99;26,65;;;15,99;3547102222000;Piæa
RAKIJA DUET ŠLJ.TR.ZV. 2x0,7 L;390682;;1,4000;L;17,99;12,85;;;19,99;3858894172290;Piæa
VINO GRAŠEVINA POI 1 L;390683;;1,0000;L;3,99;3,99;;;2,99;3859891249770;Piæa
VINO GRAŠEVINA VB 3 L ;390684;;3,0000;L;8,99;3,00;;;8,99;8594176393667;Piæa
VINO GRAŠEVINA ALETTA 3 L;390686;;3,0000;L;8,99;3,00;;;8,99;3859894110527;Piæa
VINO GRAŠEVINA ALETTA 5 L;390687;;5,0000;L;11,99;2,40;;;11,99;3859894110534;Piæa
VINO VRANAC CARSKO 2 L;390689;;2,0000;L;4,39;2,20;;;4,39;3859892866839;Piæa
VINO GRAŠEVINA ALETTA 2 L;390691;;2,0000;L;4,99;2,50;;;4,99;3859894110510;Piæa
VILJAMOVKA ŠIMIÆ 0,5 L;390695;;0,5000;L;23,99;47,98;;;23,99;3859890900528;Piæa
TERANINO ŠIMIÆ 0,5 L;390697;;0,5000;L;22,99;45,98;;;22,99;3859890900627;Piæa
KAJSIJA ŠIMIÆ 0,5 L;390698;;0,5000;L;23,99;47,98;;;23,99;3859890900559;Piæa
VINO LAGUNA BIJELO 1 L;390699;;1,0000;L;7,05;7,05;;;7,05;3858881199460;Piæa
LIMONCELLO FIZZ ROSSI 0,25L;390700;;0,2500;L;2,79;11,16;;;2,79;3859894302366;Piæa
LIKER PALLINI LIMONCELL. 0,5 L;390702;;0,5000;L;13,99;27,98;;;13,99;8005713352646;Piæa
THOMY SAURK MULTIPACK 555 g;390703;Thomy;0,5550;kg;5,99;10,79;;;5,99;8445292026680;Hrana
WHISKEY J.W.RED LABEL 1,75 L;390704;Johnnie Walker;1,7500;L;54,99;31,42;;;54,99;5000267012803;Piæa
OSV.AMBI PUR GOLD 2x20 ml;390705;Ambi Pur;40,0000;ml;7,99;0,20;;;7,99;8700216686488;Sredstva za èišæenje
EL.OSV.AMBI PUR GOLD 20 ml;390706;Ambi Pur;20,0000;ml;7,99;0,40;;;7,99;8700216486200;Sredstva za èišæenje
SPRAY AMBI PUR 185 ml;390707;Ambi Pur;185,0000;ml;3,99;0,02;;;4,45;8700216743662;Sredstva za èišæenje
LIKER MALOHA KOKOS 0,7 L;390708;;0,7000;L;10,99;15,70;;;10,99;9100300001071;Piæa
KOLAGEN VITAL 300 g;390716;SPAR Vital;0,3000;kg;14,99;49,97;;;14,99;9100000079301;Hrana
ÈOK.BANANKO + PERNICA 150 g;390729;;0,1500;kg;2,39;15,93;;;3,49;3850102015634;Hrana
BISKVIT BROWNIE 40 g;390731;;0,0400;kg;0,59;14,75;;;0,59;5310005032506;Hrana
UMAK BARILLA PIZZA SAUCE 400 g;390732;Barilla;0,4000;kg;3,79;9,48;;;3,79;8076809585781;Hrana
UMAK BARILLA AGLIO 400 g;390733;Barilla;0,4000;kg;3,19;7,98;;;3,19;8076809572996;Hrana
PANDORO CLASSIC 700 g;390742;;0,7000;kg;10,99;15,70;;;10,99;8001720415848;Hrana
CRAFT PIVO LABONA APA 0,33 L  ;390744;;0,3300;L;1,99;6,03;;;1,99;0725765147851;Piæa
CRAFT PIVO LABONA B.ALE 0,33 L;390746;;0,3300;L;1,99;6,03;;;1,99;0725765147875;Piæa
CRAFT PIVO LABONA IPA 0,33 L;390747;;0,3300;L;1,99;6,03;;;1,99;0725765147868;Piæa
CRAFT PIVO LABONA PORTE.0,33 L;390748;;0,3300;L;1,99;6,03;;;1,99;0725765147882;Piæa
GEL PALMOLIVE KIDS 750 ml;390750;Palmolive;0,7500;L;5,25;7,00;;;5,25;8693495042857;Kozmetika
GAZ.PIÆE XIXO ORAN.FIZZ 0,25 L;390751;;0,2500;L;,79;3,16;;;0,79;5999571056460;Piæa
GEL PALMOLIVE CREATURES 750 ml;390752;Palmolive;0,7500;ML;5,25;7,00;;;5,25;8718951718043;Kozmetika
KAPSULE ILLY CLA.LUNGO 111,6 g;390753;Illy;0,1116;KG;;80,91;9,03;11,29;11,99;8003753198200;Piæa
ŠAMPON BECUTAN ZA DJECU 750 ml;390754;Becutan;0,7500;L;6,99;9,32;;;6,99;5310001245610;Kozmetika
KAVA JULIUS MELANGE SOFT 500 g;390756;JULIUS MEINL;0,5000;KG;12,19;24,38;;;12,19;9000403208202;Piæa
KREMA BECUTAN UNIVERZAL.150ml;390757;Becutan;0,1500;L;5,19;34,60;;;5,19;5310001253615;Kozmetika
PUDER BECUTAN ZA DJECU 200 g;390759;Becutan;0,2000;KG;5,49;27,45;;;5,49;5310001261481;Kozmetika
ULJE BECUTAN LAVADA 200 ml;390760;Becutan;0,2000;L;3,79;18,95;;;3,79;5310001245085;Kozmetika
ŠAM. I KUP.BECUTAN LAVA.200 ml;390761;Palmolive;0,2000;L;3,25;16,25;;;3,25;5310001252779;Kozmetika
SRED.WC NET CARBONE 750 ml;390770;Wc Net;750,0000;ml;;0,00;1,59;2,99;2,99;8003650030801;Sredstva za èišæenje
SRED.WC NET ANTI ODOUR 750 ml;390771;Wc Net;750,0000;ml;;0,00;1,59;2,99;2,99;8003650030825;Sredstva za èišæenje
EL.REFILL AIRWICK 19 ml;390772;Airwick;19,0000;ml;4,89;0,26;;;4,89;5999109545916;Sredstva za èišæenje
PILEÆA PRSA LINO NJUPAL. 60 g;390774;Lino;0,0600;kg;1,69;28,17;;;2,09;3856020257064;Hrana
TONIC THOMAS.HENR.MANGO 0,75 L;390775;Thomas Henry;0,7500;L;4,99;6,65;;;4,99;4251760804926;Piæa
TONIC THO.HEN.WATERMELON 0,2 L;390776;Thomas Henry;0,2000;L;2,29;11,45;;;2,29;4251760804902;Piæa
PIZZA ŠUN./GLJIV.BUITONI 375 g;390784;;0,3750;kg;4,29;11,44;;;4,29;4009233002832;Hrana
OME.VIOLETA ORIGINAL REFILL 2L;390796;Violeta;2,0000;L;3,59;1,80;;;2,99;3870128041257;Sredstva za èišæenje
OME.VIOLETA PARADISE REFILL 2L;390797;Violeta;2,0000;L;3,59;1,80;;;2,99;3870128040717;Sredstva za èišæenje
SOK SPAR MULTIVITAMI.100 % 1 L;390798;SPAR;1,0000;L;;2,39;2,39;2,99;2,99;9100000073330;Piæa
TJESTENINA S-BUDGET SIR 170 g;390803;;0,1700;kg;1,59;9,35;;;1,59;9100000831879;Hrana
NJOKI S-BUDGET 750 g;390812;S-BUDGET;0,7500;kg;1,99;2,65;;;1,99;8033954552051;Hrana
PILEÆA PRSA PEÈENA NJAMI 350 g;390829;Pivka;0,3500;kg;5,49;15,69;;;5,89;3831006614642;Hrana
PILEÆA PRSA PEÈENA NJAMI 100 g;390831;Pivka;0,1000;kg;1,89;18,90;;;1,99;3831006618206;Hrana
ZAÈ.VEGETA VLASAC REZANI 6 g;390841;Podravka;0,0060;kg;1,65;275,00;;;1,65;3856020238599;Hrana
JUNEÆE MLJEVENO MESO 450 g;390851;;0,4500;kg;5,49;12,20;;;5,99;3858891912370;Hrana
OME.DUEL BLUE NOIRE 1,6 L;390900;Duel;1,6000;L;4,99;3,12;;;4,99;8606015849423;Sredstva za èišæenje
OME.DUEL PURPLE DREAM 1,6 L;390901;Duel;1,6000;L;4,99;3,12;;;4,99;8606015849409;Sredstva za èišæenje
TRAKE S BUDGET DEPILACIJA 30/1;390967;S-Budget;30,0000;kom;1,99;0,07;;;1,99;8057204092012;Kozmetika
SRE.ZA ÈIŠÆENJE WC SBUDGET 1 L;390997;S-Budget;1,0000;L;1,59;1,59;;;1,59;8057204093590;Sredstva za èišæenje
KEKS LEIBNIZ ZOO ORGINA.100 g ;391016;;0,1000;kg;1,89;18,90;;;1,89;5901414205263;Hrana
KEKS LEIBNIZ ORIGINAL 200 g;391017;;0,2000;kg;2,39;11,95;;;2,39;4017100107566;Hrana
KEKS LEIBNIZ MLIJEÈ.ÈOKO.125 g;391018;;0,1250;kg;2,39;19,12;;;2,39;4017100209833;Hrana
KEKS LEIBNIZ MINIS KAKAO 100 g;391022;;0,1000;kg;1,99;19,90;;;1,99;5901414204648;Hrana
BOMBONI BEBETO ST.JAG.VAN.75 g;391028;;0,0750;kg;0,99;13,20;;;0,99;8690146134343;Hrana
BOMBONI MENTOS PEPERMINT 21 g ;391029;;0,0210;kg;1,30;61,90;;;1,30;80880042;Hrana
BOMBON.MENT.LEMON MELISSA 21 g;391030;;0,0210;kg;1,30;61,90;;;1,30;80999300;Hrana
JAJA ŽITO PODNI UZG.M 10/1;391031;Žito;10,0000;kom;2,99;0,30;;;2,99;3859889711579;Hrana
JAJA ŽITO PODNI UZG.L 10/1;391032;Žito;10,0000;kom;3,29;0,33;;;3,29;3859889711593;Hrana
LED.KAVA LANDESSA CAPP.230 ml;391033;Landessa;0,2300;L;1,99;8,65;;;1,99;9004380014306;Piæa
LED.KAVA LANDESS.MACCHI.230 ml;391036;Landessa;0,2300;L;1,99;8,65;;;1,99;9004380079602;Piæa
LED.KAVA LANDESS.ESPRES.230 ml;391037;Landessa;0,2300;L;1,99;8,65;;;1,99;9004380014405;Piæa
ŽVAKE CHUPA CHUPS 86 g      ;391040;;0,0860;kg;2,65;30,81;;;2,65;80957508;Hrana
KEKS TEMPO KAKAO I VANIL.61 g;391042;;0,0610;kg;0,65;10,66;;;0,65;8690504112600;Hrana
SET ZA ÈIŠÆENJE POWER CLEAN M;391048;;1,0000;kom;39,39;39,39;;;39,39;4006501555106;Proizvodi za kuæanstvo
ÈOK.MILKA BADEM CARAMEL 190 g ;391063;;0,1900;kg;4,49;23,63;;;4,49;7622202298905;Hrana
ÈOKOLADA MILKA NOISETTE 190 g;391064;;0,1900;kg;4,49;23,63;;;4,49;7622202305733;Hrana
ÈOK.MILKA LOTUS BISCOFF 190 g;391065;;0,1900;kg;4,49;23,63;;;4,49;7622202305337;Hrana
ÈOK.MILKA CIJELI LJEŠNJ.190 g;391066;;0,1900;kg;4,49;23,63;;;4,49;7622202305399;Hrana
ÈOKOLADA MILKA ALPSKA 190 g;391067;;0,1900;kg;4,49;23,63;;;4,49;7622202305658;Hrana
GUMENI BOMBONI SB CRVI 600 g;391076;S-BUDGET;0,6000;kg;3,99;6,65;;;3,99;3856021228605;Hrana
GUMENI BOM.SB MEDVJEDIÆI 600 g;391078;S-BUDGET;0,6000;kg;3,99;6,65;;;3,99;3856021228582;Hrana
GUMENI BOMBONI SB COLA 600 g;391079;S-BUDGET;0,6000;kg;3,99;6,65;;;3,99;3856021228629;Hrana
LOSOS SALATA DELAM.VITAL 170 g;391082;Delamaris;0,1700;kg;4,29;25,24;;;4,29;3838929620033;Hrana
SKUŠA SALATA DELAM.BALAN.170 g;391083;Delamaris;0,1700;kg;4,29;25,24;;;4,29;3838929620057;Hrana
ORADA SALATA DELAM.MEDIT.170 g;391084;Delamaris;0,1700;kg;4,29;25,24;;;4,29;3838929620040;Hrana
GOVEÐI GULAŠ PODR.KRUMP.400 g;391085;Podravka;0,4000;kg;4,99;12,48;;;4,99;3856020283346;Hrana
MASLINE S-BUDG.PAPRIKA 350 g;391086;S-Budget;0,2000;kg;2,19;10,95;;;2,49;9100000074672;Hrana
MASLINE S-BUDG.ÈEŠNJAK 350 g;391087;S-Budget;0,2000;kg;2,99;14,95;;;2,49;9100000074641;Hrana
MASLINE S-BUDG.BADEM 350 g;391088;S-Budget;0,2000;kg;2,99;14,95;;;2,49;9100000074627;Hrana
PERŠIN SJECKANI S-BUDGET 75 g;391089;S-Budget;0,0750;kg;0,99;13,20;;;0,99;9100000749365;Hrana
VLASAC SJECKANI S-BUDGET 75 g;391090;S-Budget;0,0750;kg;0,99;13,20;;;0,99;9100000749389;Hrana
LUK SJECKANI S-BUDGET 150 g;391091;S-Budget;0,1500;kg;1,09;7,27;;;1,09;9100000749402;Hrana
MJEŠAVINA ZAÈ.BILJA S-BUD.75 g;391092;S-Budget;0,0750;kg;0,99;13,20;;;0,99;9100000780122;Hrana
OKRUG.CHEESE.MALINA SPAR 240 g;391093;SPAR;0,2400;kg;3,79;15,79;;;3,79;9100000040226;Hrana
ÈAJNA KOBASICA SPAR 300 g;391094;SPAR;0,3000;kg;4,99;16,63;;;4,99;3856021231506;Hrana
Kulenova seka Meat;391097;;1,0000;kg;19,99;19,99;;;25,99;3859891139972;Hrana
VREÆE ZA SMEÆE MIRIS. 60L15/1,;391111;;15,0000;kom;2,99;0,20;;;2,99;5201314198086;Proizvodi za kuæanstvo
PLOÈICA BADEM LJEŠ.MED 50 g;391195;;0,0500;kg;2,39;47,80;;;2,39;3857500164209;Hrana
PLOÈICA IND.ORAŠ.DATULJE 50 g;391199;;0,0500;kg;2,39;47,80;;;2,39;3857500164223;Hrana
HRANA ZA PSE S-B GOV.PIL.5 kg;391201;S-Budget;5,0000;kg;5,99;1,20;;;5,99;3856021230233;Proizvodi za kuæanstvo
VINO ŽLAHTINA RESERVA 0,75 L;391206;;0,7500;L;16,99;22,65;;;16,99;3859889467391;Piæa
VINO TRAMINAC SWEETY  0,75 L;391214;;0,7500;L;6,19;8,25;;;6,49;3859893289958;Piæa
PJENUŠAC SOHNLEIN BRIL. 0,75 L;391220;;0,7500;L;7,69;10,25;;;7,99;4003310013568;Piæa
LIKER LIMONCELLO RAMAZZ. 0,7 L;391221;;0,7000;L;14,99;21,41;;;14,99;8006550322946;Piæa
JAMESON & COLA 0,25 L;391226;;0,2500;L;2,49;9,96;;;2,59;5011007018955;Piæa
KAVA NATUR PUR ZRNO CREMA 1 kg;391227;Natur pur;1,0000;KG;26,99;26,99;;;26,99;9100100006160;Piæa
KAVA SPAR PREM.ESPRE.ZRNO 1 kg;391228;SPAR PREMIUM;1,0000;KG;24,99;24,99;;;24,99;9100100006146;Piæa
SKYR BIO BEZ LAKTOZE F.F.400 g;391235;SPAR free from;0,4000;kg;1,89;4,73;;;1,89;9100000071244;Hrana
INST.KAKAO NES.MANJE ŠEÆ.300 g;391257;Nesquik;0,3000;KG;5,49;18,30;;;5,49;8445291767096;Piæa
INST.KAKAO NESQUIK.VANIL.350 g;391258;Nesquik;0,3500;KG;5,19;14,83;;;5,19;8445291634381;Piæa
SOK HAPPY DAY SUN NARAN.0,33 L;391259;Rauch;0,3300;L;1,49;4,52;;;1,49;9008700237901;Piæa
SOK HAPPY DAY JABUKA 0,33 L;391260;Rauch;0,3300;L;1,49;4,52;;;1,49;9008700237949;Piæa
KAVA SEGAFREDO CREMA ZRNO 1 kg;391262;Segafredo;1,0000;KG;24,49;24,49;;;24,49;9001810011607;Piæa
KRUTI REGE.BILJARICA 40 g;391263;;0,0400;kg;7,99;199,75;;;7,99;3857500147349;Kozmetika
KRUTI REGE.BILJARICA 40 g;391264;;0,0400;kg;7,99;199,75;;;7,99;3857500147363;Kozmetika
LEÆA KUHANA 350 g;391270;;0,3500;kg;1,69;4,83;;;1,69;3859891496884;Hrana
SLANUTAK KUHANI 350 g;391273;;0,3500;kg;1,49;4,26;;;1,59;3859891496839;Hrana
BUÈINE SJEME. MLIJ.ÈOK. 100 g;391292;;0,1000;kg;3,99;39,90;;;3,99;3859894291028;Hrana
BUÈINE SJEMEN.TAMNA ÈOK. 100 g;391294;;0,1000;kg;3,99;39,90;;;3,99;3859894291004;Hrana
BUÈ.SJEM.BIJEL.ÈOK.S NAR.100 g;391295;;0,1000;kg;3,99;39,90;;;3,99;3859894291042;Hrana
LJEŠNJAK KARAME.ÈOKOLADA 100 g;391296;;0,1000;kg;4,99;49,90;;;4,99;3859894438041;Hrana
LJEŠNJ.BIJEL.ÈOK.I NARAN.100 g;391297;;0,1000;kg;4,99;49,90;;;4,99;3859894438027;Hrana
LJEŠNJAK MLIJEÈNA ÈOKOLA.100 g;391298;;0,1000;kg;4,99;49,90;;;4,99;3859894438065;Hrana
KAP.SPLENDID 30/1;391299;Splendid;30,0000;KOM;5,29;0,18;;;5,29;9100000068220;Sredstva za èišæenje
VL.MAR.ASEPSOLETA SENSIT.20/1 ;391301;Asepsoleta;20,0000;KOM;1,79;0,09;;;1,99;3856007908446;Toaletne potrepštine
VL.MAR.ASEPSOLETA CLASSIC 5/1;391302;Asepsoleta;5,0000;kom;1,09;0,22;;;1,29;3856007908323;Toaletne potrepštine
JUHA ACTIVUS 3 LEÆE 400 g;391305;;0,4000;kg;3,49;8,73;;;3,49;4779039732607;Hrana
JUHA ACTIVUS BUNDEVA 400 g;391306;;0,4000;kg;3,49;8,73;;;3,49;4779039732614;Hrana
KREMA DERMA SUPPORT NJ.K100 ml;391308;;0,1000;l;24,99;249,90;;;24,99;3857500166104;Kozmetika
JUHA ACTIVUS CHILLI,GRAH 400 g;391309;;0,4000;kg;3,49;8,73;;;3,49;4779039732669;Hrana
NAMAZ OD LJEŠNJ.CRONAMAZ 314 g;391310;;0,3140;kg;7,99;25,45;;;7,99;3857500118820;Hrana
STUDENT MIX NATURA PLUS 300 g;391326;;0,3000;kg;;12,33;3,70;4,49;4,99;3858893922629;Hrana
CLUB MIX NATURA PLUS 300 g;391327;;0,3000;kg;;12,33;3,70;4,49;4,99;3858893922544;Hrana
BAR MIX NATURA PLUS 300 g;391328;;0,3000;kg;;12,33;3,70;4,49;4,99;3858893922568;Hrana
SUNSET MIX NATURA PLUS 350 g;391329;;0,3500;kg;;9,14;3,20;3,84;4,29;3858893922520;Hrana
ENJOY MIX NATURA PLUS 350 g;391330;;0,3500;kg;;9,14;3,20;3,84;4,29;3858893922506;Hrana
SUHA ŠLJIVA NATURA PLUS 350 g;391331;;0,3500;kg;;8,54;2,99;3,59;3,99;3858893922582;Hrana
DAILY MIX NATURA PLUS 300 g;391332;;0,3000;kg;;10,67;3,20;3,84;4,29;3858893922605;Hrana
POVRÆE ZA JUHU SPAR 600 g;391333;SPAR marka kvalitete;0,6000;kg;1,69;2,82;;;1,69;3856021232206;Hrana
SODA MIST MAND.MARAKUJA 0,33 L;391334;;0,3300;L;1,79;5,42;;;1,79;3859894255099;Piæa
SODA MIST MALINA YUZU 0,33 L;391335;;0,3300;L;1,79;5,42;;;1,79;3859894255082;Piæa
SODA MIST JAGODA LIMETA 0,33 L;391336;;0,3300;L;1,79;5,42;;;1,79;3859894255075;Piæa
SODA MIST BAZGA LIMUN 0,33 L;391337;;0,3300;L;1,79;5,42;;;1,79;3859894255068;Piæa
KOLAÈ COOKIE HAZEL BLISS 75 g;391343;;0,0750;kg;1,99;26,53;;;1,99;3856024047067;Hrana
KOLAÈ COOKIE BLUSHBERRY 75 g;391344;;0,0750;kg;1,99;26,53;;;1,99;3856024047043;Hrana
KOLAÈ COOKIE PEANUT PUNCH 75 g;391345;;0,0750;kg;1,99;26,53;;;1,99;3856024047135;Hrana
KOLAÈ COOKIE BUNNY BITE 75 g;391348;;0,0750;kg;1,99;26,53;;;1,99;3856024047128;Hrana
VL.MAR.ASEPSOLETA SENSITIV.5/1;391353;Asepsoleta;5,0000;KOM;1,09;0,22;;;1,29;3856007908415;Toaletne potrepštine
MANGO - AVIONSKI kom;391362;;1,0000;kom;4,99;4,99;;;4,99;8713807015956;Hrana
MIJEŠANO MLJEVENO MESO 450 g ;391365;;0,4500;kg;;6,64;2,99;3,99;3,99;3859892369323;Hrana
KEKS MILKA CHOCO BIJELI 150 g;391366;;0,1500;kg;2,59;17,27;;;2,59;7622202318672;Hrana
POK.PAKET LA RIVE ISABEL  ;391375;La Rive;1,0000;kom;10,14;10,14;;;14,49;5903719645294;Kozmetika
BOMB.MENTOS DISCOVERY 37,5 g;391406;Mentos;0,0375;kg;0,89;23,73;;;0,89;87368345;Hrana
KOLAÈ MAÐARICA  NOUGAT 400 g;391408;;0,4000;kg;7,49;18,73;;;7,49;3856028407911;Hrana
ÈOK. TWIX SLANA KARAMELA 46 g;391413;Twix;0,0460;kg;1,09;23,70;;;1,19;5000159556873;Hrana
BOMB.HARIBO S´GHETTI FIZZ 85 g;391427;;0,0850;kg;1,59;18,71;;;1,79;4001686018811;Hrana
BRUSCHETTE MARETTI 140 g;391449;Maretti;0,1400;kg;1,58;11,29;;;1,59;3800237480586;Hrana
MED PLAN BEE BAGREM 450 g;391450;;0,4500;kg;8,99;19,98;;;8,99;3859894441003;Hrana
MJEŠ.MED-LIM.-ÐUM.PLAN B.250 g;391451;;0,2500;kg;8,99;35,96;;;8,99;3859894441041;Hrana
CVJETNI PRAH PLAN BEE 120 g;391452;;0,1200;kg;5,99;49,92;;;5,99;3859894441027;Hrana
NAMAZ NUTKAT LJEŠ.-ÈOK.190 g;391453;;0,1900;kg;6,99;36,79;;;6,99;3857500164025;Hrana
NAM.NUTKAT LJEŠ.-BIJ.ÈOK.190 g;391454;;0,1900;kg;6,99;36,79;;;6,99;3857500164001;Hrana
KEKSI KINDER DUO 150 g;391457;;0,1500;kg;4,29;28,60;;;4,49;8000500385807;Hrana
BOM.TIC-TAC DRAGON FRUIT 54 g;391458;;0,0540;kg;1,95;36,11;;;1,95;8000500453766;Hrana
BOM.TIC-TAC EXOTIC ESCAPE 54 g;391459;;0,0540;kg;1,95;36,11;;;1,95;8000500451236;Hrana
BOM.TIC-TAC EXOTIC ESCAPE 18 g;391460;;0,0180;kg;0,85;47,22;;;0,89;80850199;Hrana
ÈOK.FER.ROC.HEZEL.&MACAD. 90 g;391461;;0,0900;kg;;25,44;2,29;2,89;2,99;8000500447833;Hrana
PRALINE FERRERO PRESTIGE 319 g;391462;;0,3190;kg;;36,33;11,59;14,59;14,99;8000500452653;Hrana
JANJEÆA KOLJENICA 550 g;391466;;0,5500;kg;16,99;30,89;;;16,99;3859894177285;Hrana
KRASTAVCI REZANI 2,90 kg;391473;;2,9000;kg;10,99;3,79;;;10,99;3830060353320;Hrana
ÈOKOLADA RIKI RIŽA TAMNA 200 g;391496;;0,2000;kg;4,19;20,95;;;4,19;3856024806213;Hrana
ÈOKOLADA RIKI CORNFLAKES 95 g;391499;;0,0950;kg;1,89;19,89;;;1,89;3856024806312;Hrana
ÈOKOLADA RIKI POPCORN 250 g;391500;;0,2500;kg;5,39;21,56;;;5,39;3856024806299;Hrana
ÈOKO.RIKI ŽITARICE I MED 230 g;391501;;0,2300;kg;5,39;23,43;;;5,39;3856024806237;Hrana
LJEŠNJAK SPAR VITAL 200 g;391531;;0,2000;kg;4,99;24,95;;;4,99;9100000008226;Hrana
BOJA CREME SUPREME 7-0;391539;Schwarzkopf;0,1820;l;10,99;60,38;;;10,99;9000101745702;Kozmetika
BOJA CREME SUPREME 6-0;391541;Schwarzkopf;0,1820;l;10,99;60,38;;;10,99;9000101745962;Kozmetika
BOJA CREME SUPREME 8-16;391543;Schwarzkopf;0,1820;l;10,99;60,38;;;10,99;9000101745580;Kozmetika
BOJA CREME SUPREME 1-0;391544;Schwarzkopf;0,1820;l;10,99;60,38;;;10,99;9000101746846;Kozmetika
BOJA CREME SUPREME 8-0;391546;Schwarzkopf;0,1820;l;10,99;60,38;;;10,99;9000101744941;Kozmetika
BOJA CREME SUPREME 9-0;391547;Schwarzkopf;0,1820;l;10,99;60,38;;;10,99;9000101747201;Kozmetika
BOJA CREME SUPREME 10-55;391548;Schwarzkopf;0,1820;l;10,99;60,38;;;10,99;9000101747621;Kozmetika
BOJA CREME SUPREME 5-1;391549;Schwarzkopf;0,1820;l;10,99;60,38;;;10,99;9000101744781;Kozmetika
BOJA CREME SUPREME 4-0;391550;Schwarzkopf;0,1820;l;10,99;60,38;;;10,99;9000101746587;Kozmetika
BOJA CREME SUPREME 1-1;391551;Schwarzkopf;0,1820;l;10,99;60,38;;;10,99;9000101747829;Kozmetika
BOJA CREME SUPREME 5-60;391552;Schwarzkopf;0,1820;l;10,99;60,38;;;10,99;9000101746105;Kozmetika
BOJA CREME SUPREME 6-68;391553;Schwarzkopf;0,1820;l;10,99;60,38;;;10,99;9000101746525;Kozmetika
BOJA CREME SUPREME 11-11;391554;Schwarzkopf;0,1820;l;10,99;60,38;;;10,99;9000101745429;Kozmetika
BOJA CREME SUPREME L1++;391555;Schwarzkopf;0,1820;l;10,99;60,38;;;10,99;9000101746327;Kozmetika
BOJA CREME SUPREME 7-7;391556;Schwarzkopf;0,1820;l;10,99;60,38;;;10,99;9000101745108;Kozmetika
BROKULA O´PLANT 400 g;391558;O´PLANT;0,4000;kg;2,49;6,23;;;2,49;3856020279219;Hrana
BOJA CREME SUPREME 9-16;391559;Schwarzkopf;0,1820;l;10,99;60,38;;;10,99;9000101745306;Kozmetika
BOJA CREME SUPREME 6-16;391561;Schwarzkopf;0,1820;l;10,99;60,38;;;10,99;9000101745801;Kozmetika
BOJA CREME SUPREME 7-16;391563;Schwarzkopf;0,1820;l;10,99;60,38;;;10,99;9000101747461;Kozmetika
BOJA PALETTE DELUXE 5-68;391566;Palette;0,1150;l;5,99;52,09;;;5,99;9000101736946;Kozmetika
BOJA PALETTE DELUXE 11-11;391567;Palette;0,1150;l;5,99;52,09;;;5,99;9000101639230;Kozmetika
BOJA PALETTE ICC 9.5-21;391568;Palette;1,0000;kom;4,25;4,25;;;4,25;9000101647075;Kozmetika
BOJA PALETTE ICC 8-21;391569;Palette;1,0000;kom;4,25;4,25;;;4,25;9000101677607;Kozmetika
P.P.OLD SPICE IRONMAN WHITEWA.;391592;Old Spice;1,0000;kom;9,79;9,79;;;13,99;8006530007085;Kozmetika
P.P.OLD SPICE FOOTBALL CAPTAIN;391593;Old Spice;1,0000;kom;9,79;9,79;;;13,99;8006530005784;Kozmetika
KRUH TRAJNI NAT.PUR MIX 500 g;391594;Spar Natur pur;0,5000;kg;3,39;6,78;;;3,39;9100000079127;Hrana
BOMBONIJERA GRIOTTE 358 g;391596;;0,3580;kg;9,35;26,12;;;12,49;3850102125845;Hrana
ÈET. COLGATE CLEAN SENS.SOFT;391599;Colgate;3,0000;kom;2,29;0,76;;;2,29;8718951703995;Kozmetika
P.P:OLD SPICE CAPTAIN TORBICA;391604;Old Spice;1,0000;kom;12,59;12,59;;;19,99;8006530005968;Kozmetika
P.P.OLD SPICE AP SPORT POWER;391608;Old Spice;1,0000;kom;12,59;12,59;;;21,99;8006530006040;Kozmetika
KRUŠKA S BUDGET 1 kg;391616;S-BUDGET;1,0000;kg;1,69;1,69;;;2,19;3856021231841;Hrana
P.P.GILLETTE PROGLIDE;391619;Gillette;1,0000;kom;19,59;19,59;;;27,99;8006530032346;Kozmetika
P.P.GILLETTE MACH3 SPORT UCL;391624;Gillette;1,0000;kom;8,11;8,11;;;11,59;8006530039840;Kozmetika
PAPRIKA CRV. ŠPIC SPAR 500 g ;391625;SPAR marka kvalitete;0,5000;kg;1,89;3,78;;;1,69;3856021231278;Hrana
SALVETE 33x33cm,20/1 LIMUN ;391626;;1,0000;kom;1,99;1,99;;;1,99;4021766305372;Proizvodi za kuæanstvo
SALVETE 33x33cm,20/1 LOVE;391627;;1,0000;kom;1,99;1,99;;;1,99;4021766305181;Proizvodi za kuæanstvo
SALVETE 33x33cm,20/1 ENJOY;391628;;1,0000;kom;1,99;1,99;;;1,99;4021766305167;Proizvodi za kuæanstvo
SALVETE 33x33cm,20/1 HAPPY;391629;;1,0000;kom;1,99;1,99;;;1,99;4021766308786;Proizvodi za kuæanstvo
SALVETE 33x33cm,20/1 ITALIJA;391630;;1,0000;kom;1,49;1,49;;;1,49;9100000086026;Proizvodi za kuæanstvo
POK.PAK. BUGATTI SIGNATURE CA.;391633;;1,0000;kom;20,99;20,99;;;29,99;4051395402562;Kozmetika
POK. PAK.TOM TAILOR M.EXTREME;391636;Tom Tailor;1,0000;kom;18,89;18,89;;;26,99;4011700603541;Kozmetika
POK.PAKET ZMILE ADV.KALE CRYST;391640;ZMILE;1,0000;kom;18,19;18,19;;;25,99;4038432014773;Kozmetika
PRALINE FERRERO ROCHER 125 g;391641;;0,1250;kg;;39,92;4,99;5,99;6,99;8000500373798;Hrana
PRALINE RAFFAELLO 125 g;391642;;0,1250;kg;;39,92;4,99;5,99;6,99;8000500446492;Hrana
POK.PAKET MAGIC STUDIO ;391643;;1,0000;kom;11,19;11,19;;;15,99;8436622272969;Kozmetika
POK.PAK.MARTINELIA LULU&DUKI;391645;MARTINELIA;1,0000;kom;10,49;10,49;;;14,99;8436622271368;Kozmetika
P.P.PANTENE REPAIR&PROTECT;391649;Pantene;1,0000;kom;20,29;20,29;;;28,99;8006530057639;Kozmetika
KREMA BLEND-A-D.UÈV. 2x40 g;391654;Blend a dent;0,0800;kg;7,59;94,88;;;7,59;8006530000031;Kozmetika
KREMA BLEND-A-D.UÈV. 2x47 g;391655;Blend a dent;0,0940;kg;7,59;80,74;;;7,59;8006540300053;Kozmetika
MEKSIÈKI MIX O´PLANT 400 g;391661;O´PLANT;0,4000;kg;2,89;7,23;;;2,89;3856020279127;Hrana
MAHUNE ZELENE O´PLANT 400 g;391662;O´PLANT;0,4000;kg;1,89;4,73;;;1,89;3856020279158;Hrana
POV. ZA FRANC.SAL.O´PLANT400 g;391663;O´PLANT;0,4000;kg;1,89;4,73;;;1,89;3856020279066;Hrana
ULO.VIR INKO LIGHT NORMAL 30/1;391671;Vir;30,0000;KOM;7,99;0,27;;;7,99;3838985904450;Toaletne potrepštine
ULO.VIR INKO LIGHT EXTRA 30/1;391674;Vir;30,0000;KOM;10,65;0,36;;;10,65;3838985904368;Toaletne potrepštine
ULO.VIR INKO LIGHT MAXI 30/1 ;391677;Vir;30,0000;KOM;12,99;0,43;;;12,99;3838985904337;Toaletne potrepštine
TOAST CLASSIC 500 g;391707;;0,5000;kg;;2,18;1,09;1,69;1,69;8606018730469;Hrana
TOAST INTEGRALNI  750 g;391708;;0,7500;kg;2,69;3,59;;;2,69;8606028302700;Hrana
POK.PAKET  BRUNO BAN.M.BEST LO;391716;Bruno Banani;1,0000;kom;6,99;6,99;;;9,99;3858890463842;Kozmetika
DET.FAKS COLOR 1,8 L;391718;Faks;1,8000;l;13,49;7,49;;;13,49;3850105188847;Sredstva za èišæenje
POK.PAKET  BRUNO BAN.MAGNET.LO;391721;Bruno Banani;1,0000;kom;6,99;6,99;;;9,99;3858895411664;Kozmetika
DET.FAKS UNIVERSAL 1,8 L;391722;Faks;1,8000;l;13,49;7,49;;;13,49;3850105188878;Sredstva za èišæenje
DET.FAKS AQUAMARINE 2,2 kg;391723;Faks;2,2000;kg;13,49;6,13;;;13,49;3850105187949;Sredstva za èišæenje
DET.FAKS SUPERAKTIV 2,2 kg;391725;Faks;2,2000;kg;13,49;6,13;;;13,49;3850105187970;Sredstva za èišæenje
ZUB.SIGNAL WHITE NOW OR.75 ml;391732;Signal;0,0750;l;4,99;66,53;;;4,99;8720181696978;Kozmetika
POK.PAKET IDC INST.BATH GOLD;391739;IDC INSTITUTE;1,0000;kom;11,19;11,19;;;15,99;8436616358365;Kozmetika
ÈIPS CHIO SLANI 120 g;391740;;0,1200;kg;1,89;15,75;;;2,29;3856021307737;Hrana
ÈIPS CHIO VATRENO LJUT 120 g ;391748;;0,1200;kg;1,89;15,75;;;2,29;3856021307751;Hrana
PANKO MRVICE M.CRUMBS 200 g;391750;;0,2000;kg;2,99;14,95;;;2,99;5999885491452;Hrana
ÈIPS CHIO KREMA.PAPRIKA 120 g;391752;;0,1200;kg;1,89;15,75;;;2,29;3856021307775;Hrana
POK.PAKET IDC INST.BATH ROSE ;391753;IDC INSTITUTE;1,0000;kom;13,99;13,99;;;19,99;8436616358808;Kozmetika
ÈIPS CHIO VRHNJE 120 g;391754;;0,1200;kg;1,89;15,75;;;2,29;3856021307799;Hrana
ÈIPS CHIO SOL I PAPAR 120 g;391757;;0,1200;kg;1,89;15,75;;;2,29;3856021307812;Hrana
POK.PAKET IDC INST.SHAVE CARE ;391758;IDC INSTITUTE;1,0000;kom;26,99;26,99;;;26,99;8436616359638;Kozmetika
POK.PAKET IDC INST.ESSEN.TORBA;391759;IDC INSTITUTE;1,0000;kom;13,29;13,29;;;18,99;8436616351113;Kozmetika
ÈIPS CHIO KETCHUP 130 g;391761;;0,1300;kg;1,89;14,54;;;2,29;3856021306761;Hrana
FLIPS CREEPY FRIEND 75 g;391762;;0,0750;kg;1,79;23,87;;;1,79;5412514937485;Hrana
SLANINA BARANJSKA BELJE 100 g ;391765;Belje;0,1000;kg;3,09;30,90;;;3,25;3850257053253;Hrana
DET.FAKS AQUAMARINE 3,3 kg;391767;Faks;3,3000;kg;17,99;5,45;;;20,99;3850105188069;Sredstva za èišæenje
DET.FAKS SUPERAKTIV 3,3 kg ;391768;Faks;3,3000;kg;17,99;5,45;;;20,99;3850105188090;Sredstva za èišæenje
DET.FAKS COLOR 2,7 L;391769;Faks;2,7000;l;11,99;4,44;;;20,99;3850105188960;Sredstva za èišæenje
DET.FAKS COLOR 2,7 L;391770;Faks;2,7000;l;11,99;4,44;;;20,99;3850105188991;Sredstva za èišæenje
STOCK 84 38% 0,09 L;391792;Stock;0,0900;L;1,69;18,78;;;1,69;8000440627470;Piæa
DET.FAKS AQUAMARINE 1,1 kg;391793;Faks;1,1000;kg;7,95;7,23;;;7,95;3850105187826;Sredstva za èišæenje
TORT.ÈIPS DORITOS COOL 90 g;391795;;0,0900;kg;1,79;19,89;;;1,99;8606033742232;Hrana
VINO EZIMIT GRA.&CHA. 5 L BIB;391796;;5,0000;L;13,99;2,80;;;13,99;5319990354969;Piæa
DET.FAKS BY ORNEL 1,1 kg;391797;Faks;1,1000;kg;7,95;7,23;;;7,95;3850105187888;Sredstva za èišæenje
VINO EZIMIT GRA.&CHA. 3L BIB;391799;;3,0000;L;8,99;3,00;;;8,99;5319990354075;Piæa
DET.FAKS COLOR 900 ml;391800;Faks;900,0000;ml;7,95;0,01;;;7,95;3850105188724;Sredstva za èišæenje
DET.FAKS UNIVERSAL 900 ml;391801;Faks;900,0000;ml;7,95;0,01;;;7,95;3850105188755;Sredstva za èišæenje
VINO EZIMIT SWEETY 0,75 L;391806;;0,7500;L;5,29;7,05;;;5,49;5319990354853;Piæa
VINO EZIMIT CAB.SAU.VRANEC 3 L;391807;;3,0000;L;8,99;3,00;;;8,99;5319990354099;Piæa
RUM PROFESSORADO 0,5 L + ÈAŠE;391810;;0,5000;L;13,99;27,98;;;13,99;8586019223132;Piæa
PRALINE BACI SREBR.SVJET.250 g;391813;;0,2500;kg;10,99;43,96;;;16,99;8000300410631;Hrana
PRALINE BACI ZLATNO SVJE.250 g;391814;;0,2500;kg;10,99;43,96;;;16,99;8000300432978;Hrana
JEGER GAVRILOVIÆ 400 g;391816;Gavrilovic;0,4000;kg;3,99;9,98;;;3,99;3858892727027;Hrana
PP ŠLJIVOVIC.ŠIMIÆ+2ÈAŠE 0,7 L;391821;;0,7000;L;23,99;34,27;;;23,99;3859890900382;Piæa
DET.FAKS AQUAMARINE 220 g;391832;Faks;0,2200;kg;2,65;12,05;;;2,65;3850105187796;Sredstva za èišæenje
SALVETE 33x33cm JOY;391834;;1,0000;kom;;1,79;1,79;1,99;1,99;4021766308984;Proizvodi za kuæanstvo
SALVETE 33x33cm RED&ROSE;391835;;1,0000;kom;;1,79;1,79;1,99;1,99;4021766308700;Proizvodi za kuæanstvo
MALINE LIOFILIZIRANE 30 g;391844;SPAR Vital;0,0300;kg;2,99;99,67;;;2,99;9100000036373;Hrana
LIKER PELINKOVA.FRANZ K. 0,7 L;391846;;0,7000;L;14,99;21,41;;;14,99;3858895440152;Piæa
Šunka pureæa/pileæa Aequilibr.;391847;AiA;1,0000;kg;13,99;13,99;;;13,99;8008110544386;Hrana
VAFEL FRONDI TAMNI KAKAO 225 g;391862;;0,2250;kg;1,99;8,84;;;2,59;3850120700352;Hrana
SALVETE 38X38cm,25/1 3 KOM MIX;391867;;1,0000;kom;3,38;3,38;;;3,38;3870128042902;Proizvodi za kuæanstvo
PRALINE KARAMELIZ.BADEMI 150 g;391868;;0,1500;kg;7,99;53,27;;;9,99;8000300436464;Hrana
POK.PAK.NIVEA MEN SKIN CARE   ;391876;Nivea;1,0000;kom;15,99;15,99;;;15,99;4006000223360;Kozmetika
POK.PAK.NIVEA SET ESSENTIAL LI;391877;;1,0000;kom;14,99;14,99;;;14,99;4006000242682;Kozmetika
POK.PAKET VANDINI HIPPO TERMO ;391883;;1,0000;kom;15,39;15,39;;;21,99;4003583223466;Kozmetika
POK.PAKET VANDINI ŠALICE 2 KOM;391884;;1,0000;kom;13,99;13,99;;;19,99;4003583223527;Kozmetika
POK.PAKET LAVERA SET WINTER CA;391887;;1,0000;kom;9,99;9,99;;;9,99;4021457665976;Kozmetika
POK.PAKET TETES MORSK SOL SET ;391888;TETES;4,0000;kom;9,99;2,50;;;9,99;9005356030290;Kozmetika
FLIPS SPAR FUNKY MONKEY 125 g;391889;SPAR marka kvalitete;0,1250;kg;1,99;15,92;;;1,79;9100000065984;Hrana
POK.PAKET WILKINSON SW.HY.5 SH;391893;;1,0000;kom;11,89;11,89;;;16,99;4027800509966;Kozmetika
POK.PAKET WILKINSON SW.HY.COMP;391894;;1,0000;kom;20,99;20,99;;;29,99;4027800510108;Kozmetika
ÈOK.KIT KAT DOUBLE CHOC 99 g;391895;;0,0990;kg;2,99;30,20;;;2,99;3800020491478;Hrana
ÈOK.KIT KAT HEZELNUT 99 g;391896;;0,0990;kg;2,99;30,20;;;2,99;3800020491461;Hrana
ÈOK.KIT KAT SLANA KARAM. 99 g;391897;;0,0990;kg;2,99;30,20;;;2,99;3800020491508;Hrana
KAVA GLORIA 1 kg;391898;Gloria;1,0000;KG;14,79;14,79;;;14,79;3850291056081;Piæa
LJEŠNJAK SLANI 100 g;391908;;0,1000;kg;2,99;29,90;;;2,99;3859894438003;Hrana
POK.PAK. MEŠTAR ŠJORA PRASKA ;391913;;1,0000;kom;7,69;7,69;;;10,99;3859894057679;Kozmetika
KAVA ARABESCA XXL 700 g;391915;Arabesca;0,7000;KG;9,99;14,27;;;9,99;3858886804741;Piæa
Peèeni prsni vršci Kudeliæ rnf;391916;Kudeliæ;1,0000;kg;;5,99;5,99;6,99;6,99;3859891672899;Hrana
BOŽIÈNA KUÆICA S.SLATKIŠI.82 g;391919;;0,0820;kg;;66,95;5,49;5,99;8,99;4006613010999;Hrana
VREÆE ZA SMEÆE MIRIS.35L 20/1;391924;;20,0000;kom;2,89;0,14;;;2,89;5201314198055;Proizvodi za kuæanstvo
PRALI.KAKAO VREÆ.ROVELLI 200 g;391925;;0,2000;kg;2,59;12,95;;;3,49;8004333017058;Hrana
PRALI.KAKAO VREÆ.ROVELLI 400 g;391926;;0,4000;kg;4,85;12,13;;;6,49;8004333017003;Hrana
PJENA NIVEA SENSITIVE 200 ml;391928;Nivea;0,2000;L;4,09;20,45;;;4,09;4006000183466;Kozmetika
MIR.VODICA WOMEN SECRET 250 ml;391929;WOMEN SECRET;0,2500;l;12,99;51,96;;;12,99;8437018498420;Kozmetika
PJENA NIVEA HYDROCARE 200 ml;391930;Nivea;0,2000;L;4,09;20,45;;;4,09;4006000171036;Kozmetika
MIR.VODICA WOMEN SECRET 250 ml;391934;WOMEN SECRET;0,2500;l;12,99;51,96;;;12,99;8436581944693;Kozmetika
KEKSI JACOBSENS BOŽIÆ 150 g;391937;;0,1500;kg;2,99;19,93;;;3,69;5776879023024;Hrana
LIZALICA BIJELO CRVENA 18 g;391939;;0,0180;kg;0,79;43,89;;;0,99;5995706499362;Hrana
SALVETA BOŽIÆNA 33x33cm;391947;;1,0000;kom;;1,33;1,33;1,99;1,99;8720725261358;Proizvodi za kuæanstvo
TUNA RIO MARE FILODOLIO 8X65 g;391951;Rio Mare;0,5200;kg;;18,25;9,49;15,38;15,38;3858895660109;Hrana
SLADOL.DUBAI STYLE SPAR 500 ml;391959;SPAR;0,5000;L;;9,98;4,99;6,99;6,99;5999139405396;Hrana
PIVO TOMISLAV 3X0,5 L + ÈAŠA;391975;Tomislav;1,5000;L;5,09;3,39;;;5,09;3850131006320;Piæa
JUHA NA TRENTINSKI NAÈIN 620 g;391976;;0,6200;kg;3,19;5,15;;;3,19;8014190021822;Hrana
BRUSCHETTA DEL MONTE 200 g;391978;;0,2000;kg;2,99;14,95;;;2,99;8032610803810;Hrana
ŠUNKA PILEÆA DELUXE 100 g;391981;Vindon;0,1000;kg;2,19;21,90;;;2,19;3850159123153;Hrana
Šunka pileæa Deluxe cca 1,6 kg;391982;Vindon;1,0000;kg;12,99;12,99;;;12,99;3850159765346;Hrana
IZOTONI.PIÆE HIDRA ISO 4X0,5 L;391993;Hidra;2,0000;L;;2,15;4,29;4,59;4,59;3850131006283;Piæa
IZOTONIÈ.PIÆE HIDRA UP 4X0,5 L;391996;Hidra;2,0000;L;;2,15;4,29;4,59;4,59;3850131006313;Piæa
PIVO GRIF PILSNER 0,5 L;391997;;0,5000;L;2,19;4,38;;;2,29;3859893353796;Piæa
ENERG.PIÆE HELL GOJI BER.0,5 L;392001;Hell;0,5000;L;1,69;3,38;;;1,69;5999571054695;Piæa
NEKTAR BRAVO BRESKVA 2 L;392004;Rauch;2,0000;L;;1,12;2,23;3,19;3,19;9008700155908;Piæa
OSVJEŽA.PIÆE ROCK JAGODA 0,5 L;392012;;0,5000;L;1,69;3,38;;;1,69;8606029964044;Piæa
KOLAÈ LJEŠNJ. ÈAROLIJA 420 g;392041;;0,4200;kg;5,99;14,26;;;5,99;3858885860083;Hrana
MINI KRAFNA DUBAI 25 g;392043;;0,0250;kg;0,49;19,60;;;0,49;8590325421205;Hrana
HAMBURGER Z´DEŽELE;392071;Celjske Mesnine;1,0000;kg;8,49;8,49;;;8,49;3838876023574;Hrana
PRALI.MLIJEÈNA ÈOKOL.MEDO 70 g;392107;;0,0700;kg;;49,86;3,49;4,99;5,49;59097709;Hrana
PRALINE ÈOKOLA.S PISTACI.200 g;392112;;0,2000;kg;;17,45;3,49;3,99;5,29;8006423306721;Hrana
ÈAJ PODRAVKA ŠUMSKO VOÆE 100 g;392135;Podravka;0,1000;KG;3,39;33,90;;;3,39;3856020201531;Piæa
KAVA BARCAFFE CLASSIC 300 g;392136;Barcaffe;0,3000;KG;6,99;23,30;;;6,99;3838471054874;Piæa
KAPS.DOLCE GUSTO KIT KAT 256 g;392138;Nescafe;0,2560;KG;5,49;21,45;;;6,49;8445291756649;Piæa
CAPPUCC.FRANCK PISTACHIO 144 g;392145;Franck;0,1440;KG;;22,85;3,29;3,89;3,89;3850291056043;Piæa
INSTAN.NAPITAK TOCO LIMU.550 g;392148;;0,5500;KG;4,99;9,07;;;4,99;3856028500704;Piæa
INSTA.NAP.TOCO LOCO NARA.550 g;392150;;0,5500;KG;4,99;9,07;;;4,99;3856028500674;Piæa
ÈAJ FRANCK ZELENI MENTA 35 g;392157;Franck;0,0350;KG;2,29;65,43;;;2,39;3850291056241;Piæa
ÈAJ FRANCK ZELENI I ŠUMSK.35 g;392158;Franck;0,0350;KG;2,29;65,43;;;2,39;3850291055947;Piæa
ULOŠCI VIOLETA SUPER+ 20/1;392178;Violeta;20,0000;kom;2,49;0,12;;;2,49;3870128040830;Toaletne potrepštine
PJ.FREIX.CORD.NEG 0,75 L+2ÈAŠE;392204;;0,7500;L;;18,65;13,99;15,99;15,99;3859890211594;Piæa
PRALINE S PISTACIJOM 150 g;392207;;0,1500;kg;;23,27;3,49;3,59;4,49;8000017161079;Hrana
BOMBONI PEZ MAXI BAG 183,5 g;392218;;0,1835;kg;4,69;25,56;;;4,69;9044400843981;Hrana
LIZALICE BOŽIÆNE SPIR.POP 90 g;392220;;0,0900;kg;;16,56;1,49;1,99;2,29;8590311107007;Hrana
PRŠUT NAREZAK GAVRILOVIÆ 80 g;392245;Gavrilovic;0,0800;kg;3,99;49,88;;;3,99;3858892728390;Hrana
KUKURUZ PRŽENI SLANI 200 g ;392259;;0,2000;kg;2,99;14,95;;;2,99;3872084016447;Hrana
ULJE  OLIVAL PISKAVICA 60 ml;392273;Olival;0,0600;l;6,99;116,50;;;7,49;3858892696491;Kozmetika
MASKA OLIVAL ZA K.HIBI.150  ml;392274;Olival;0,1500;l;8,99;59,93;;;9,99;3858892696439;Kozmetika
REGENER.OLIVAL HIBISKUS 200 ml;392275;Olival;0,2000;l;7,99;39,95;;;8,99;3858892695975;Kozmetika
LIKER TERANINO ZVEÈEVO 0,7 L;392311;;0,7000;L;12,09;17,27;;;12,99;3858894172399;Piæa
DET.FAKS C.AQUAMARINE 4,95 kg;392376;Faks;4,9500;kg;15,99;3,23;;;18,99;3850105188243;Sredstva za èišæenje
DET.FAKS UNIVERSAL 4,5 L;392378;Faks;4,5000;l;15,99;3,55;;;18,99;3850105191366;Sredstva za èišæenje
WHISKE.JIM BEAM 0,7 L + 2 ÈAŠE;392379;Jim Beam;0,7000;L;;28,56;19,99;24,99;24,99;5010278104190;Piæa
HUMMUS RIBELLA ITALIANO 200 g;392384;;0,2000;kg;2,25;11,25;;;2,25;8606011890030;Hrana
LIKER BUMBU CREAM 0,7 L GB;392394;;0,7000;L;;39,99;27,99;29,99;29,99;0813497006376;Piæa
POK.PAKET ZORINA M.CESARICA ;392410;ZORINA MAST;1,0000;kom;25,19;25,19;;;35,99;3859894008671;Kozmetika
PRIGODNI PAKET-VELIKI 535 g;392418;;0,5350;kg;3,99;7,46;;;4,59;3858891166216;Hrana
KRUH PANE GUTTIAU 200 g ;392426;;0,2000;kg;3,49;17,45;;;3,49;8058946150053;Hrana
KAVA S-BUDGET ZRNO CLASSI.1 kg;392448;S-Budget;1,0000;kg;16,99;16,99;;;16,99;5999139401916;Piæa
KAVA S-BUDGET ZRNO CREMA 1 kg;392456;S-Budget;1,0000;kg;16,99;16,99;;;16,99;5999139401923;Piæa
INSTANT KAVA SPAR 3U1 180 g;392459;SPAR;0,1800;kg;1,69;9,39;;;1,69;5999139402975;Piæa
INSTANT KAVA SPAR 2U1 140 g;392463;SPAR;0,1400;kg;1,69;12,07;;;1,69;5999139402968;Piæa
SALATA TJESTENINA ŠUNKA 255 g;392479;;0,2550;kg;3,79;14,86;;;3,79;3858893254003;Hrana
SALATA  TJESTENINA TUNA 275 g;392485;;0,2750;kg;3,75;13,64;;;3,75;3858893253983;Hrana
PRI.PAK.-ZIM.ÈAR.479.5 g;392515;;0,4795;kg;6,99;14,58;;;9,99;3858891166322;Hrana
ÈAJ TEEKANNE LET IT SNOW 65 g;392521;Teekanne;0,0650;kg;4,99;76,77;;;4,99;5901086079766;Piæa
MAJONEZA ZVIJEZDA 750 g;392618;Zvijezda;0,7500;kg;5,29;7,05;;;5,29;3856015332783;Hrana
KOBASICA SA SIROM I SLAN.500 g;392626;TANN;0,5000;kg;6,99;13,98;;;6,99;9100200201410;Hrana
ULO.VIOLETA SUPER+ 10/1;392627;Violeta;10,0000;kom;1,53;0,15;;;1,53;3870128040809;Toaletne potrepštine
KOBASICA SA SIROM I SLAN.250 g;392628;TANN;0,2500;kg;3,99;15,96;;;3,99;9100200201434;Hrana
LIP BALM MEDEX ELAN.4,5 ;392629;Medex;1,0000;kom;3,99;3,99;;;3,99;3838988330584;Kozmetika
LIP BALM MEDEX ELANS.SOS 4,5 g;392630;Medex;1,0000;kom;3,99;3,99;;;3,99;3838988330591;Kozmetika
KOBASICA ROŠTILJSKA TANN 300 g;392632;TANN;0,3000;kg;3,59;11,97;;;3,59;9100200201458;Hrana
ULJA BIO OIL  60 ml;392633;;0,0600;l;9,59;159,83;;;9,59;6001159113799;Kozmetika
PAŠTETA JETRENA TANN 200 g;392637;TANN;0,2000;kg;1,59;7,95;;;1,59;9100200201472;Hrana
TJ.MARODI SPITULITELLE 250 g;392657;;0,2500;kg;2,99;11,96;;;2,99;3859894191120;Hrana
TJ.MARODI CHLORELLE 250 g;392658;;0,2500;kg;2,99;11,96;;;2,99;3859894191137;Hrana
TJ.MARODI SEPIATELLE 250 g;392659;;0,2500;kg;2,99;11,96;;;2,99;3859894191144;Hrana
TJ.MARODI ROSSOTELLE 250 g;392661;;0,2500;kg;2,99;11,96;;;2,99;3859894191151;Hrana
MORTADELA NAREZAK PIK 300 g;392682;Pik;0,3000;kg;4,99;16,63;;;4,99;3850139180398;Hrana
SIR RIB.EKSTRA STARI VIND.40 g;392691;;0,0400;kg;1,29;32,25;;;1,29;3850108055610;Hrana
ÈOK.S PIST. DUBAI LINDT 150 g ;392692;;0,1500;kg;;53,27;7,99;9,99;9,99;4000539153860;Hrana
LIKER COFFEE CREAM BADEL 0,7 L;392694;;0,7000;L;19,99;28,56;;;19,99;3850112112514;Piæa
SIR RIBANI LISTIÆ VIND.100 g;392695;;0,1000;kg;2,99;29,90;;;2,99;3850108055634;Hrana
SIR RIBANI PIZZA MIX VIN.200 g;392697;;0,2000;kg;3,49;17,45;;;3,49;3850108055641;Hrana
LIKER KORLAT TERANI. 0,7 L VAP;392709;;0,7000;L;;35,70;24,99;26,99;26,99;3850112113054;Piæa
POK.PAKET BIOBAZA MEN LUCKY;392760;Biobaza;1,0000;kom;8,39;8,39;;;11,99;3856020918569;Kozmetika
LIKER MEDICA BADEL 0,7 L;392761;Badel;0,7000;L;10,99;15,70;;;10,99;3850112111388;Piæa
TUNA SPAR SUNC.ULJE 195 g;392762;SPAR Qualitätsmarke;0,1400;kg;2,69;19,21;;;2,69;9100000066738;Hrana
TUNA SPAR NATUR 195 g;392764;SPAR Qualitätsmarke;0,1500;kg;2,69;17,93;;;2,69;9100000066691;Hrana
TUNA SPAR MASL.ULJE 160 g;392765;SPAR Qualitätsmarke;0,1040;kg;2,99;28,75;;;2,99;9100000066783;Hrana
LIKER.PELIN.NAR.BA 0,7 L  LUX;392770;Badel;0,7000;L;;17,13;11,99;13,49;13,49;3850112111579;Piæa
NAMAZ VITAL KRASTAVAC 135 g;392784;SPAR Vital;0,1350;kg;1,59;11,78;;;1,59;3856021231193;Hrana
NAMAZ VITAL MASLINA 140 g;392787;SPAR Vital;0,1400;kg;1,59;11,36;;;1,59;3856021231179;Hrana
NAMAZ VITAL CIKLA 145 g;392789;SPAR Vital;0,1450;kg;1,59;10,97;;;1,59;3856021231155;Hrana
KISELI KUPUS S-BUDGET 670 g;392799;;0,3800;kg;2,49;6,55;;;2,49;3856021230400;Hrana
KISELA REPA S-BUDGET 670 g;392802;S-Budget;0,3800;kg;3,49;9,18;;;3,49;3856021230424;Hrana
PAPRIKA SPAR REZANA 650 g;392810;SPAR Qualitätsmarke;0,3000;kg;2,49;8,30;;;2,49;9100000077154;Hrana
FLIPS BOBI RINGS KIKIRIKI 70 g;392812;;0,0700;kg;1,19;17,00;;;1,19;3858891591285;Hrana
SKUŠA EVA FIL MAS.ULJE 100 g;392817;Eva;0,0700;kg;3,49;49,86;;;3,49;3856020263324;Hrana
BOŽ.SALVETE 33x33cm PALOMA;392822;;1,0000;kom;1,89;1,89;;;1,99;3838952036658;Proizvodi za kuæanstvo
BOŽ.SALVETE 33x33cm PALOMA;392823;;1,0000;kom;1,89;1,89;;;1,99;3838952036665;Proizvodi za kuæanstvo
BOŽ.SALVETE 33x33cm PALOMA;392824;;1,0000;kom;1,89;1,89;;;1,99;3838952036740;Proizvodi za kuæanstvo
KR.ZORINA MAST COOL&REL 120 ml;392827;ZORINA MAST;0,1200;kom;9,99;83,25;;;9,99;3858895600044;Kozmetika
KR.ZORINA MAST HYDRA MAS.50 ml;392828;ZORINA MAST;0,0500;L;19,99;399,80;;;19,99;3858895600068;Kozmetika
KR.ZORINA MAST SOY ZA LI.70 ml;392829;ZORINA MAST;0,7000;L;24,99;35,70;;;24,99;3858895600051;Kozmetika
KOLAÈ SACHER  150 g;392852;;0,1550;kg;4,69;30,26;;;4,69;3859893454844;Hrana
POÈET.HRANA NAT.PUR PRE 500 g;392855;SPAR Natur*pur;0,5000;kg;9,99;19,98;;;9,99;9100000019543;Hrana
POÈETNA HRANA NAT.PUR 1 500 g;392857;SPAR Natur*pur;0,5000;kg;9,99;19,98;;;9,99;9100000019567;Hrana
PRIJ.ML.HRA.NAT.PUR 2 500 g;392859;SPAR Natur*pur;0,5000;kg;9,99;19,98;;;9,99;9100000019482;Hrana
TORTA SCHWARZWALD 800 g ;392869;;0,8000;kg;10,99;13,74;;;10,99;3830056445381;Hrana
SALVETE BOŽIÆNE DAISY,33x33cm;392871;;1,0000;kom;1,79;1,79;;;1,99;5901720768841;Proizvodi za kuæanstvo
ÈOK.KIT KAT SANTA 45 g;392875;;0,0450;kg;;44,22;1,99;2,79;3,49;59969792;Hrana
BOMBO.AFTER EIGHT LIMUN 400 g;392877;;0,4000;kg;9,99;24,98;;;12,49;8445291775299;Hrana
ÈAJ AHMAD WINTER MUZ.KUTI.60 g;392879;Ahmad;0,0600;KG;11,99;199,83;;;11,99;0054881027458;Piæa
ÈOKOLAD.PAKET KIT KAT 461,2 g;392882;;0,4612;kg;;19,49;8,99;9,99;16,99;8445291750456;Hrana
WEL.SHOT 0-GINGER HONEY 60 ml;392885;;0,0600;L;3,09;51,50;;;3,09;3859894312761;Hrana
NAMAZ MARGO  BUTTERY 400 g ;392888;Zvijezda;0,4000;kg;2,29;5,73;;;2,19;3856015332974;Hrana
SAPUN DOVE DRAGONFRUIT 90 g;392893;Dove;0,0900;kg;;14,89;1,34;1,79;1,79;8720181717598;Kozmetika
MAGNEZIJ AFRODITA ULJE  150 ml;392905;Afrodita;0,1500;l;13,49;89,93;;;13,49;3831070664536;Kozmetika
MAGNEZIJ AFRODITA KREMA 100 ml;392906;Afrodita;0,1000;l;13,49;134,90;;;13,49;3831070664543;Kozmetika
Osliæ oèišæeni;392908;;1,0000;kg;12,99;12,99;;;9,49;93856024303135;Hrana
LOSION MIXA UREA CICA  400 ml ;392911;MIXA;0,4000;l;5,99;14,98;;;5,99;3600550978681;Kozmetika
ÈOKO.BOMBONI S PLIŠANCEM 100 g;392922;;0,1000;kg;;99,90;9,99;10,99;15,99;3395503114918;Hrana
PRALIN.KARAMEL.BOŽI.KUÆI. 80 g;392939;;0,0800;kg;;31,13;2,49;2,99;3,79;5904637026288;Hrana
KEKSI FESTIVE STARS WALK.125 g;392948;;0,1250;kg;;31,92;3,99;4,99;5,79;0039047018167;Hrana
IZO.NAP.SPAR POWER BLUE 0,75 L;392953;SPAR;0,7500;L;1,39;1,85;;;1,39;9100000064864;Piæa
VAFLI KARAME.U LIMENCI 260 g;392954;;0,2600;kg;5,99;23,04;;;8,99;5400265041391;Hrana
BOŽIÆNI PAKET-McVITIES 349.4 g;392959;;0,3494;kg;;14,28;4,99;5,59;7,49;5941664012921;Hrana
PRALINE GODIVA ASSORTED 115 g;392964;;0,1150;kg;7,69;66,87;;;10,99;8690504155690;Hrana
PRALINE GODIVA ASSORTED 119 g;392966;;0,1190;kg;7,99;67,14;;;11,49;8690504153771;Hrana
PRALI.JAGODA KANDIT XMAS 280 g;392980;;0,2800;kg;;10,68;2,99;3,99;4,99;3856024806381;Hrana
KAVA JACOBS MONARCH TUR.200 g;392983;Jacobs;0,2000;KG;;19,95;3,99;5,99;5,99;8711000892749;Piæa
INS.KAŠA S-BUDGET NATUR 5x60 g;392985;S-BUDGET;0,3000;kg;1,99;6,63;;;1,99;9100000079226;Hrana
INS.KAŠA S-BUDGET ÈOKOL.5x60 g;392986;S-BUDGET;0,3000;kg;1,99;6,63;;;1,99;9100000079202;Hrana
INS.KAŠA S-BUDG.ŠUM.VOÆE 5x60g;392987;S-BUDGET;0,3000;kg;1,99;6,63;;;1,99;9100000079240;Hrana
ÈOK.ROLAD.TENDER MILK.WIN.90 g;392988;;0,0900;kg;1,79;19,89;;;2,59;7622202253201;Hrana
INS.KAŠA S-BUDGET JAB.CM.5x60g;392989;S-BUDGET;0,3000;kg;1,99;6,63;;;1,99;9100000079264;Hrana
PIVO MEDVEDGRAD 5X0,5 L;393004;;2,5000;L;10,49;4,20;;;10,49;3859893357916;Piæa
ÈOKO.BOMBONI MILKA XMAS 255 g;393005;;0,2550;kg;;27,41;6,99;7,99;11,49;7622202297274;Hrana
ÈOKO.BOM.OREO MILKA XMAS 245 g;393006;;0,2450;kg;;28,53;6,99;7,99;11,49;7622202297373;Hrana
ÈOK.DJED BOŽIÆ.BIJE.OREO 95 g;393014;;0,0950;kg;;26,21;2,49;2,79;3,99;7622202244599;Hrana
POKLON PAKET MILKA XMAS 99 g;393029;;0,0990;kg;;68,59;6,79;7,29;10,49;7622202278310;Hrana
SPREJ GLADE JABUKA CIMET 300ml;393042;Glade;300,0000;ml;2,79;0,01;;;3,59;5000204416527;Sredstva za èišæenje
SPREJ GLADE KUPINA 300 ml;393043;Glade;300,0000;ml;2,79;0,01;;;3,59;5000204416497;Sredstva za èišæenje
BOM.HARIBO MERRY CHRISTM.250 g;393066;;0,2500;kg;;11,96;2,99;3,49;4,79;4001686805138;Hrana
NAPOLI.ÈOK.S NARAÈ.KRAŠ 250 g;393088;;0,2500;kg;3,65;14,60;;;4,69;3850102016198;Hrana
KEKS DOMAÆI.NARA.S ÈOKO.275 g;393089;;0,2750;kg;3,65;13,27;;;3,65;3850102016419;Hrana
BOMBO.KIKI KARAMELA XMAS 100 g;393091;;0,1000;kg;0,99;9,90;;;1,49;3850102016426;Hrana
ÈOKOLADA KEKS DORINA 160 g;393094;;0,1600;kg;1,99;12,44;;;3,19;3850102016334;Hrana
ÈOKOLADA MLIJEÈNA DORINA 160 g;393101;;0,1600;kg;1,99;12,44;;;3,19;3850102016280;Hrana
ÈOKOLADA DORINA NOISETTE 160 g;393102;;0,1600;kg;1,99;12,44;;;3,19;3850102016297;Hrana
ÈOKOLAD.DORINA SPECULAAS 160 g;393103;;0,1600;kg;1,99;12,44;;;3,19;3850102016358;Hrana
S SALVETE BOŽIÆNE 33x33 ;393104;SPAR marka kvalitete;1,0000;kom;1,49;1,49;;;1,49;9100000078885;Proizvodi za kuæanstvo
TORTILLA L.FIESTA INTEG.245 g;393107;;0,2450;kg;2,39;9,76;;;2,59;5412514935047;Hrana
OSLIÆ BEZ GLAVE EVA 800 g;393113;Eva;0,8000;kg;5,99;7,49;;;5,99;3856020283704;Hrana
ARGEN.OSLIÆ FILETI EVA 385 g;393116;Eva;0,3850;kg;4,99;12,96;;;4,99;3856020283735;Hrana
PANIRA.FILETI OSLIÆA EVA 400 g;393119;Eva;0,4000;kg;5,49;13,73;;;5,49;3856020283827;Hrana
JADRANSKA SRDELA EVA 500 g;393120;Eva;0,5000;kg;4,89;9,78;;;4,89;3856020283889;Hrana
LOSOS FILETI EVA 2x125 g;393121;Eva;0,2500;kg;8,69;34,76;;;8,69;3856020283858;Hrana
KOZICE ARGENTINSKE EVA 250 g;393122;Eva;0,2500;kg;8,99;35,96;;;8,99;3856020283919;Hrana
RIBLJI ŠTAPIÆI PANI. EVA 250 g;393123;Eva;0,2500;kg;4,39;17,56;;;4,39;3856020283940;Hrana
LIGNJA PAT.KO. I KR. EVA 400 g;393124;Eva;0,4000;kg;7,99;19,98;;;7,99;3856020283971;Hrana
PANIRANI KOLUTIÆI EVA 400 g;393128;Eva;0,4000;kg;3,29;8,23;;;3,29;3856020284039;Hrana
AZIJSKI MIX O´PLANT400 g;393131;O´PLANT;0,4000;kg;3,29;8,23;;;3,29;3856020279325;Hrana
ŠUMSKO VOÆE O´PLANT 300 g;393134;O´PLANT;0,3000;kg;3,49;11,63;;;3,49;3856020279387;Hrana
SIR KREM PROTEIN VIVIS 100 g;393135;Vivis;0,1000;kg;1,29;12,90;;;1,29;3850108058918;Hrana
NAMAZ NOCC.LJEŠ.BIJ.ÈOKO.250 g;393143;;0,2500;kg;5,99;23,96;;;5,99;8052575092401;Hrana
NAMAZ LOTUS CRUNCHY 380 g;393153;Lotus;0,3800;kg;5,49;14,45;;;5,49;5410126726947;Hrana
NAMAZ LOTUS CREAMY 400 g ;393163;Lotus;0,4000;kg;5,49;13,73;;;5,49;5410126116953;Hrana
PRŠUT KOCKE DIMMES;393221;Dimmes;1,0000;kg;12,99;12,99;;;12,99;3859894303592;Hrana
BALS.OCAT MONARI CREMA 250 ml;393237;Monari;0,2500;l;4,29;17,16;;;4,99;8003185004421;Hrana
BBQ PILETINA S RIŽOM 330 g;393242;;0,3300;kg;4,99;15,12;;;4,99;5901002501784;Hrana
FUSILLI S UM.BOLOGNESE 330  g;393243;;0,3300;kg;4,99;15,12;;;4,99;5901002500152;Hrana
VINO BABIÆ EGO FJAKA 0,75 L;393244;;0,7500;L;14,99;19,99;;;14,99;3859891991594;Piæa
MEKSIÈ.PILETINA S RIŽOM 380 g;393245;;0,3800;kg;4,99;13,13;;;4,99;5901002501463;Hrana
POK.PAKET ISANA MAGICAL WINTER;393246;ISANA;1,0000;kom;4,89;4,89;;;8,99;4068134124340;Kozmetika
PILET.TIKKA MAS.S RIŽOM 330 g;393247;;0,3300;kg;4,99;15,12;;;4,99;5901002009983;Hrana
VINO POŠIP EGO 0,75 L;393248;;0,7500;L;17,99;23,99;;;17,99;3859891991389;Piæa
POK.PAKET ISANA SET SPA RETRE.;393249;ISANA;1,0000;kom;6,99;6,99;;;9,99;4068134124364;Kozmetika
POK.PAKET ISANA RELAXING ROSE;393250;ISANA;1,0000;kom;6,29;6,29;;;8,99;4068134124388;Kozmetika
POK.PAKET ISANA SET KUGL.ZA KU;393252;ISANA;1,0000;kom;3,49;3,49;;;4,99;4068134124333;Kozmetika
RUM SERUM GOR. 0,7 L + 2 ÈAŠE ;393262;;0,7000;L;34,99;49,99;;;34,99;8595676600446;Piæa
LIKER TERANINO BADEL 0,1 L;393279;;0,1000;L;1,69;16,90;;;1,69;3850112112774;Piæa
KIKIRI.MOGYI S MORS.SOLI 130 g;393292;;0,1300;kg;1,49;11,46;;;1,49;5997347539650;Hrana
SJEM.SUNCOK.PRŽENE SLANE 60 g;393293;;0,0600;kg;0,59;9,83;;;0,59;5997347555568;Hrana
LIKER BAILEYS POPCORN 0,5 L;393295;Baileys;0,5000;L;22,49;44,98;;;23,79;5011013941902;Piæa
BOŽIÆNI KALENDAR WANPY 100 g ;393317;;0,1000;kg;6,49;64,90;;;8,99;6927749811572;Proizvodi za kuæanstvo
DEO SPR.NIVEA MEN DERMA 150 ml;393318;Nivea;0,1500;L;3,99;26,60;;;3,99;4006000166803;Kozmetika
DEO ROLL ON NIVEA DERMA 50 ml;393321;Nivea;0,0500;L;3,99;79,80;;;3,99;4006000175744;Kozmetika
MESNA ŠTRUCA 600 g;393325;;0,6000;kg;5,49;9,15;;;4,99;3858890184938;Hrana
MESNE OKRUGLICE 480 g;393334;;0,4800;kg;4,39;9,15;;;4,39;3858890187434;Hrana
KOLAÈ JAFFA KOCKE 450 g;393364;;0,4500;kg;5,79;12,87;;;5,79;3830056443370;Hrana
DET.FAKS SPORT 2,2 kg;393372;Faks;2,2000;kg;13,49;6,13;;;13,49;3850105188007;Sredstva za èišæenje
KOLAÈ ÈOKO KOCKE 440 g;393373;;0,4400;kg;4,49;10,20;;;4,49;3830056445299;Hrana
REF.EL.AIRWICK 2X19 ml;393377;Airwick;0,0380;l;;178,68;6,79;6,89;8,95;5999109545862;Sredstva za èišæenje
GEL.VANISH HYGIENE 940 ml;393378;Vanish;0,9400;l;7,99;8,50;;;7,99;5999109561374;Sredstva za èišæenje
SRE.VANISH PINK 970 g;393380;Vanish;0,9700;kg;15,49;15,97;;;15,49;5999109562814;Sredstva za èišæenje
PRALINE TOFFIFEE XMAS 375 g;393381;;0,3750;kg;;14,64;5,49;5,99;8,49;4014400902662;Hrana
OME.LENOR COTTON FRES.2X987 ml;393384;Lenor;1,9740;L;8,99;4,55;;;8,99;8700216880985;Sredstva za èišæenje
KOLAÈ SCHWARZWALD KOCKE  450 g;393409;;0,4500;kg;4,99;11,09;;;8,99;3830056445374;Hrana
BEEF JERKY SPAR 40 g;393429;SPAR;0,0400;kg;2,99;74,75;;;2,99;9100000020105;Hrana
POK.PAK.MELEM CRVENI ;393434;Melem;1,0000;kom;19,99;19,99;;;19,99;3856007912788;Kozmetika
SIR GOUDA PREMIUM 200 g;393438;;0,2000;kg;4,79;23,95;;;4,79;8719333002729;Hrana
KOB.CRAFT PIVSKA RAVLIÆ 350 g;393451;Ravliæ;0,3500;kg;4,19;11,97;;;4,19;3858891912523;Hrana
ÈOK.DJED CRISPY BOŽ.M&M´s 29 g;393484;;0,0290;kg;0,99;34,14;;;1,49;5000159566391;Hrana
PRŠUT NAREZAK SPAR 400 g;393493;SPAR Qualitätsmarke;0,4000;kg;9,99;24,98;;;9,99;3856021231827;Hrana
KEKS OREO GINGERBREAD 154 g;393498;;0,1540;kg;1,59;10,32;;;1,99;7622202309076;Hrana
JOGURT ACTIVIA MIX ŽITAR.163 g;393534;Danone;0,1630;kg;1,49;9,14;;;1,49;5941209025638;Hrana
JOG.ACTIVIA MIX JAGODA 163 g;393537;Danone;0,1630;kg;1,49;9,14;;;1,49;5941209025614;Hrana
PRO.PLO.POLLEO PEAN.CARAM.50 g;393551;;0,0500;kg;2,99;59,80;;;2,99;3856026811659;Hrana
ÈOK.KINDER MIX BOX XMASS 102 g;393562;;0,1020;kg;5,49;53,82;;;5,49;8000500448366;Hrana
ÈOK.KINDER LOVE MINI 107 g;393564;;0,1070;kg;;39,16;4,19;5,99;6,99;8000500428672;Hrana
ADV.KALENDA.KINDER BUENO 181 g;393565;;0,1810;kg;;8,23;1,49;2,99;12,99;8000500446706;Hrana
VITAM.C+ZN MULTIV.DIREKT 20/1;393566;Multivita;20,0000;kom;4,59;0,23;;;4,99;3858881249356;Hrana
ADV.KALEND.FERRERO COLLE.259 g;393567;;0,2590;kg;;9,61;2,49;4,99;21,99;8000500429969;Hrana
BUBBLE TEA O´S MANGO BRE.240 g;393568;;0,2400;KG;6,99;29,13;;;6,99;4711256281735;Piæa
BUBBLE TEA O´S JAG.TREŠN.240 g;393569;;0,2400;KG;6,99;29,13;;;6,99;4711256281742;Piæa
EN.PIÆE RED BULL WINTER 0,25 L;393570;Red Bull;0,2500;L;1,69;6,76;;;1,69;90486425;Piæa
GIOTTO FERRERO 43 g;393575;;0,0430;kg;2,19;50,93;;;2,19;8000500319475;Hrana
IZOTONI.PIÆE TWIST LIMUN 0,5 L;393581;;0,5000;L;1,35;2,70;;;1,35;3858887585915;Piæa
KAVA NP BIO LATTE MACC.235 ml;393617;Spar Natur pur;0,2350;L;1,19;5,06;;;1,19;9100000965109;Piæa
ULJE SUNCOKRETOVO SPAR 1 L;393679;SPAR marka kvalitete;1,0000;L;1,59;1,59;;;1,59;3856021231803;Hrana
PRŠUT DALM. SPAR PREMIUM 100 g;393691;SPAR PREMIUM;0,1000;kg;2,99;29,90;;;3,49;3856021229411;Hrana
PAPR.NARAN.PUNJ.SIR.SPAR 140 g;393705;SPAR Qualitätsmarke;0,1000;kg;;27,90;2,79;3,29;3,29;9100000085029;Hrana
PAPR.CHERY PUNJ.SIR.SPAR 140 g;393716;SPAR Qualitätsmarke;0,1000;kg;;27,90;2,79;3,29;3,29;9100000085043;Hrana
ANTIPASTI MIX SPAR 360 g;393727;SPAR Qualitätsmarke;0,3600;kg;;13,86;4,99;5,99;5,99;9100000085081;Hrana
MJEŠ.GRICKALICE CHIO 225 g;393729;;0,2250;kg;;8,84;1,99;2,19;2,19;5996253002852;Hrana
INST.NAP.ANAMA.CHOCO HOO 200 g;393730;Anamarija;0,2000;KG;2,49;12,45;;;2,49;3858881776371;Piæa
VRUÆA ÈOKOLADA FOODNESS 150 g;393731;;0,1500;KG;4,19;27,93;;;4,19;8031848001081;Piæa
KULEN KVRGAVI SPAR 80 g;393732;SPAR;0,0800;kg;1,99;24,88;;;1,99;3856021231780;Hrana
KAPSULE L´OR PROFONDO 52 g;393739;;0,0520;KG;6,59;126,73;;;6,99;8711000360569;Piæa
KAPSULE L´OR RISTRETTO 52 g;393741;;0,0520;KG;6,59;126,73;;;6,59;8711000891643;Piæa
KRUH SPAR PŠENIÈNI MIJEŠ.500g;393746;SPAR marka kvalitete;0,5000;kg;1,69;3,38;;;1,69;9100000068749;Hrana
ÈAJ PODRAVKA ÈAR.VINOGRAD 50 g;393751;Podravka;0,0500;KG;2,39;47,80;;;2,39;3838700393446;Piæa
ÈAJ PODRAVKA OÈAR.VOÆNJAK 50 g;393753;Podravka;0,0500;KG;2,39;47,80;;;2,39;3838700393439;Piæa
ÈAJ PODRAVKA PRIMORSKI RA.50 g;393754;Podravka;0,0500;KG;2,39;47,80;;;2,39;3838700393415;Piæa
DES.MOUSS.ÈOKO.SPAR PREM.320 g;393772;SPAR PREMIUM;0,3200;kg;;12,47;3,99;4,49;4,49;9100000092645;Hrana
PATRONE WILKINSON HYDRO3 4/1;393773;Wilkinson;4,0000;kom;9,99;2,50;;;9,99;4027800373406;Kozmetika
BRI.WILKIN.HYDRO3+1PATRONA ;393774;Wilkinson;1,0000;kom;7,49;7,49;;;7,49;4027800373307;Kozmetika
FILET MSC ALJAŠ.KOLJE SB 950 g;393785;S-Budget;0,9500;kg;7,49;7,88;;;7,49;3856021230264;Hrana
GEL TUŠ.PALMOL.MEN REFR 750 ml;393810;Palmolive;0,7500;l;6,19;8,25;;;6,19;8693495030243;Kozmetika
POKLON PAKET ZIGANTE ;393826;Zigante Tartufi;0,1850;kg;14,99;81,03;;;14,99;3858891984063;Hrana
PRALINE CHRISTMAS LANTER.100 g;393829;;0,1000;kg;;34,90;3,49;4,99;5,99;5905194002272;Hrana
MASLAC KIKIRIKI GLATKI 290 g;393832;;0,2900;kg;4,19;14,45;;;4,19;5201044011440;Hrana
MASLAC KIKIRIKI HRSKAVI 290 g;393837;;0,2900;kg;4,19;14,45;;;4,19;5201044012089;Hrana
ŠTRUDLE LASTA ÈOKO-NARAN.200 g;393841;;0,2000;kg;2,29;11,45;;;2,99;3870128041493;Hrana
JELO U ZDJELI SWEET&SOUR 240 g;393842;;0,2400;kg;4,99;20,79;;;4,99;5020580561611;Hrana
JELO U ZDJELI SPICY 240 g;393843;;0,2400;kg;4,99;20,79;;;4,99;5020580561598;Hrana
VAFEL LASTA ÈOKOLADA 200 g;393848;;0,2000;kg;2,39;11,95;;;2,39;3870128039568;Hrana
JELO U ZDJELI TERIYAKI 240 g;393851;;0,2400;kg;4,99;20,79;;;4,99;5020580561574;Hrana
JELO U ZDJELI GOCHUJANG 240 g;393853;;0,2400;kg;4,99;20,79;;;4,99;5020580561635;Hrana
KEKS RONDINI LIMUN-MAK 200 g;393854;;0,2000;kg;1,99;9,95;;;1,99;3870128041554;Hrana
KEKS RONDINI BIJELI LJEŠ.200 g;393855;;0,2000;kg;1,99;9,95;;;1,99;3870128041523;Hrana
ADVENT. KALENDAR NUTELLA 528 g;393857;Nutella;0,5280;kg;;18,92;9,99;25,99;34,99;8000500408797;Hrana
PASTA BOURBON VANILIJA 50 g;393878;Kotanyi;0,0500;kg;4,99;99,80;;;4,99;9001414422717;Hrana
PILEÆI MIKS ZA JUHU S BUDGET;393882;S-BUDGET;1,0000;kg;1,99;1,99;;;1,99;3856021232015;Hrana
ŠKROB GUSSNEL DOLCELA 450 g;393890;Dolcela;0,4500;kg;2,99;6,64;;;2,99;3856020283100;Hrana
KOL.MUFFIN.KAKAO DOLCELA 300 g;393900;Dolcela;0,3000;kg;2,99;9,97;;;2,99;3856020282882;Hrana
KOL.MUFF.CLASSIC DOLCELA 300 g;393907;Dolcela;0,3000;kg;2,99;9,97;;;2,99;3856020282851;Hrana
KOL.MUFFIN.CIMET DOLCELA 300 g;393911;Dolcela;0,3000;kg;4,19;13,97;;;4,19;3856020282769;Hrana
VAFE.LOACKER BEST OF MOM.400 g;393912;;0,4000;kg;10,99;27,48;;;17,99;8000380216130;Hrana
KOLAÈ CHURROS DOLCELA 350 g;393921;Dolcela;0,3500;kg;4,19;11,97;;;4,19;3856020282820;Hrana
VAF.LOACKER MINIS WIN.MI.120 g;393927;;0,1200;kg;;19,92;2,39;2,65;3,99;8000380214389;Hrana
VAF.LOACKER BOŽIÆNO DRVO 138 g;393928;;0,1380;kg;4,99;36,16;;;8,99;8000380218479;Hrana
MJEŠAVINA ZA PALAÈINKE 540 g;393947;SPAR;0,5400;kg;1,99;3,69;;;1,99;9100000077956;Hrana
MJEŠAVINA ZA COOKIES 350 g;393957;SPAR;0,3500;kg;2,49;7,11;;;2,49;9100000082974;Hrana
TOAL.PAP.ZEWA ULTRA SOFT 16/1;393985;Zewa;16,0000;kom;8,99;0,56;;;8,99;7322541188812;Toaletne potrepštine
ÈAJNA KOB.PODRAVKA XXXL 450 g;393996;Podravka;0,4500;kg;8,99;19,98;;;12,99;3856020281199;Hrana
ZIMSKA KOB.PODRAVKA XXXL 450 g;393999;Podravka;0,4500;kg;8,99;19,98;;;12,99;3856020281168;Hrana
SPREJ AMBI PUR 185 ml;394012;Ambi Pur;1,0000;kom;;3,99;3,99;5,69;5,69;8700216552240;Sredstva za èišæenje
OSV.GEL AMBI PUR 24ml;394013;Ambi Pur;1,0000;kom;;7,99;7,99;11,49;11,49;8006530029650;Sredstva za èišæenje
S SALVETE BOŽ SALVE 33x33 cm;394015;SPAR marka kvalitete;1,0000;kom;1,39;1,39;;;1,49;9100000090290;Proizvodi za kuæanstvo
S SALVETE BOŽ SALVE 33x33 cm;394017;SPAR marka kvalitete;1,0000;kom;1,39;1,39;;;1,49;9100000090351;Proizvodi za kuæanstvo
S SALVETE BOŽ SALVE 24x24 cm;394018;SPAR marka kvalitete;1,0000;kom;1,29;1,29;;;1,39;9100000090191;Proizvodi za kuæanstvo
S SALVETE BOŽ SALVE 24x24 cm;394019;SPAR marka kvalitete;1,0000;kom;1,29;1,29;;;1,39;9100000090214;Proizvodi za kuæanstvo
S SALVETE BOŽ SALVE 24x24 cm;394020;SPAR marka kvalitete;1,0000;kom;1,29;1,29;;;1,39;9100000090252;Proizvodi za kuæanstvo
MED BAGREM MELBI 700 g;394021;Melbi;0,7000;kg;11,99;17,13;;;11,99;3859891216970;Hrana
ÈOKO.ZA KUHANJE MLIJEÈNA 150 g;394022;Dr. Oetker;0,1500;kg;2,99;19,93;;;2,99;8606015718415;Hrana
ÈOKO.ZA KUHANJE TAMNA 150 g;394023;Dr. Oetker;0,1500;kg;2,99;19,93;;;2,99;8606015718392;Hrana
S SALVETE BOŽ SALVE 24x24 cm;394024;SPAR marka kvalitete;1,0000;kom;1,29;1,29;;;1,39;9100000090276;Proizvodi za kuæanstvo
S SALVETE BOŽ SALVE 24x24 cm;394025;SPAR marka kvalitete;1,0000;kom;0,99;0,99;;;0,99;9100000090108;Proizvodi za kuæanstvo
VODKA SAVAGE RABBIT 0,7 L ;394027;;0,7000;L;13,99;19,99;;;13,99;8586019222937;Piæa
S SALVETE BOŽ SALVE 24x24 cm;394028;SPAR marka kvalitete;1,0000;kom;0,99;0,99;;;0,99;9100000090146;Proizvodi za kuæanstvo
S SALVETE BOŽ SALVE 24x24 cm;394029;SPAR marka kvalitete;1,0000;kom;0,99;0,99;;;0,99;9100000090177;Proizvodi za kuæanstvo
S SALVETE BOŽ SALVE SILUETE;394030;SPAR marka kvalitete;1,0000;kom;3,99;3,99;;;3,99;9100000090030;Proizvodi za kuæanstvo
S SALVETE BOŽ SALVE SILUETE;394032;SPAR marka kvalitete;1,0000;kom;3,99;3,99;;;3,99;9100000090061;Proizvodi za kuæanstvo
S SALVETE BOŽ SALVE SILUETE;394035;SPAR marka kvalitete;1,0000;kom;3,99;3,99;;;3,99;9100000090085;Proizvodi za kuæanstvo
PAKET ISTAR.PRIÈA MINI HISTRIS;394036;Histris;1,0000;kom;29,99;29,99;;;29,99;3859893167232;Hrana
PAŠT.OD PASTRVE GAVRILOV.100 g;394039;Gavrilovic;0,1000;kg;2,99;29,90;;;2,99;3858892728451;Hrana
PRALINE BACI MLIJE.ÈOKOL.154 g;394044;;0,1540;kg;6,89;44,74;;;6,89;8000300437935;Hrana
PRALINE BACI TAMNA ÈOKOL.154 g;394045;;0,1540;kg;6,89;44,74;;;6,89;8000300432718;Hrana
KAVA PROTEIN SHOT ZOT.4X100 ml;394047;Zott;0,4000;L;2,99;7,48;;;2,99;40145372;Piæa
JOG.MASCARPONE JOGO.ZOTT 150 g;394048;Zott;0,1500;kg;0,89;5,93;;;0,89;4014500521855;Hrana
Šunka blagdanska Gavriloviæ;394056;Gavrilovic;1,0000;kg;13,99;13,99;;;16,99;3858892728581;Hrana
KEKS BAIOCCHI PISTACCHIO 240 g;394101;;0,2400;kg;;12,04;2,89;4,19;4,19;8076809583039;Hrana
KEKS GRANCE.PRO.SMOK.BAD.250 g;394103;;0,2500;kg;3,49;13,96;;;3,49;8076809586573;Hrana
ZAÈIN LUK GRANULE 22 g ;394106;Vegeta;0,0220;kg;0,99;45,00;;;0,99;3856020283407;Hrana
JUHA OD RAJÈICE O´PLANT 420 g;394116;O´PLANT;0,4200;kg;1,99;4,74;;;1,99;3856020283612;Hrana
JUHA OD RAJÈICE PIKANT 420 g;394118;O´PLANT;0,4200;kg;1,99;4,74;;;1,99;3856020283582;Hrana
JUHA OD RAJÈICE I LEÆE 420 g;394119;O´PLANT;0,4200;kg;1,99;4,74;;;1,99;3856020283551;Hrana
NAPITAK NATUR PUR KOKOS 1 L;394120;SPAR Natur*pur;1,0000;l;2,49;2,49;;;2,49;9100000069050;Piæa
NAPITAK S-BUDGET ZOB 1 L;394121;S-Budget;1,0000;l;1,69;1,69;;;1,69;9100000075570;Piæa
TUNA DESPAR MASL.ULJE 2X160 g;394130;Despar;0,2080;kg;5,19;24,95;;;5,19;9100000084695;Hrana
LOKARDA S-B FIL.SUN.ULJE 125 g;394134;S-Budget;0,0900;kg;1,49;16,56;;;1,49;9100000126203;Hrana
LOKARDA S-B FILET RAJÈ.125 g;394142;S-Budget;0,0800;kg;1,59;19,88;;;1,69;9100000126227;Hrana
NAP.MLIJ.KAV.Z´BREGOV 0,235 L;394145;Vindija;0,2350;L;1,39;5,91;;;1,39;3850108021066;Piæa
NAP.SHAKE ÈOK.Z BREGOV 0,235 L;394153;Vindija;0,2350;l;1,29;5,49;;;1,35;3850108035438;Piæa
NAP.VAN.SHAKE Z´BREGOV 0,235 L;394171;Vindija;0,2350;l;1,29;5,49;;;1,35;3850108035445;Piæa
NAP.PROT.NOUGA.Z BREGOV 0,3 L;394172;Z Bregov;0,3000;l;1,79;5,97;;;1,79;3850108023756;Hrana
NAP.PROTEIN KOKOS Z BREG.0,3 L;394173;Vindija;0,3000;l;1,79;5,97;;;1,79;3850108023749;Hrana
NAP.PROTEIN ÈOKO.Z BREG.0,3 L;394174;Vindija;0,3000;l;1,79;5,97;;;1,79;3850108023763;Hrana
NAP.PROT.ICE-CREA.Z BREG.0,3 L;394175;Vindija;0,3000;l;1,79;5,97;;;1,79;3850108023978;Hrana
NAP.PROT.PISTACIA Z BREG.0,3 L;394177;;0,3000;l;1,79;5,97;;;1,79;3850108023985;Hrana
JUHA KREM ŠAMPINJON.MAGGI 57 g;394180;Maggi;0,0570;kg;1,39;24,39;;;1,39;7613035151185;Hrana
JUHA S M.GR.OKRUG.MAGGI 34 g  ;394181;Maggi;0,0340;kg;1,39;40,88;;;1,39;8585002442857;Hrana
JUHA MINESTRONE MAGGI 55 g;394182;Maggi;0,0550;kg;1,39;25,27;;;1,39;8445291602205;Hrana
KUTIJA DOBRIH OKUSA;394183;Dobro;1,0000;kom;32,99;32,99;;;32,99;3850133817337;Hrana
WHISKEY GRACE OM.INDEP. 0,7 L ;394184;;0,7000;L;19,99;28,56;;;19,99;5391534151623;Piæa
NOODLE SWEET&SOUR MAGGI 92,5 g;394186;Maggi;0,0925;kg;2,19;23,68;;;2,19;8445292096522;Hrana
NOODLE PAD THAI MAGGI 92,5 g;394187;Maggi;0,0925;kg;2,19;23,68;;;2,19;8445292096324;Hrana
NOODLE TERIYAKI MAGGI 92,5 g;394189;Maggi;0,0925;kg;2,19;23,68;;;2,19;8445292097482;Hrana
NOODLE TERIYAKI FINI MINI 75 g;394190;Fini Mini;0,0750;kg;0,69;9,20;;;0,69;3856020283315;Hrana
NOOD.SPICY BEEF FINI MINI 71 g;394191;Fini Mini;0,0710;kg;0,69;9,72;;;0,69;3856020282912;Hrana
NOOD.SPIC.BEEF FINI MINI 355 g;394192;Fini Mini;0,3550;kg;1,99;5,61;;;1,99;3856020284183;Hrana
NOOD.SIMPLY CHICKEN 355 g;394193;Fini Mini;0,3550;kg;1,99;5,61;;;1,99;3856020284213;Hrana
TJES.REZANCI.ŠIROKI DOM. 400 g;394194;;0,4000;kg;2,39;5,98;;;2,39;3859894191304;Hrana
ZUB.P.ORAL B CLINIC RADI.75 ml;394199;Oral B;0,7500;kom;7,49;9,99;;;7,49;8700216922838;Kozmetika
ZUB.P.ORAL B CLINIC BRIG.75 ml;394200;Oral B;0,7500;kom;7,49;9,99;;;7,49;8700216922807;Kozmetika
ZUB.P.ORAL B LUX PERFECT 75 ml;394201;Oral B;0,7500;kom;5,30;7,07;;;5,30;8700216922739;Kozmetika
ZUB.P.ORAL B LUX PERFECT 75 ml;394202;Oral B;0,7500;kom;5,30;7,07;;;5,30;8700216922784;Kozmetika
SAPUN L´ANGELICA VULCANO 100 g;394203;L'Angelica;0,1000;kg;0,99;9,90;;;0,99;8017331107805;Kozmetika
ADV.KALENDAR PROTEINI.SI 192 g;394204;Proteini.si;0,1920;kom;7,99;41,61;;;11,99;3830088750668;Hrana
BAKALAR SUŠ.PREŠAN.200 g-400 g;394206;;1,0000;kg;47,99;47,99;;;49,99;;Hrana
KUPKA FELCE A.CRNA ORHI 650 ml;394207;Felce Azzurra;0,6500;L;3,99;6,14;;;3,99;8001280068089;Kozmetika
KUPKA FELCE A.VAN.I EBA 650 ml;394220;Felce Azzurra;0,6500;L;3,99;6,14;;;3,99;8001280068102;Kozmetika
SOUS VIDE PILEÆA KRILA 600 g;394223;;0,6000;kg;5,99;9,98;;;6,99;3858892928295;Hrana
GEL AFRODITA BEU.ZA ÈI  125 ml;394227;Afrodita;0,1250;l;5,99;47,92;;;5,99;3831070663911;Kozmetika
PJE.AFRODITA BEUT.ZA È 150 ml ;394228;Afrodita;0,1500;l;9,49;63,27;;;9,49;3831070663928;Kozmetika
TONIK AFRODITA BEAUT.100 ml;394229;Afrodita;0,1000;l;5,99;59,90;;;5,99;3831070663935;Kozmetika
KAPI AFRODITA BEU.ZA SJA.25 ml;394230;Afrodita;0,0250;l;14,99;599,60;;;14,99;3831070663942;Kozmetika
SERUM AFRODITA SUPERHID.30 ml;394231;Afrodita;0,0300;l;14,99;499,67;;;14,99;3831070663959;Kozmetika
KREMA AFRODITA HID.AQUA   50 m;394232;Afrodita;0,0500;l;9,49;189,80;;;9,49;3831070663966;Kozmetika
Pašteta s gušèjom i pil.jetrom;394235;;1,0000;kg;;18,19;18,19;25,99;25,99;5413546348270;Hrana
ÈOK.PRO.SNA.LJEŠNJAK SPEC.70 g;394239;;0,0700;kg;5,49;78,43;;;5,49;5201044012683;Hrana
ÈOK.PROTE.SNAC.BADE.NARAN.70 g;394246;;0,0700;kg;5,49;78,43;;;5,49;5201044012690;Hrana
ÈOK.PROTE.SNAC.KIKIK.LIMU.70 g;394249;;0,0700;kg;5,49;78,43;;;5,49;5201044012676;Hrana
TIJESTO LISNATO LEDO 450 g;394250;Ledo;0,4500;kg;2,49;5,53;;;2,49;3850116068855;Hrana
MASKA PANTENE MOIST 300 ml;394263;Pantene;0,3000;l;4,99;16,63;;;4,99;8700216938761;Kozmetika
ŠAMP.PANTENE MOIST. 400 ml;394264;Pantene;0,4000;l;4,49;11,23;;;4,49;8700216938808;Kozmetika
REG.PANTENE MOIST. 275 ml;394265;Pantene;0,2750;l;5,39;19,60;;;5,39;8700216938839;Kozmetika
MASKA PANTENE HYDR.3MM  220 ml;394266;Pantene;0,2200;l;4,69;21,32;;;4,69;8700216938860;Kozmetika
MASKA PANTENE MOI H&GLO 135 ml;394267;Pantene;0,1350;l;6,49;48,07;;;6,49;8006530007740;Kozmetika
ZUB.P.COLGATE SHINE DIMA.75 ml;394268;Colgate;0,0750;l;3,19;42,53;;;3,19;8718951688001;Kozmetika
ZUB.P.COLGATE EXP.PURYF. 75 ml;394269;Colgate;0,7500;l;5,89;7,85;;;5,89;8718951720527;Kozmetika
ŠAMP.H&S CLARIFYING 800ml;394276;Head&Shoulders;0,8000;l;;11,24;8,99;9,95;9,95;8700216658614;Kozmetika
ŠAMPON H&S CLARYFING 400 ml ;394277;Head&Shoulders;0,4000;l;6,19;15,48;;;6,19;8700216658461;Kozmetika
ŠAMP.H&S CLASSIC CL. 500 ml;394279;Head&Shoulders;0,5000;l;6,59;13,18;;;6,59;8700216157933;Kozmetika
ŠAMP.H&S SA OLD.SP BULK 800ml;394280;Head&Shoulders;0,8000;l;;11,24;8,99;9,95;9,95;8700216658317;Kozmetika
VOD.CURAPROX P. PL.ZERO 200 ml;394281;Curaprox;0,2000;L;12,49;62,45;;;12,49;7612412431957;Kozmetika
MELEM ZA USNE CHERRY 4,5 g ;394282;Melem;1,0000;kom;3,99;3,99;;;3,99;3856007913020;Kozmetika
MELEM ZA USNE MIRACLE 4,5 g;394283;Melem;1,0000;kom;3,89;3,89;;;3,89;3856007913037;Kozmetika
LOSION MELEM MIRACL. 200 ml;394285;Melem;0,2000;L;5,49;27,45;;;5,49;3856007913143;Kozmetika
KREMA MELEM  ZA RUKE MIR 50 ml;394286;Melem;0,0500;l;3,60;72,00;;;3,60;3856007912467;Kozmetika
GEL MELEM ZA TUŠ.GLYC 260 ml;394287;Melem;0,2600;L;3,49;13,42;;;3,49;3856007912856;Kozmetika
GEL MELEM ZA TUŠ.UREA  260 ml;394288;Melem;0,2600;L;3,49;13,42;;;3,49;3856007912863;Kozmetika
ROLL ON MELEM SEAWOLF 50 ml;394290;Melem;0,0500;L;3,99;79,80;;;3,99;3856007912405;Kozmetika
ROLL ON MELEM SPEEDMAST. 50 ml;394291;;0,0500;L;3,99;79,80;;;3,99;3856007912429;Kozmetika
ROLL ON MELEM SPACEMAN 50 ml;394292;Melem;0,0500;L;3,99;79,80;;;3,99;3856007912412;Kozmetika
VRHNJE KIS.24%M.M.ZBREG.900 g;394294;Vindija;0,9000;kg;;4,43;3,99;4,49;4,49;3850108036381;Hrana
NAMAZ OMEGOL IMUNO ZVIJ. 225 g;394301;Omegol;0,2250;kg;1,99;8,84;;;1,99;3856015333001;Hrana
NAMAZ OD ÈVARAKA 100 g;394309;DR.PIGLEY;0,1000;kg;2,79;27,90;;;2,79;3859894364272;Hrana
KAP.WEISSER RIESE 80/1;394312;Weisser Riese;80,0000;kom;23,99;0,30;;;23,99;4015200036014;Sredstva za èišæenje
KAPSULE SOMAT EXCELLENCE 70/1;394313;Somat;70,0000;kom;27,99;0,40;;;15,99;9000101832044;Sredstva za èišæenje
POK.PAK.ADIDAS FULL RECHARGE ;394314;Adidas;1,0000;kom;19,99;19,99;;;19,99;3616306695726;Kozmetika
Sir trapist Zdenka Potkova ;394321;Sirela;1,0000;kg;9,99;9,99;;;9,99;3858888599126;Hrana
KAVA STAR.WHITE CHOCOLA.220 ml;394332;Starbucks;0,2200;L;2,59;11,77;;;2,59;5711953109997;Piæa
BAZA GLADE JABUKA CIMET 269 ml;394334;Glade;0,2690;L;10,99;40,86;;;10,99;5000204413823;Sredstva za èišæenje
PJ.CODE BLACK 639 GALIÆ 0,75 L;394336;;0,7500;L;24,99;33,32;;;24,99;3859891991211;Piæa
ÈIPS LAYS SIR I BRUSNICA 130 g;394345;;0,1300;kg;1,99;15,31;;;2,29;5900259140227;Hrana
ÈIPS LAY´S JAB.I KARAMEL.130 g;394346;;0,1300;kg;1,99;15,31;;;2,29;5900259140203;Hrana
Kruh craft zlatni 400 g;394350;Pekara SPAR;0,4000;kg;1,79;4,48;;;1,79;1300;Hrana
KRUH FRESCO  460 g;394355;;0,4600;kg;1,99;4,33;;;2,19;8412600062869;Hrana
LIKER PELINKOVA.HERITAGE 0,7 L;394373;;0,7000;L;16,99;24,27;;;16,99;3850158406905;Piæa
LIKER MOZART JAGODA 0,5 L;394374;;0,5000;L;18,99;37,98;;;18,99;9013100003490;Piæa
LIKER PARTY ÈOKOLADA 0,5 L;394375;;0,5000;L;7,69;15,38;;;7,69;8586019223880;Piæa
SMRZNUT.DESERT LIMUN ASIA 75 g;394377;;0,0750;kg;2,99;39,87;;;2,99;4028855012890;Hrana
VINO ORIMOS GR.RE.ROUGE 0,75 L;394378;;0,7500;L;10,49;13,99;;;10,49;3352260228708;Piæa
SMRZN.DESERT BRESKVA ASIA 75 g;394379;;0,0750;kg;2,99;39,87;;;2,99;4028855012913;Hrana
KOLAÈ KARAMELA  750 g;394380;;0,7500;kg;7,99;10,65;;;7,99;8002734102687;Hrana
LIKER OD RUŽE BOGATI 1 L;394381;;1,0000;L;14,49;14,49;;;14,49;3859889132206;Piæa
PROSECCO DE STEFANI 0,75 L;394382;;0,7500;L;18,99;25,32;;;18,99;8033389834111;Piæa
RAKIJA VILJAMOVKA DANA 0,7 L;394383;;0,7000;L;18,99;27,13;;;18,99;3830000162364;Piæa
WHISKEY SKREWBALL 0,7 L;394386;;0,7000;L;23,99;34,27;;;23,99;0860008141224;Piæa
KOLAÈ  MINJON MIX 600 g;394389;;0,6000;kg;;16,65;9,99;13,99;13,99;3859894444011;Hrana
FLIPS BOBI 4x90 g;394398;;0,3600;kg;;6,92;2,49;2,99;2,99;3858891166438;Hrana
SANGRIA LA FIESTA 1,5 L;394418;;1,5000;L;3,49;2,33;;;3,49;5998693584127;Piæa
TP.ZEWA JUST 5 SL.12/1;394419;Zewa;12,0000;KOM;9,99;0,83;;;11,99;7322542591499;Toaletne potrepštine
KIKIRIKI PRŽENI SLANI 700 g;394420;;0,7000;kg;2,49;3,56;;;2,49;3872084016720;Hrana
INDIJSKI ORAH SIROVI 500 g;394421;;0,5000;kg;5,29;10,58;;;5,29;3872084015310;Hrana
KIKI.U LJUSC.SUHO PRŽENI 600 g;394422;;0,6000;kg;1,99;3,32;;;1,99;3872084016706;Hrana
EN.PIÆE HELL CANDY CANE 0,25 L;394424;Hell;0,2500;L;1,09;4,36;;;1,09;5999571057276;Piæa
KAP.FRANCK NOTA LATTE MA.194 g;394435;Franck;0,1940;kg;5,99;30,88;;;5,99;3850291056265;Piæa
KAP.FRANCK NAOTA CAPPUCC.184 g;394436;Franck;0,1840;KG;5,99;32,55;;;5,99;3850291056272;Piæa
KAPSU.BARCAFFE PISTACHIO 140 g;394438;Barcaffe;0,1400;KG;;25,64;3,59;4,49;4,49;3838471058384;Piæa
INS.KAVA ANAMARIA 3U1 ST.180 g;394444;Anamarija;0,1800;KG;2,39;13,28;;;2,39;3858881776333;Piæa
INST.KAVA ANAM.MACCH.3U1 150 g;394445;Anamarija;0,1500;KG;2,39;15,93;;;2,39;3858881776319;Piæa
ODÈ.ODVODA WC NET 2X1 L;394446;Wc Net;2,0000;L;5,99;3,00;;;5,99;3858893904731;Sredstva za èišæenje
KRAFNE KAKAO BEZ GLUTENA 111 g;394450;;0,1110;kg;3,99;35,95;;;3,99;8019980032743;Hrana
KRAFNE PISTAC.BEZ GLUT.111 g;394451;;0,1110;kg;3,99;35,95;;;3,99;8019980032774;Hrana
KEKS DIGESTIVE ORIGIN.BŠ.133 g;394452;Digestive;0,1330;kg;1,59;11,95;;;1,59;5941664011719;Hrana
KEKS DIGESTIVE DARK BŠ.150 g;394453;Digestive;0,1500;kg;3,49;23,27;;;3,49;5941664011726;Hrana
BAGUETTE SCHNIT.RUST.B.G.200 g;394457;;0,2000;kg;3,49;17,45;;;3,49;4022993047035;Hrana
LIKER CHAMBORD 0,7 L;394458;;0,7000;L;;32,84;22,99;49,99;49,99;8004027034491;Piæa
RAKIJA ŠLJIVOVICA WG 0,7 L;394469;;0,7000;L;29,99;42,84;;;29,99;3857500119018;Piæa
LIKER TERANINO WG 0,7 L;394470;;0,7000;L;20,99;29,99;;;20,99;3859894138286;Piæa
LIKER PELINKOVA.GINKO WG 0,7 L;394471;;0,7000;L;16,99;24,27;;;16,99;3859894138644;Piæa
TRAVARICA WISE GRUSE 0,7 L;394472;;0,7000;L;15,99;22,84;;;15,99;3859894138279;Piæa
LIKER PELINKOVAC WS 0,7 L;394473;;0,7000;L;15,99;22,84;;;15,99;3859894138309;Piæa
SENF JUTRO 250 g KRIGLA;394507;;0,2500;kg;2,69;10,76;;;2,69;4025891136153;Hrana
SIR KREM ABC WINTER 4X100 g ;394510;;0,4000;kg;4,99;12,48;;;4,99;3850257061999;Hrana
ZAÈ.PRŽENI LUK KOTANYI 50 g;394511;Kotanyi;0,0500;kg;1,89;37,80;;;1,89;9001414204788;Hrana
SOK HPP ZIMSKI SAN 0,33 L;394512;;0,3300;L;3,79;11,48;;;3,79;3856024043809;Hrana
SVJEŽA KOBASICA MAP;394515;;1,0000;KG;6,99;6,99;;;6,99;3858891912844;Hrana
Brancin 1000-1500 g;394532;;1,0000;kg;;17,99;17,99;19,99;19,99;93859892725016;Hrana
ŽLICA ZA OBUÆU 60 cm;394533;;1,0000;kom;1,99;1,99;;;1,99;3831115332888;Proizvodi za kuæanstvo
KOLAÈ BABKA KAKAO 300 g;394536;;0,3000;kg;;13,30;3,99;5,99;5,99;3858885860199;Hrana
KOLAÈ BABKA CIMET 300 g;394541;;0,3000;kg;;13,30;3,99;5,99;5,99;3858885860205;Hrana
KOLAÈ BABKA ORAH 300 g;394542;;0,3000;kg;;13,30;3,99;5,99;5,99;3858885860212;Hrana
KOLAÈ BABKA KOKOS 300 g;394543;;0,3000;kg;;13,30;3,99;5,99;5,99;3858885860229;Hrana
WAFEL  250 g;394551;;0,2500;kg;1,99;7,96;;;1,99;4101540708763;Hrana
TELEÆI ODREZAK OD BUTA 400 g;394578;;0,4000;kg;8,99;22,48;;;8,99;3859894430281;Hrana
DODATAK JELIMA S-BUDGET 1000 g;394597;S-Budget;1,0000;kg;2,49;2,49;;;2,49;3856021231544;Hrana
ÈIPS LAY´S GRILL.BURGER 120 g;394627;;0,1200;kg;;16,58;1,99;2,29;2,29;5900259139597;Hrana
RIBLJI ŠTAP.PEREC LEDO 364 g ;394659;Ledo;0,3640;kg;5,49;15,08;;;5,49;3850116067742;Hrana
PAN. RIB.100% FILET LEDO 250 g;394663;Ledo;0,2500;kg;3,99;15,96;;;3,99;3850116067773;Hrana
ROLANO MARINIRANO CARSKO;394709;;1,0000;kg;;5,99;5,99;6,99;6,99;3858881612853;Hrana
MAST SVINJSKA 1 kg;394756;;1,0000;kg;2,09;2,09;;;2,09;3859894303660;Hrana
