"NAZIV_PROIZVODA";"ŠIFRA_PROIZVODA";"MARKA_PROIZVODA";"NETO_KOLIÈINA";"JEDINICA_MJERE";"MALOPROD.CIJENA(EUR)";"CIJENA_ZA_JEDINICU_MJERE";"MPC_POSEB.OBLIK_PROD";"POSEB.OBLIK_PROD__ZA_JEDINICU_MJERE";"NAJNIŽA_MPC_U_30DANA";"SIDRENA_CIJENA";"BARKOD";"KATEGORIJA_PROIZVODA"
"*ARANCINI MARGHERITA 100g";"910161001";"NO BRAND";"0,1";"KG";"1,29";"12,9";"0";"0";"0";"1,29";"";"HRANA"
"*ASIAGO TVRDI KRAVLJI SIR 1/2";"008690001";"NO BRAND";"1";"KG";"19,9";"19,9";"0";"0";"0";"19,9";"";"HRANA"
"*BAKALAR NA BIJELO";"910149601";"NO BRAND";"1";"KG";"31,9";"31,9";"0";"0";"0";"28,9";"";"HRANA"
"*BEÈKA KOBASICA";"910065401";"NO BRAND";"1";"KG";"9,9";"9,9";"0";"0";"0";"11,9";"";"HRANA"
"*BRIE SIR";"009620501";"NO BRAND";"1";"KG";"14,9";"14,9";"0";"0";"0";"19,9";"";"HRANA"
"*BURGUNDSKA ŠUNKA";"910210001";"NO BRAND";"1";"KG";"14,9";"14,9";"9,9";"9,9";"14,9";"14,9";"";"HRANA"
"*BUÐOLA 1/2 VP";"910208801";"NO BRAND";"1";"KG";"21,9";"21,9";"0";"0";"0";"21,9";"";"HRANA"
"*CACIOTTA KRAVLJI SIR CHILI PAPRIKA";"012503701";"NO BRAND";"1";"KG";"22,9";"22,9";"0";"0";"0";"22,9";"";"HRANA"
"*CACIOTTA KRAVLJI SIR S MASLINAMA";"012503801";"NO BRAND";"1";"KG";"22,9";"22,9";"0";"0";"0";"22,9";"";"HRANA"
"*CARSKI MIX POVRÆE";"910172601";"NO BRAND";"1";"KG";"4,9";"4,9";"0";"0";"0";"4,9";"";"HRANA"
"*CARSKO MESO PEÈENO";"910074301";"NO BRAND";"1";"KG";"8,61";"8,61";"0";"0";"0";"8,61";"";"HRANA"
"*CIKLA SALATA";"910110201";"NO BRAND";"1";"KG";"6,62";"6,62";"0";"0";"0";"6,62";"";"HRANA"
"*CRNE MASLINE PEÈENE SUHE";"014695201";"NO BRAND";"1";"KG";"11,9";"11,9";"0";"0";"0";"11,9";"";"HRANA"
"*CRNE MASLINE U SALAMURI";"014694301";"NO BRAND";"1";"KG";"12,9";"12,9";"0";"0";"0";"12,9";"";"HRANA"
"*CRVENA PEÈENA PAPRIKA";"910110301";"NO BRAND";"1";"KG";"9,28";"9,28";"0";"0";"0";"9,28";"";"HRANA"
"*CRVENA PEÈENA PAPRIKA S VRHNJEM";"910117801";"NO BRAND";"1";"KG";"9,94";"9,94";"0";"0";"0";"9,94";"";"HRANA"
"*DALMATINSKA BUÐOLA";"910144401";"NO BRAND";"1";"KG";"23,9";"23,9";"0";"0";"0";"22,9";"";"HRANA"
"*DALMATINSKA PANCETA";"910144301";"NO BRAND";"1";"KG";"20,9";"20,9";"0";"0";"0";"18,9";"";"HRANA"
"*DALMATINSKA PEÈENICA";"910150401";"NO BRAND";"1";"KG";"20,5";"20,5";"0";"0";"0";"21,9";"";"HRANA"
"*DELIKATES KUHANA ŠUNKA IZ KOM.BUTA";"910139801";"NO BRAND";"1";"KG";"10,9";"10,9";"0";"0";"0";"10,9";"";"HRANA"
"*DIMLJENA KRAÈICA";"910181901";"NO BRAND";"1";"KG";"5,9";"5,9";"0";"0";"0";"5,79";"";"HRANA"
"*DIMLJENA KUHANA ŠUNKA IZ KOM.BUTA";"910000701";"NO BRAND";"1";"KG";"14,9";"14,9";"0";"0";"0";"14,9";"";"HRANA"
"*DIMLJENA ROLANA LOPATICA BEZ KOŽE";"910127701";"NO BRAND";"1";"KG";"10,9";"10,9";"0";"0";"0";"9,9";"";"HRANA"
"*DIMLJENA SUHA SLANINA BIJELA";"910131301";"NO BRAND";"1";"KG";"7,5";"7,5";"0";"0";"0";"6,9";"";"HRANA"
"*DIMLJENA VRATINA 1/2 VP";"910191901";"NO BRAND";"1";"KG";"13,5";"13,5";"0";"0";"0";"12,5";"";"HRANA"
"*DIMLJENE SVINJSKE HRSKAVICE VP.";"910120501";"NO BRAND";"1";"KG";"7,9";"7,9";"0";"0";"0";"7,9";"";"HRANA"
"*DIMLJENI POLUTVRDI SIR ALPENSTR.";"910149401";"NO BRAND";"1";"KG";"13,9";"13,9";"0";"0";"0";"12,2";"";"HRANA"
"*DIMLJENI POLUTVRDI SIR DIMAR";"910195301";"NO BRAND";"1";"KG";"16,9";"16,9";"0";"0";"0";"16,9";"";"HRANA"
"*DIMLJENI SIR FIT";"910025201";"NO BRAND";"1";"KG";"14,9";"14,9";"0";"0";"0";"14,9";"";"HRANA"
"*DIMLJENI SIR GAUDA";"910025101";"NO BRAND";"1";"KG";"12,4";"12,4";"0";"0";"0";"12,4";"";"HRANA"
"*DOMAÆA DIMLJ. KOBASICA ZA KUHANJE";"910120801";"NO BRAND";"1";"KG";"11,9";"11,9";"0";"0";"0";"11,9";"";"HRANA"
"*DOMAÆA DIMLJENA SLANINA";"910166501";"NO BRAND";"1";"KG";"14,9";"14,9";"0";"0";"0";"14,9";"";"HRANA"
"*DOMAÆA SUHA KOBASICA";"910028901";"NO BRAND";"1";"KG";"16,9";"16,9";"0";"0";"0";"17,9";"";"HRANA"
"*DOMAÆI JEGER VP.";"910108401";"NO BRAND";"1";"KG";"7,1";"7,1";"0";"0";"0";"7,9";"";"HRANA"
"*DOMAÆI KULEN KVRGAVI";"910143801";"NO BRAND";"1";"KG";"24,9";"24,9";"0";"0";"0";"23,9";"";"HRANA"
"*DOMAÆI SVJEŽI ŠTRUKLI 400g";"910153801";"NO BRAND";"0,4";"KG";"3,99";"9,98";"0";"0";"0";"3,99";"";"HRANA"
"*DOMAÆI ŠVARGL SLAVONSKI";"910119701";"NO BRAND";"1";"KG";"8,9";"8,9";"0";"0";"0";"8,9";"";"HRANA"
"*FAŠINARAC I KRUMPIR VRHNJE 650g";"910153001";"NO BRAND";"0,65";"KG";"3,99";"6,14";"0";"0";"0";"3,99";"";"HRANA"
"*FAŠINARAC I MLADI KRUMPIR 650g";"910153101";"NO BRAND";"0,65";"KG";"3,99";"6,14";"0";"0";"0";"3,99";"";"HRANA"
"*FAŠIRANAC 95g";"910129201";"NO BRAND";"0,095";"KG";"1,39";"14,63";"0";"0";"0";"1,39";"";"HRANA"
"*FITNESS ŠUNKA OD PILEÆIH PRSA";"910210101";"NO BRAND";"1";"KG";"14,9";"14,9";"9,8";"9,8";"9,9";"14,9";"";"HRANA"
"*GIRASOLI SA SIROM 250g";"018096001";"NO BRAND";"0,25";"KG";"2,79";"11,16";"0";"0";"0";"2,79";"8006013986227";"HRANA"
"*GLAVA OD PORCHETTE";"910126401";"NO BRAND";"1";"KG";"11,4";"11,4";"0";"0";"0";"11,4";"";"HRANA"
"*GORGONZOLA DOLCE SIR";"011146201";"NO BRAND";"1";"KG";"15,9";"15,9";"0";"0";"0";"15,9";"";"HRANA"
"*GOUDA SIR S TARTUFIMA 130g";"910188101";"NO BRAND";"0,13";"KG";"4,99";"38,38";"0";"0";"0";"4,99";"5902431276809";"HRANA"
"*GRAH VARIVO";"910040901";"NO BRAND";"1";"KG";"5,9";"5,9";"0";"0";"0";"5,9";"";"HRANA"
"*GRAH VARIVO 820g";"910154101";"NO BRAND";"0,82";"KG";"3,99";"4,87";"0";"0";"0";"3,99";"";"HRANA"
"*GRANA PADANO 16 MJESECI";"013724901";"NO BRAND";"1";"KG";"28,9";"28,9";"0";"0";"0";"28,9";"";"HRANA"
"*GRANA PADANO 9 MJESECI";"006112701";"NO BRAND";"1";"KG";"24,9";"24,9";"0";"0";"0";"24,9";"";"HRANA"
"*GRILL PILEÆI FILE";"910073901";"NO BRAND";"1";"KG";"11,93";"11,93";"0";"0";"0";"11,93";"";"HRANA"
"*GRILL PILEÆI KRILNI BATAK CHILI";"910110001";"NO BRAND";"1";"KG";"11,27";"11,27";"0";"0";"0";"11,27";"";"HRANA"
"*GRÈKA ROLADA 110g";"910129301";"NO BRAND";"0,11";"KG";"1,99";"18,09";"0";"0";"0";"1,99";"";"HRANA"
"*GRÈKA ROLADA I KRUMPIR VRHNJE 680g";"910152901";"NO BRAND";"0,68";"KG";"3,99";"5,87";"0";"0";"0";"3,99";"";"HRANA"
"*IBERICO MIJEŠANI TVRDI SIR";"910138601";"NO BRAND";"1";"KG";"19,9";"19,9";"0";"0";"0";"19,9";"";"HRANA"
"*IBERICO SIR RUŽMARINOM 200g";"910188801";"NO BRAND";"0,2";"KG";"4,99";"24,95";"0";"0";"0";"4,99";"8436585772797";"HRANA"
"*ISTARSKA PANCETA PREMIUM";"910015201";"NO BRAND";"1";"KG";"25,9";"25,9";"0";"0";"0";"25,9";"";"HRANA"
"*ISTARSKA SALAMA";"910124601";"NO BRAND";"1";"KG";"21,9";"21,9";"0";"0";"0";"21,9";"";"HRANA"
"*ISTARSKI KRAVLJI SIR KOLUT";"910014901";"NO BRAND";"1";"KG";"24,9";"24,9";"0";"0";"0";"24,9";"";"HRANA"
"*ITALIANO TVRDI KRAVLJI SIR";"013339201";"NO BRAND";"1";"KG";"20,9";"20,9";"0";"0";"0";"20,9";"";"HRANA"
"*JUNEÆI GULAŠ 720g";"910154201";"NO BRAND";"0,72";"KG";"3,99";"5,54";"0";"0";"0";"3,99";"";"HRANA"
"*KAJMAK";"910004101";"NO BRAND";"1";"KG";"13,9";"13,9";"0";"0";"0";"13,9";"";"HRANA"
"*KISELO VRHNJE 20%";"910004201";"NO BRAND";"1";"KG";"5,9";"5,9";"0";"0";"0";"5,9";"";"HRANA"
"*KOBASICA ZA KUHANJE S CRV.PAPRIKOM";"910182001";"NO BRAND";"1";"KG";"10,9";"10,9";"0";"0";"0";"13,9";"";"HRANA"
"*KORE OD SIRA RFS";"014168901";"NO BRAND";"1";"KG";"6,62";"6,62";"0";"0";"0";"6,62";"";"HRANA"
"*KOZJI SIR 130g";"910188001";"NO BRAND";"0,13";"KG";"3,99";"30,69";"0";"0";"0";"3,99";"5902431274447";"HRANA"
"*KOZJI SIR SA ZAÈINIMA 130g";"910188201";"NO BRAND";"0,13";"KG";"4,49";"34,54";"0";"0";"0";"4,49";"5902431274522";"HRANA"
"*KRALJEVSKI SIR KOLUT";"910184501";"NO BRAND";"1";"KG";"17,9";"17,9";"11,9";"11,9";"17,9";"17,9";"";"HRANA"
"*KRANJSKA KOBASICA ZA KUHANJE";"910185501";"NO BRAND";"1";"KG";"6,4";"6,4";"0";"0";"0";"6,4";"";"HRANA"
"*KRAŠIÆKA KOBASICA MAP";"910120701";"NO BRAND";"1";"KG";"7,9";"7,9";"0";"0";"0";"7,9";"";"HRANA"
"*KRUMPIR GRATIN.SIROM VRHNJEM 100g";"910159801";"NO BRAND";"0,1";"KG";"1,09";"10,9";"0";"0";"0";"1,09";"";"HRANA"
"*KRUMPIR GRATINIRANI BROKULOM 100g";"910159701";"NO BRAND";"0,1";"KG";"1,09";"10,9";"0";"0";"0";"1,09";"";"HRANA"
"*KRUMPIR KRIŠKE S VRHNJEM";"910181401";"NO BRAND";"1";"KG";"5,9";"5,9";"0";"0";"0";"5,9";"";"HRANA"
"*KUHANA ŠUNKA IZ KOMADA BUTA";"910210301";"NO BRAND";"1";"KG";"13,9";"13,9";"0";"0";"0";"13,9";"";"HRANA"
"*KUHANA ŠUNKA SA SMANJENOM KOL.";"910210201";"NO BRAND";"1";"KG";"13,9";"13,9";"0";"0";"0";"13,9";"";"HRANA"
"*KUHANI DIMLJENI SIR";"910029101";"NO BRAND";"1";"KG";"13,9";"13,9";"0";"0";"0";"13,9";"";"HRANA"
"*KUHANI SIR S CRVENOM PAPRIKOM";"910118201";"NO BRAND";"1";"KG";"13,9";"13,9";"9,9";"9,9";"13,9";"13,9";"";"HRANA"
"*KULEN KVRGAVI";"910017601";"NO BRAND";"1";"KG";"19,9";"19,9";"0";"0";"0";"19,9";"";"HRANA"
"*LASAGNE PEÈENE";"910073001";"NO BRAND";"1";"KG";"6,62";"6,62";"0";"0";"0";"6,62";"";"HRANA"
"*LATTERIA POLUTVRDI SIR";"014312101";"NO BRAND";"1";"KG";"14,9";"14,9";"0";"0";"0";"14,9";"";"HRANA"
"*LIGNJE I POMFRIT 660g";"910154001";"NO BRAND";"0,66";"KG";"3,99";"6,05";"0";"0";"0";"3,99";"";"HRANA"
"*MANCHEGO TVRDI OVÈJI SIR KOLUT";"910209001";"NO BRAND";"1";"KG";"26,9";"26,9";"0";"0";"0";"26,9";"";"HRANA"
"*MARINIRANO PEÈENO PILE 1000g";"012533001";"NO BRAND";"0,55";"KG";"4,64";"8,44";"0";"0";"0";"4,64";"";"HRANA"
"*MEZZELUNE BUNDEVA I SIR 250g";"015281201";"NO BRAND";"0,25";"KG";"2,99";"11,96";"0";"0";"0";"2,99";"8006013990071";"HRANA"
"*MEZZELUNE BUNDEVA I SIR 250g";"015281201";"NO BRAND";"0,25";"KG";"2,99";"11,96";"0";"0";"0";"2,99";"8006013986524";"HRANA"
"*MEZZELUNE JUNETINA MERLOT 250g";"018095901";"NO BRAND";"0,25";"KG";"3,19";"12,76";"0";"0";"0";"3,19";"8006013986234";"HRANA"
"*MEZZELUNE SIR VRGANJI TARTUFI 250g";"018096101";"NO BRAND";"0,25";"KG";"2,99";"11,96";"0";"0";"0";"2,99";"8006013986203";"HRANA"
"*MILANSKA SALAMA";"910000301";"NO BRAND";"1";"KG";"18,9";"18,9";"0";"0";"0";"18,9";"";"HRANA"
"*MLINCI";"910110501";"NO BRAND";"1";"KG";"2,64";"2,64";"0";"0";"0";"2,64";"";"HRANA"
"*MONTASIO TVR.KRAV.SIR 60 DANA 1/2V";"007123001";"NO BRAND";"1";"KG";"19,9";"19,9";"0";"0";"0";"19,9";"";"HRANA"
"*MORTADELA CASTELLI PREMIUM";"910154301";"NO BRAND";"1";"KG";"15,5";"15,5";"0";"0";"0";"15,5";"";"HRANA"
"*MORTADELA KOCKICE";"015106301";"NO BRAND";"1";"KG";"4,99";"4,99";"0";"0";"0";"4,99";"";"HRANA"
"*MORTADELA OLIMPIA";"910000801";"NO BRAND";"1";"KG";"10,5";"10,5";"0";"0";"0";"10,5";"";"HRANA"
"*MORTADELA S MASLINAMA";"910056901";"NO BRAND";"1";"KG";"10,5";"10,5";"6,9";"6,9";"10,5";"10,5";"";"HRANA"
"*MORTADELA S PISTACIJAMA";"910055901";"NO BRAND";"1";"KG";"10,5";"10,5";"0";"0";"0";"10,5";"";"HRANA"
"*MORTADELA STELLA BOLOGNA";"910000901";"NO BRAND";"1";"KG";"13,5";"13,5";"0";"0";"0";"13,5";"";"HRANA"
"*MOZZAREL.POLUTVRDI SIR MONTEVERDI";"910190701";"NO BRAND";"1";"KG";"9,9";"9,9";"0";"0";"0";"9,9";"";"HRANA"
"*MOZZARELLA PREMIUM POLUTVRDI SIR";"910138501";"NO BRAND";"1";"KG";"12,5";"12,5";"8,5";"8,5";"12,5";"12,5";"";"HRANA"
"*NAMAZ OD ARTIÈOKE 90g";"017742101";"NO BRAND";"0,09";"KG";"1,99";"22,11";"0";"0";"0";"1,99";"8019760992946";"HRANA"
"*NAMAZ OD TALIJANSKIH MASLINA 90g";"017742201";"NO BRAND";"0,09";"KG";"1,99";"22,11";"0";"0";"0";"1,99";"8019760992953";"HRANA"
"*NAMAZ OD ÈILI PAPRIÈICE 90g";"017742001";"NO BRAND";"0,09";"KG";"1,99";"22,11";"0";"0";"0";"1,99";"8019760992908";"HRANA"
"*PALENTA/ŽGANCI";"910109701";"NO BRAND";"1";"KG";"2,64";"2,64";"0";"0";"0";"2,64";"";"HRANA"
"*PANCETA";"910194101";"NO BRAND";"1";"KG";"11,9";"11,9";"0";"0";"0";"11,9";"";"HRANA"
"*PANCETA NA POSEDARSKI 1/2 VP";"910129001";"NO BRAND";"1";"KG";"19,9";"19,9";"0";"0";"0";"19,9";"";"HRANA"
"*PANIRANA PEÈENA SRDELA";"910177701";"NO BRAND";"1";"KG";"9,9";"9,9";"0";"0";"0";"9,9";"";"HRANA"
"*PANIRANI OSLIÆ FILET";"910031001";"NO BRAND";"1";"KG";"12,9";"12,9";"0";"0";"0";"12,9";"";"HRANA"
"*PANIRANI OSLIÆ I POMFRIT 660g";"910153401";"NO BRAND";"0,66";"KG";"3,99";"6,05";"0";"0";"0";"3,99";"";"HRANA"
"*PANIRANI PILEÆI FILE 200g";"910041301";"NO BRAND";"0,2";"KG";"2,65";"13,25";"2,09";"10,45";"2,65";"2,65";"";"HRANA"
"*PANIRANI PILEÆI MLADI KRUMPIR 660g";"910152801";"NO BRAND";"0,66";"KG";"3,99";"6,05";"0";"0";"0";"3,99";"";"HRANA"
"*PANIRANI PILEÆI PRUTIÆI";"910162201";"NO BRAND";"1";"KG";"15,9";"15,9";"0";"0";"0";"15,9";"";"HRANA"
"*PANIRANI SVINJSKI KARE 200g";"910041401";"NO BRAND";"0,2";"KG";"2,39";"11,95";"0";"0";"0";"2,39";"";"HRANA"
"*PARIZER PILETINA PURETINA";"910195001";"NO BRAND";"1";"KG";"5,9";"5,9";"0";"0";"0";"5,9";"";"HRANA"
"*PARMIGIANO REG.DOP 24 MJESECA";"014643101";"NO BRAND";"1";"KG";"35,9";"35,9";"0";"0";"0";"32,9";"";"HRANA"
"*PARMIGIANO REGGIANO 15 MJESECI";"008504501";"NO BRAND";"1";"KG";"30,9";"30,9";"0";"0";"0";"29,9";"";"HRANA"
"*PASTIRSKI TVRDI KRAVLJI SIR KOLUT";"910187301";"NO BRAND";"1";"KG";"18,9";"18,9";"0";"0";"0";"18,9";"";"HRANA"
"*PASTRVA PEÈENA";"910118101";"NO BRAND";"1";"KG";"10,6";"10,6";"0";"0";"0";"10,6";"";"HRANA"
"*PECORINO ROMANO TVRDI OVÈJI SIR";"011853501";"NO BRAND";"1";"KG";"29,9";"29,9";"0";"0";"0";"29,9";"";"HRANA"
"*PECORINO SARDO MAT.DOP TRVDI SIR";"013690401";"NO BRAND";"1";"KG";"29,9";"29,9";"0";"0";"0";"29,9";"";"HRANA"
"*PEGLANI KULIN SALAMA";"910072701";"NO BRAND";"1";"KG";"18,9";"18,9";"0";"0";"0";"18,9";"";"HRANA"
"*PEKARSKI KRUMPIR";"015448801";"NO BRAND";"1";"KG";"3,04";"3,04";"0";"0";"0";"3,04";"";"HRANA"
"*PEKARSKI KRUMPIR SA ZAÈINIMA";"910162301";"NO BRAND";"1";"KG";"4,5";"4,5";"0";"0";"0";"4,5";"";"HRANA"
"*PEÈENA ŠUNKA 1/2 VP";"910015101";"NO BRAND";"1";"KG";"14,4";"14,4";"0";"0";"0";"14,9";"";"HRANA"
"*PEÈENA ŠUNKA OD PILEÆIH PRSA";"910159001";"NO BRAND";"1";"KG";"15,9";"15,9";"0";"0";"0";"13,9";"";"HRANA"
"*PEÈENA ŠUNKA OD PUREÆIH PRSA";"910118501";"NO BRAND";"1";"KG";"19,9";"19,9";"0";"0";"0";"16,9";"";"HRANA"
"*PEÈENI HAMBURGER";"910192001";"NO BRAND";"1";"KG";"6,99";"6,99";"0";"0";"0";"6,99";"";"HRANA"
"*PEÈENI KRILNI BATAK BBQ";"910167401";"NO BRAND";"1";"KG";"9,9";"9,9";"0";"0";"0";"9,9";"";"HRANA"
"*PEÈENI KRUMPIR S KOŽOM";"910181501";"NO BRAND";"1";"KG";"4,5";"4,5";"0";"0";"0";"4,5";"";"HRANA"
"*PEÈENI ODOJAK";"910155501";"NO BRAND";"1";"KG";"16,9";"16,9";"0";"0";"0";"16,9";"";"HRANA"
"*PIK KUHANA ŠUNKA ZLATNA";"910018701";"NO BRAND";"1";"KG";"14,2";"14,2";"0";"0";"0";"14,2";"";"HRANA"
"*PIK PUREÆA DIMLJENA ŠUNKA";"910191801";"NO BRAND";"1";"KG";"17,9";"17,9";"0";"0";"0";"17,9";"";"HRANA"
"*PIKANTNE MASLINE U ULJU";"014695101";"NO BRAND";"1";"KG";"11,9";"11,9";"0";"0";"0";"11,9";"";"HRANA"
"*PILE PEÈENO JEFTINIJE IZA 18H 650g";"910127401";"NO BRAND";"0,65";"KG";"3,58";"5,51";"0";"0";"0";"3,58";"";"HRANA"
"*PILEÆA PEÈENA KRILA MARINIRANA";"910074101";"NO BRAND";"1";"KG";"10,6";"10,6";"0";"0";"0";"10,6";"";"HRANA"
"*PILEÆA PRSA";"015532301";"NO BRAND";"1";"KG";"9,9";"9,9";"0";"0";"0";"9,5";"";"HRANA"
"*PILEÆI PEÈENI BATAK MARINIRANI";"910074201";"NO BRAND";"1";"KG";"10,6";"10,6";"0";"0";"0";"10,6";"";"HRANA"
"*PIRE KRUMPIR";"910057901";"NO BRAND";"1";"KG";"4,5";"4,5";"3,2";"3,2";"4,5";"4,5";"";"HRANA"
"*POLONICA PEÈEN.PILETA POMFRIT 710g";"910153301";"NO BRAND";"0,71";"KG";"3,99";"5,62";"0";"0";"0";"3,99";"";"HRANA"
"*POLOVICA PEÈ PILETA I POMFRIT 550g";"910078301";"NO BRAND";"0,55";"KG";"2,92";"5,31";"0";"0";"0";"2,92";"";"HRANA"
"*POLOVICA PEÈEN.PILETA MLINCI 710g";"910153201";"NO BRAND";"0,71";"KG";"3,99";"5,62";"0";"0";"0";"3,99";"";"HRANA"
"*POLOVICA PEÈENOG PILETA 350g";"910078201";"NO BRAND";"0,35";"KG";"2,32";"6,63";"0";"0";"0";"2,32";"";"HRANA"
"*POLOVICA PEÈENOG PILETA S MLINCIMA";"910118001";"NO BRAND";"1";"KG";"2,92";"2,92";"0";"0";"0";"2,92";"";"HRANA"
"*POLPETA POVRÈE I POMFRIT 485g";"910153901";"NO BRAND";"0,485";"KG";"3,99";"8,23";"0";"0";"0";"3,99";"";"HRANA"
"*POLUTVRDI SIR DOLINAR";"910195201";"NO BRAND";"1";"KG";"12,9";"12,9";"0";"0";"0";"12,9";"";"HRANA"
"*POMFRIT";"910169401";"NO BRAND";"1";"KG";"4,49";"4,49";"0";"0";"0";"4,49";"";"HRANA"
"*POVRÆE GRILL MIX";"910109901";"NO BRAND";"1";"KG";"6,62";"6,62";"0";"0";"0";"6,62";"";"HRANA"
"*PREMIUM KUHANA ŠUNKA IZ KOMAD.BUTA";"015226701";"NO BRAND";"1";"KG";"21,9";"21,9";"0";"0";"0";"21,9";"";"HRANA"
"*PRIPRAVAK OD POVRÆA 90g";"017742401";"NO BRAND";"0,09";"KG";"1,99";"22,11";"0";"0";"0";"1,99";"8019760992915";"HRANA"
"*PRŠUT CVIT DALMACIJE";"910144501";"NO BRAND";"1";"KG";"25,9";"25,9";"0";"0";"0";"23,9";"";"HRANA"
"*PRŠUT MONVISO";"910001001";"NO BRAND";"1";"KG";"20,9";"20,9";"0";"0";"0";"20,9";"";"HRANA"
"*PRŠUT PARMA DOP";"010686101";"NO BRAND";"1";"KG";"27,9";"27,9";"0";"0";"0";"27,9";"";"HRANA"
"*PRŠUT PISINO PREMIUM";"910015301";"NO BRAND";"1";"KG";"26,9";"26,9";"0";"0";"0";"28,9";"";"HRANA"
"*PRŠUT VRŠAK/KOCKICE";"015106501";"NO BRAND";"1";"KG";"6,99";"6,99";"0";"0";"0";"6,99";"";"HRANA"
"*PUREÆA ŠUNKA";"004253101";"NO BRAND";"1";"KG";"14,9";"14,9";"0";"0";"0";"13,9";"";"HRANA"
"*RAVNI KULEN";"910191401";"NO BRAND";"1";"KG";"16,9";"16,9";"0";"0";"0";"16,9";"";"HRANA"
"*ROŠTILJ KOBASICA PEÈENA";"910074401";"NO BRAND";"1";"KG";"9,28";"9,28";"0";"0";"0";"9,28";"";"HRANA"
"*SALAMA CREMONA ZOZP";"910126101";"NO BRAND";"1";"KG";"23,9";"23,9";"0";"0";"0";"23,9";"";"HRANA"
"*SALAMA FELINO IGP";"013715601";"NO BRAND";"1";"KG";"23,9";"23,9";"0";"0";"0";"23,9";"";"HRANA"
"*SALAMA NAPOLI";"910125801";"NO BRAND";"1";"KG";"19,9";"19,9";"0";"0";"0";"19,9";"";"HRANA"
"*SALAMA PICCANTE";"910125901";"NO BRAND";"1";"KG";"20,9";"20,9";"0";"0";"0";"20,9";"";"HRANA"
"*SALAMA ROMANA";"910126001";"NO BRAND";"1";"KG";"20,9";"20,9";"0";"0";"0";"20,9";"";"HRANA"
"*SALAMA S MESOM DIVLJE SVINJE 250g";"910151701";"NO BRAND";"0,25";"KG";"6,99";"27,96";"0";"0";"0";"6,99";"3859893534614";"HRANA"
"*SALAMA S MESOM JELENA 250g";"910151801";"NO BRAND";"0,25";"KG";"6,99";"27,96";"0";"0";"0";"6,99";"3859893534607";"HRANA"
"*SALATA FRANCUSKA";"910083401";"NO BRAND";"1";"KG";"8,9";"8,9";"0";"0";"0";"8,9";"";"HRANA"
"*SALATA GRAH S LUKOM";"910144201";"NO BRAND";"1";"KG";"8,9";"8,9";"0";"0";"0";"8,9";"";"HRANA"
"*SALATA KUPUS";"910144101";"NO BRAND";"1";"KG";"6,9";"6,9";"0";"0";"0";"6,9";"";"HRANA"
"*SALATA S MOZZARELLOM 170g";"910175801";"NO BRAND";"0,17";"KG";"2,99";"17,59";"0";"0";"0";"2,99";"";"HRANA"
"*SALATA S PILETINOM 175g";"910175701";"NO BRAND";"0,175";"KG";"3,29";"18,8";"0";"0";"0";"3,29";"";"HRANA"
"*SALATA S TUNOM 170g";"910175601";"NO BRAND";"0,17";"KG";"2,99";"17,59";"0";"0";"0";"2,99";"";"HRANA"
"*SALATA SA FETA SIROM 180g";"910175501";"NO BRAND";"0,18";"KG";"2,99";"16,61";"0";"0";"0";"2,99";"";"HRANA"
"*SALATA SURIMI";"910083901";"NO BRAND";"1";"KG";"11,9";"11,9";"0";"0";"0";"11,9";"";"HRANA"
"*SALATA TOSCANA.";"910083501";"NO BRAND";"1";"KG";"12,9";"12,9";"0";"0";"0";"12,9";"";"HRANA"
"*SALATA TUNA S POVRÆEM";"910083801";"NO BRAND";"1";"KG";"13,9";"13,9";"0";"0";"0";"13,9";"";"HRANA"
"*SARMA KOMAD 100g";"910058301";"NO BRAND";"0,1";"KG";"1,69";"16,9";"0";"0";"0";"1,69";"3859893714375";"HRANA"
"*SCAMORZA BIANCA KRAVLJI SIR 200g";"910102401";"NO BRAND";"0,2";"KG";"3,19";"15,95";"0";"0";"0";"3,19";"8002710403005";"HRANA"
"*SCAMORZA DIMLJENI KRAVLJI SIR 200g";"910102301";"NO BRAND";"0,2";"KG";"3,19";"15,95";"0";"0";"0";"3,19";"8002710402992";"HRANA"
"*SENDVIÈ SALAMA";"910191301";"NO BRAND";"1";"KG";"15,9";"15,9";"0";"0";"0";"15,9";"";"HRANA"
"*SIR BURRATA 150g";"910059301";"NO BRAND";"0,15";"KG";"3,49";"23,27";"0";"0";"0";"3,49";"8002710335252";"HRANA"
"*SIR BURRATA 150g";"910059301";"NO BRAND";"0,15";"KG";"3,49";"23,27";"0";"0";"0";"3,49";"80882282";"HRANA"
"*SIR BURRATA 150g";"910059301";"NO BRAND";"0,15";"KG";"3,49";"23,27";"0";"0";"0";"3,49";"80894162";"HRANA"
"*SIR CHEDDAR CRVENI";"910162401";"NO BRAND";"1";"KG";"14,9";"14,9";"0";"0";"0";"13,9";"";"HRANA"
"*SIR DIMLJENA BURRATA 125g";"910163601";"NO BRAND";"0,125";"KG";"3,19";"25,52";"0";"0";"0";"3,19";"8023074006657";"HRANA"
"*SIR DIMLJENA MOZZAR.BUFALA 200g";"910163501";"NO BRAND";"0,2";"KG";"3,99";"19,95";"0";"0";"0";"3,99";"8023074000099";"HRANA"
"*SIR DŽIUGAS KOLUT 12 MJESECI";"910187001";"NO BRAND";"1";"KG";"19,9";"19,9";"0";"0";"0";"19,9";"";"HRANA"
"*SIR DŽIUGAS KOLUT 6 MJESECI";"910015501";"NO BRAND";"1";"KG";"13,9";"13,9";"0";"0";"0";"13,9";"";"HRANA"
"*SIR EDAMER BON";"910103301";"NO BRAND";"1";"KG";"9,9";"9,9";"0";"0";"0";"7,9";"";"HRANA"
"*SIR EMENTALER SPOMLEK";"910140601";"NO BRAND";"1";"KG";"11,9";"11,9";"0";"0";"0";"11,5";"";"HRANA"
"*SIR EMENTALER VONK";"910212801";"NO BRAND";"1";"KG";"11,9";"11,9";"0";"0";"0";"11,9";"";"HRANA"
"*SIR GORGONZOLA I MASCARPONE";"011811001";"NO BRAND";"1";"KG";"17,9";"17,9";"0";"0";"0";"17,9";"";"HRANA"
"*SIR GOUDA AMMERLAND";"910191701";"NO BRAND";"1";"KG";"6,49";"6,49";"0";"0";"0";"6,49";"";"HRANA"
"*SIR GOUDA BON";"910103401";"NO BRAND";"1";"KG";"6,49";"6,49";"0";"0";"0";"6,49";"";"HRANA"
"*SIR GOUDA PAPRIKA I ZAÈINI 130g";"910177901";"NO BRAND";"0,13";"KG";"3,19";"24,54";"0";"0";"0";"3,19";"5902431274546";"HRANA"
"*SIR GRANBAVARESE S PLAVOM PLIJESNI";"008996601";"NO BRAND";"1";"KG";"16,9";"16,9";"0";"0";"0";"16,9";"";"HRANA"
"*SIR KAÈKAVALJ 250g";"910181201";"NO BRAND";"0,25";"KG";"4,49";"17,96";"0";"0";"0";"4,49";"4002566002852";"HRANA"
"*SIR KAÈKAVALJ 250g";"910181201";"NO BRAND";"0,25";"KG";"4,49";"17,96";"0";"0";"0";"4,49";"4002566040304";"HRANA"
"*SIR KRAVLJEG/OVÈJEG MLIJEKA 150g";"910188901";"NO BRAND";"0,15";"KG";"3,99";"26,6";"0";"0";"0";"3,99";"8445404002441";"HRANA"
"*SIR MAASDAM KOLUT 1/4 VP";"011411901";"NO BRAND";"1";"KG";"13,2";"13,2";"0";"0";"0";"13,9";"";"HRANA"
"*SIR MIJEŠANI KOZJI I OVÈJI 130g";"910178001";"NO BRAND";"0,13";"KG";"3,99";"30,69";"0";"0";"0";"3,99";"5902431274720";"HRANA"
"*SIR OLD AMSTERDAM 130g";"910178201";"NO BRAND";"0,13";"KG";"3,99";"30,69";"0";"0";"0";"3,99";"5902431277547";"HRANA"
"*SIR PAŠNJAK";"910164501";"NO BRAND";"1";"KG";"15,9";"15,9";"0";"0";"0";"15,9";"";"HRANA"
"*SIR PIAVE DOP";"013731501";"NO BRAND";"1";"KG";"21,9";"21,9";"0";"0";"0";"21,9";"";"HRANA"
"*SIR PROVOLA DIMLJENI";"018517501";"NO BRAND";"1";"KG";"17,9";"17,9";"0";"0";"0";"17,9";"";"HRANA"
"*SIR S ÈILIJEM 130g";"910187901";"NO BRAND";"0,13";"KG";"3,49";"26,85";"0";"0";"0";"3,49";"5902431277493";"HRANA"
"*SIR SA ZELENIM PESTOM 130g";"910178101";"NO BRAND";"0,13";"KG";"3,69";"28,38";"0";"0";"0";"3,69";"5902431274621";"HRANA"
"*SIR STRACCIATELLA 140g";"018516901";"NO BRAND";"0,14";"KG";"2,99";"21,36";"0";"0";"0";"2,99";"8002626001319";"HRANA"
"*SIR TRAPIST";"910015601";"NO BRAND";"1";"KG";"8,9";"8,9";"0";"0";"0";"11,9";"";"HRANA"
"*SIR TRAPIST KOLUT";"910025401";"NO BRAND";"1";"KG";"16,9";"16,9";"0";"0";"0";"16,9";"";"HRANA"
"*SLANINA GUANCIALE";"910125601";"NO BRAND";"1";"KG";"19,5";"19,5";"0";"0";"0";"19,5";"";"HRANA"
"*SRDELA BEZ GLAVE PEÈENA";"910117901";"NO BRAND";"1";"KG";"7,95";"7,95";"0";"0";"0";"7,95";"";"HRANA"
"*SUHA ŠUNKA NA POSEDARSKI 1/2 VP";"910129101";"NO BRAND";"1";"KG";"20,9";"20,9";"0";"0";"0";"20,9";"";"HRANA"
"*SUHE DIMLJENE KOSTI RINFUZA";"910119501";"NO BRAND";"1";"KG";"2,9";"2,9";"0";"0";"0";"2,9";"";"HRANA"
"*SVINJSKA PEÈENKA";"910127601";"NO BRAND";"1";"KG";"11,93";"11,93";"0";"0";"0";"11,93";"";"HRANA"
"*SVJEŽI POLUMASNI SIR";"910013301";"NO BRAND";"1";"KG";"5,9";"5,9";"0";"0";"0";"5,9";"";"HRANA"
"*SVJEŽI POSNI SIR";"910004301";"NO BRAND";"1";"KG";"5,9";"5,9";"0";"0";"0";"5,9";"";"HRANA"
"*TILZIT SIR";"910014801";"NO BRAND";"1";"KG";"11,9";"11,9";"0";"0";"0";"8,5";"";"HRANA"
"*TIROLSKA KOBASICA";"910017901";"NO BRAND";"1";"KG";"8,9";"8,9";"6,9";"6,9";"8,9";"8,9";"";"HRANA"
"*TIROLSKA KOBASICA";"910191201";"NO BRAND";"1";"KG";"5,9";"5,9";"0";"0";"0";"8,9";"";"HRANA"
"*TLAÈENICA";"910187401";"NO BRAND";"1";"KG";"7,9";"7,9";"0";"0";"0";"7,9";"";"HRANA"
"*TORTILJA S PILETINOM 195g";"910144601";"NO BRAND";"0,195";"KG";"2,59";"13,28";"2,09";"10,72";"2,59";"2,59";"";"HRANA"
"*TORTILJA S PILETINOM 390g";"910153501";"NO BRAND";"0,39";"KG";"3,99";"10,23";"0";"0";"0";"3,99";"";"HRANA"
"*TRAJNA SUHA SALAMA";"910186201";"NO BRAND";"1";"KG";"17,9";"17,9";"0";"0";"0";"17,9";"";"HRANA"
"*TVRDI PUNOMASNI KOZJI SIR 150g";"910189001";"NO BRAND";"0,15";"KG";"4,49";"29,93";"0";"0";"0";"3,99";"8436585775736";"HRANA"
"*TVRDI PUNOMASNI MIJEŠANI SIR 150g";"910189101";"NO BRAND";"0,15";"KG";"3,99";"26,6";"0";"0";"0";"3,99";"8436585774142";"HRANA"
"*TVRDI PUNOMASNI OVÈJI SIR 150g";"910189201";"NO BRAND";"0,15";"KG";"4,49";"29,93";"0";"0";"0";"3,99";"8436585778782";"HRANA"
"*ZAGREBAÈKI ODREZAK 200g";"910058501";"NO BRAND";"0,2";"KG";"2,59";"12,95";"0";"0";"0";"2,59";"3859892963941";"HRANA"
"*ZAGREBAÈKI ODREZAK I POMFRIT 660g";"910153601";"NO BRAND";"0,66";"KG";"3,99";"6,05";"0";"0";"0";"3,99";"";"HRANA"
"*ZAMJENA ZA SLANI SIR";"910162101";"NO BRAND";"1";"KG";"5,9";"5,9";"0";"0";"0";"5,9";"";"HRANA"
"*ZIMSKA SALAMA TRADICIONALNA";"910118901";"NO BRAND";"1";"KG";"18,9";"18,9";"0";"0";"0";"18,9";"";"HRANA"
"*ÆEVAPÈIÆI";"910074001";"NO BRAND";"1";"KG";"9,28";"9,28";"0";"0";"0";"9,28";"";"HRANA"
"*ÈAJNA KOBASICA";"910193501";"NO BRAND";"1";"KG";"15,9";"15,9";"0";"0";"0";"15,9";"";"HRANA"
"*ÈAJNA KOBASICA GOLD";"910192101";"NO BRAND";"1";"KG";"18,9";"18,9";"12,9";"12,9";"18,9";"18,9";"";"HRANA"
"*ÈAJNA KOBASICA GOLD MAP";"910018201";"NO BRAND";"1";"KG";"16,9";"16,9";"14,6";"14,6";"16,9";"16,9";"";"HRANA"
"*ÈEVAPI I SOMUN 550g";"910153701";"NO BRAND";"0,55";"KG";"3,99";"7,25";"0";"0";"0";"3,99";"";"HRANA"
"*ÈVARCI 100g";"910172701";"NO BRAND";"0,1";"KG";"2,59";"25,9";"0";"0";"0";"2,59";"3859892348274";"HRANA"
"*ÈVARCI RFS";"910194801";"NO BRAND";"1";"KG";"18,9";"18,9";"0";"0";"0";"19,9";"3859894364234";"HRANA"
"*ŠAMPINJONI GRILL";"910109801";"NO BRAND";"1";"KG";"6,62";"6,62";"0";"0";"0";"6,62";"";"HRANA"
"*ŠKRIPAVAC POLUTVRDI SIR";"910118301";"NO BRAND";"1";"KG";"12,9";"12,9";"0";"0";"0";"12,9";"";"HRANA"
"*ŠUNKA U OVITKU";"015632701";"NO BRAND";"1";"KG";"8,9";"8,9";"0";"0";"0";"8,9";"";"HRANA"
"*ŠUNKA U OVITKU GOLD";"910118601";"NO BRAND";"1";"KG";"8,9";"8,9";"0";"0";"0";"8,9";"";"HRANA"
"*ŠUNKA ZA PIZZU";"910190801";"NO BRAND";"1";"KG";"6,9";"6,9";"0";"0";"0";"6,9";"";"HRANA"
".ADVENTSKI KALENDAR 40,6g";"018156501";"LESTER HOUSE";"0,04";"KG";"4,99";"124,75";"0";"0";"0";"4,99";"8007185024502";"HRANA"
".ADVENTSKI KALENDAR 75g";"018216301";"NO BRAND";"0,075";"KG";"1,99";"26,53";"0";"0";"0";"1,49";"4013900509630";"HRANA"
".ADVENTSKI KALENDAR MINIONS 75g";"016890501";"NO BRAND";"0,075";"KG";"2,29";"30,53";"0";"0";"0";"1,79";"8001943660995";"HRANA"
".ADVENTSKI KALENDAR MINIONS 75g";"016890501";"NO BRAND";"0,075";"KG";"2,29";"30,53";"0";"0";"0";"1,79";"4006613002079";"HRANA"
".ADVENTSKI KALENDAR MINIONS 75g";"016890501";"NO BRAND";"0,075";"KG";"2,29";"30,53";"0";"0";"0";"1,79";"4006613002819";"HRANA"
".BISKVIT SA KREMOM OD PISTACIJA150g";"018027501";"DOLCIANDO";"0,15";"KG";"1,39";"9,27";"0";"0";"0";"1,39";"8017596133823";"HRANA"
".BONBONI ŽELE VOÆNI SOK 1kg";"016744001";"DOLCIANDO";"1";"KG";"4,99";"4,99";"3,99";"3,99";"4,99";"4,49";"8017596119131";"HRANA"
".BROKULA I CVJETAÈA MJEŠAVINA 450G";"017540201";"DELIZIE DAL SOLE";"0,45";"KG";"1,59";"3,53";"0";"0";"0";"1,59";"8017596042347";"HRANA"
".BUÐOLA DALMATINSKA";"910139301";"PUTOVANJE KROZ OKUSE";"1";"KG";"19,69";"19,69";"0";"0";"0";"17,29";"";"HRANA"
".COLA ZERO LIMENKA 6x330ml";"910214501";"BLUES";"0,33";"LT";"0,5";"1,52";"0";"0";"0";"0,4";"8017596056382";"PIÆE"
".CROISSANT LJEŠNJAK 6 kom 390g";"018515101";"DOLCIANDO";"0,39";"KG";"2,49";"6,38";"0";"0";"0";"2,49";"8017596044952";"HRANA"
".CROISSANT MARELICA 6kom 390g";"018543601";"DOLCIANDO";"0,39";"KG";"2,49";"6,38";"0";"0";"0";"2,49";"8017596044945";"HRANA"
".DENTAL STICK ZA PSE 4X7kom 720g";"016791401";"RADAMES";"0,72";"KG";"3,39";"4,71";"0";"0";"0";"2,99";"8017596119599";"PROIZVODI ZA KUÆANSTVO"
".DETERDŽ.ORHID./VANILIJA 5L 62p";"014106201";"DEXAL";"5";"LT";"4,99";"1";"0";"0";"0";"4,49";"8017596077967";"SREDSTVA ZA ÈIŠÆENJE"
".DETERDŽ.ORHID./VANILIJA 5L 62p";"014106201";"DEXAL";"5";"LT";"4,99";"1";"0";"0";"0";"4,49";"8017596077950";"SREDSTVA ZA ÈIŠÆENJE"
".DETERDŽ.ORHID./VANILIJA 5L 62p";"014106201";"DEXAL";"5";"LT";"4,99";"1";"0";"0";"0";"4,49";"8003985205691";"SREDSTVA ZA ÈIŠÆENJE"
".DETERDŽ.ORHID./VANILIJA 5L 62p";"014106201";"DEXAL";"5";"LT";"4,99";"1";"0";"0";"0";"4,49";"8003985205707";"SREDSTVA ZA ÈIŠÆENJE"
".DJED BOŽIÆNJAK 125g";"016890701";"DOLCIANDO";"0,125";"KG";"2,99";"23,92";"0";"0";"0";"2,99";"8017596119803";"HRANA"
".DJED BOŽIÆNJAK S KONFETIMA 100g";"016327101";"NO BRAND";"0,1";"KG";"1,99";"19,9";"0";"0";"0";"1,69";"4008601190782";"HRANA"
".DJED BOŽIÆNJAK S KONFETIMA 100g";"016327101";"NO BRAND";"0,1";"KG";"1,99";"19,9";"0";"0";"0";"1,69";"4013900500804";"HRANA"
".DJED BOŽIÆNJAK S KONFETIMA 100g";"016327101";"NO BRAND";"0,1";"KG";"1,99";"19,9";"0";"0";"0";"1,69";"4013900509685";"HRANA"
".DRVENI UGLJEN 5kg";"015386001";"IL BRACIERE";"5";"KG";"5,69";"1,14";"0";"0";"0";"5,69";"8017596106377";"PROIZVODI ZA KUÆANSTVO"
".FARMER UHT MLIJEKO 2,8% 1l";"910195501";"NO BRAND";"1";"LT";"0,67";"0,67";"0";"0";"0";"0,7";"5998200400179";"HRANA"
".FOCACCIA KUHANA ŠUNKA DIMLJ.PROVOL";"013719601";"TRE MULINI";"0,39";"KG";"3,29";"8,44";"0";"0";"0";"3,49";"8017596041692";"HRANA"
".GAZ.PIÆE COLA ZERO 1,75l";"016658901";"BLUES";"1,75";"LT";"0,79";"0,45";"0";"0";"0";"0,59";"8017596119162";"PIÆE"
".GAZIRANO PIÆE COLA LIM.6 kom 1,98l";"910078001";"BLUES";"0,33";"LT";"0,5";"1,52";"0";"0";"0";"0,53";"8017596053794";"PIÆE"
".GAZIRANO PIÆE TONICA ZERO 1l";"016621401";"BLUES";"1";"LT";"0,69";"0,69";"0";"0";"0";"0,69";"8017596118820";"PIÆE"
".GIANDUIOTTI 700g";"018654601";"DM DUCA MOSCATI";"0,7";"KG";"10,99";"15,7";"0";"0";"0";"10,99";"8017596140098";"HRANA"
".GUMENI BOMBONI BOŽIÆ 200g";"018223101";"NO BRAND";"0,2";"KG";"1,19";"5,95";"0";"0";"0";"0,99";"8690840226511";"HRANA"
".HRANA ZA MACKE VISE OKUS 24X100g";"018341201";"RADAMES";"2,4";"KG";"7,49";"3,12";"0";"0";"0";"6,99";"8017596133984";"PROIZVODI ZA KUÆANSTVO"
".INTEGRALNA TORTILJA 300g";"017541801";"TRE MULINI";"0,3";"KG";"1,29";"4,3";"0";"0";"0";"1,19";"8017596123039";"HRANA"
".JOGURT TO GO JAGODA 4X80g";"017719501";"PASCOLI ITALIANI";"0,32";"KG";"1,89";"5,91";"0";"0";"0";"1,99";"8017596131317";"HRANA"
".JUHA OD BUNDEVE 500g";"016163001";"DELIZIE DAL SOLE";"0,5";"LT";"1,19";"2,38";"0";"0";"0";"1";"8017596107015";"HRANA"
".JUHA SLANUTAK 500g";"016310001";"DELIZIE DAL SOLE";"0,5";"KG";"1,09";"2,18";"0";"0";"0";"1,19";"8017596107022";"HRANA"
".KEKS FROLLINI KAKAO/VRHNJE 1kg";"014448401";"DOLCIANDO";"1";"KG";"3,59";"3,59";"0";"0";"0";"3,69";"8017596076922";"HRANA"
".KEKS FROLLINI SA ÈOKOLADOM 1Kg";"016310301";"DOLCIANDO";"1";"KG";"2,99";"2,99";"0";"0";"0";"2,89";"8017596115034";"HRANA"
".KEKSI FROLLINI INTEGRALNI 1Kg";"016646701";"DOLCIANDO";"1";"KG";"2,69";"2,69";"0";"0";"0";"2,59";"8017596061706";"HRANA"
".KEKSI FROLLINI RIŽA I MLIJEKO 1Kg";"018018401";"DOLCIANDO";"1";"KG";"2,99";"2,99";"2,49";"2,49";"2,99";"2,99";"8017596129147";"HRANA"
".KEKSI FROLLINI S VRHNJEM 1Kg";"018198301";"DOLCIANDO";"1";"KG";"2,69";"2,69";"0";"0";"0";"3,19";"8017596129826";"HRANA"
".KEKSI FROLLINI ÈOKO.KARAMELA 600g";"018116901";"DOLCIANDO";"0,6";"KG";"2,89";"4,82";"0";"0";"0";"2,99";"8017596134134";"HRANA"
".KEKSI INTEGRALNI S ÈOKOLADOM 700g";"016657401";"DOLCIANDO";"0,7";"KG";"3,39";"4,84";"0";"0";"0";"2,99";"8017596117137";"HRANA"
".KEKSI KAKAO/LJEŠNJAK MIX 1Kg";"018494401";"DOLCIANDO";"1";"KG";"2,99";"2,99";"0";"0";"0";"2,99";"8017596138453";"HRANA"
".KEKSI S KAKAO I ÈOKOLADOM 350g";"016535901";"DOLCIANDO";"0,35";"KG";"1,69";"4,83";"0";"0";"0";"1,79";"8017596117083";"HRANA"
".KOLAÈIÆI PUNJENI MARELICOM 180g";"017631401";"DOLCIANDO";"0,18";"KG";"1,09";"6,06";"0";"0";"0";"0,99";"8017596130211";"HRANA"
".KOLAÈIÆI RAZNI PUNJENI 150g";"014714901";"DOLCIANDO";"0,15";"KG";"2,69";"17,93";"0";"0";"0";"2,59";"8017596109637";"HRANA"
".KOLAÈIÆI RAZNI PUNJENI 150g";"014714901";"DOLCIANDO";"0,15";"KG";"2,69";"17,93";"0";"0";"0";"2,59";"8017596110053";"HRANA"
".KROKETI ZA PSE PREMIUM 10kg";"011952601";"RADAMES";"10";"KG";"14,99";"1,5";"0";"0";"0";"14,99";"8017596064837";"PROIZVODI ZA KUÆANSTVO"
".KROKETI ZA PSE PREMIUM 10kg";"011952601";"RADAMES";"10";"KG";"14,99";"1,5";"0";"0";"0";"14,99";"8017596064844";"PROIZVODI ZA KUÆANSTVO"
".KRUH 8 ŽITARICA I SOJA 600g";"018027401";"TRE MULINI";"0,6";"KG";"1,19";"1,98";"0";"0";"0";"1,29";"8017596133830";"HRANA"
".KRUH SA ZAÈINSKIM BILJEM 500g";"017365401";"TRE MULINI";"0,5";"KG";"1,39";"2,78";"0";"0";"0";"1,09";"8017596128324";"HRANA"
".KRUH ZA SANDWICH 500g";"017928401";"TRE MULINI";"0,5";"KG";"1,99";"3,98";"0";"0";"0";"1,89";"8017596132857";"HRANA"
".KRUH ZA SENDWICH 2X175g";"017137201";"TRE MULINI";"0,35";"KG";"1,49";"4,26";"0";"0";"0";"1,39";"8017596122193";"HRANA"
".KUKURUZNI KREKERI SA SL.KARAMEL68g";"017643201";"AMO ESSERE VEG";"0,068";"KG";"1,29";"18,97";"0";"0";"0";"1,29";"8017596130730";"HRANA"
".LAMPION 24h 10kom";"910146401";"NO BRAND";"1";"PZ";"7,99";"7,99";"6,19";"6,19";"6,99";"6,99";"3858888026165";"PROIZVODI ZA KUÆANSTVO"
".LAMPION 24h 4kom";"910146301";"NO BRAND";"1";"PZ";"3,99";"3,99";"2,99";"2,99";"3,99";"3,49";"3858888021108";"PROIZVODI ZA KUÆANSTVO"
".LAMPION BIJELI RUŽE 4 DANA";"910211501";"NO BRAND";"1";"PZ";"2,99";"2,99";"0";"0";"0";"2,99";"3850401001598";"PROIZVODI ZA KUÆANSTVO"
".LAMPION S EPITAFOM 4 DANA VIŠE VR.";"910212901";"NO BRAND";"1";"PZ";"2,99";"2,99";"0";"0";"0";"2,99";"3858888027896";"PROIZVODI ZA KUÆANSTVO"
".LEDENA KAVA CAPPUC.BEZ LAKTO.230ml";"018100001";"AMO ESSERE SENZA LATTOSIO";"0,23";"LT";"0,79";"3,43";"0";"0";"0";"0,79";"24103169";"HRANA"
".LEÆA CRVENA 500g";"016827501";"DELIZIE DAL SOLE";"0,5";"KG";"1,19";"2,38";"0";"0";"0";"1,29";"8017596120847";"HRANA"
".LIGNJE OÈIŠCENE 400g";"017378701";"ONDINA";"0,4";"KG";"5,49";"13,73";"0";"0";"0";"4,49";"8017596040626";"HRANA"
".LISNATI PRUTIÆI RUŽMARIN 180g";"017205401";"TRE MULINI";"0,18";"KG";"1,29";"7,17";"0";"0";"0";"1,29";"8017596123923";"HRANA"
".MAJONEZA STAKLENKA 700g";"013353501";"DELIZIE DAL SOLE";"0,7";"LT";"2,89";"4,13";"0";"0";"0";"2,59";"8017596073310";"HRANA"
".MAJONEZA STAKLENKA 700g";"013353501";"DELIZIE DAL SOLE";"0,7";"LT";"2,89";"4,13";"0";"0";"0";"2,59";"8017596103697";"HRANA"
".MASLINE CIJELE U LECCINO 300g/180g";"015382301";"VARIAGUSTO";"0,18";"KG";"1,59";"8,83";"0";"0";"0";"1,59";"8002170417161";"HRANA"
".MASLINE CIJELE U LECCINO 300g/180g";"015382301";"VARIAGUSTO";"0,18";"KG";"1,59";"8,83";"0";"0";"0";"1,59";"8017596107527";"HRANA"
".MED CVJETNI 1kg";"014149701";"DOLCIANDO";"1";"KG";"4,99";"4,99";"0";"0";"0";"5,49";"8017596076380";"HRANA"
".MIKS FRANCUSKIH SIREVA 190g";"018665001";"LAND";"0,19";"KG";"3,69";"19,42";"0";"0";"0";"3,69";"8017596139535";"HRANA"
".MJEŠ.5 VRSTA GLJIVA SA VRGANJ. 60g";"018464001";"DELIZIE DAL SOLE";"0,06";"KG";"2,59";"43,17";"0";"0";"0";"2,69";"8017596137074";"HRANA"
".MORTAD.BOLOGNA IGP PIST.PREM.120g";"016787401";"AMO ESSERE ECCELLENTE";"0,12";"KG";"2,19";"18,25";"1,79";"14,92";"2,19";"2,19";"8017596119704";"HRANA"
".MORTAD.BOLOGNA IGP PIST.PREM.120g";"016787401";"AMO ESSERE ECCELLENTE";"0,12";"KG";"2,19";"18,25";"1,79";"14,92";"2,19";"2,19";"8017596127068";"HRANA"
".MUFFIN ÈOKOLADNI PUNJ.ÈOK.252g";"016816401";"DOLCIANDO";"0,252";"KG";"1,99";"7,9";"0";"0";"0";"1,99";"8017596119025";"HRANA"
".NAPITAK OD BADEMA BARISTA 1l";"910215101";"AMO ESSERE VEG";"1";"LT";"1,29";"1,29";"0";"0";"0";"1,29";"8017596136954";"PIÆE"
".NAPITAK SOJA OKUS VANILIJA 1l";"015921202";"AMO ESSERE VEG";"1";"LT";"1,29";"1,29";"0";"0";"0";"1,39";"8017596126467";"PIÆE"
".NAPITAK SOJA OKUS ÈOKOLADA 1l";"015949802";"AMO ESSERE VEG";"1";"LT";"1,29";"1,29";"0";"0";"0";"1,39";"8017596126474";"PIÆE"
".NAPOLITANKE LJEŠNJAK KOCKICE 250g";"016156301";"DOLCIANDO";"0,25";"KG";"1,49";"5,96";"0";"0";"0";"0,99";"8017596113221";"HRANA"
".NAPOLITANKE SA TAMNOM ÈOKOLAD.175g";"016574001";"DOLCIANDO";"0,175";"KG";"0,99";"5,66";"0,79";"4,51";"0,99";"1";"8017596116703";"HRANA"
".NUGGETS OD ALJAŠKE KOLJE 240g";"016720101";"ATHENA";"0,24";"KG";"1,99";"8,29";"0";"0";"0";"1,99";"8017596040572";"HRANA"
".OMEKŠIVAÈ ZA RUBLJE JASMIN 5l 67P";"012777301";"DEXAL";"5";"LT";"2,69";"0,54";"0";"0";"0";"2,69";"8017596068576";"SREDSTVA ZA ÈIŠÆENJE"
".PALACINKE PROTEIN 360g";"017537601";"TRE MULINI";"0,36";"KG";"2,29";"6,36";"0";"0";"0";"2,19";"8017596127464";"HRANA"
".PANDORINO ASTUCCIO 80g";"017770501";"NO BRAND";"0,08";"KG";"1,19";"14,88";"0";"0";"0";"1,19";"8017596076311";"HRANA"
".PANDORO/PANETTONE BEZ GLUT300/350G";"016327401";"AMO ESSERE SENZA GLUTINE";"0,3";"KG";"4,99";"16,63";"0";"0";"0";"4,29";"8017596100757";"HRANA"
".PANDORO/PANETTONE BEZ GLUT300/350G";"016327401";"AMO ESSERE SENZA GLUTINE";"0,3";"KG";"4,99";"16,63";"0";"0";"0";"4,29";"8017596100764";"HRANA"
".PANETTONCINO S KOMADIÆIMA ÈOK.100g";"017770601";"DM DUCA MOSCATI";"0,1";"KG";"1,19";"11,9";"0";"0";"0";"1,19";"8017596120649";"HRANA"
".PANETTONE U LIMENCI 750g";"016890801";"DM DUCA MOSCATI";"0,75";"KG";"8,99";"11,99";"0";"0";"0";"8,49";"8002734101741";"HRANA"
".PANETTONE U LIMENCI 750g";"016890801";"DM DUCA MOSCATI";"0,75";"KG";"8,99";"11,99";"0";"0";"0";"8,49";"8017596052094";"HRANA"
".PAP.RUÈ.MAXI BOB 2S, 800L, 2R";"012919901";"SOFT DREAM";"1";"PZ";"7,99";"7,99";"0";"0";"0";"6,99";"8017596076588";"TOALETNE POTREPŠTINE"
".PAP.RUÈNIK BOŽIÆ 150LIST.2SL.2ROL";"015767501";"SOFT DREAM";"1";"PZ";"3,99";"3,99";"0";"0";"0";"3,19";"8017596110985";"TOALETNE POTREPŠTINE"
".PEÈENICA DALMATINSKA 100g";"910135301";"NO BRAND";"0,1";"KG";"2,29";"22,9";"0";"0";"0";"2,29";"3859892362607";"HRANA"
".PEÈENICA DALMATINSKA 100g";"910135301";"NO BRAND";"0,1";"KG";"2,29";"22,9";"0";"0";"0";"2,29";"8017596138002";"HRANA"
".PIVO FESTBIER BEST BRAU 5,5% 5l";"016658401";"BEST BRAU";"5";"LT";"9,99";"2";"9,49";"1,9";"9,99";"9,99";"8017596118158";"PIÆE"
".PIZZA TRIO CAPR/WURST/STRACC 1140g";"016620001";"TRE MULINI";"1,14";"KG";"5,99";"5,25";"0";"0";"0";"5,99";"8017596046147";"HRANA"
".POKLON PAKET KREME ZA RUKE 3X50ml";"016859001";"FIOR DI MAGNOLIA";"0,15";"LT";"3,49";"23,27";"0";"0";"0";"2,99";"8017596121073";"KOZMETIKA"
".POKLON PAKET PANDORO 750g I VINO";"016296701";"DM DUCA MOSCATI";"1";"PZ";"7,99";"7,99";"0";"0";"0";"9,02";"8017596012159";"HRANA"
".POKLON PANETT.750g I MOSCATO 750ml";"016296801";"DM DUCA MOSCATI";"1";"PZ";"7,99";"7,99";"0";"0";"0";"9,02";"8017596012142";"HRANA"
".POSTANKSI SANDUCIC MEDENJ. 132G";"018216401";"NO BRAND";"0,077";"KG";"4,69";"60,91";"0";"0";"0";"3,99";"4006613106548";"HRANA"
".POSTANKSI SANDUCIC MEDENJ. 132G";"018216401";"NO BRAND";"0,077";"KG";"4,69";"60,91";"0";"0";"0";"3,99";"4006613010159";"HRANA"
".POSTANKSI SANDUCIC MEDENJ. 132G";"018216401";"NO BRAND";"0,077";"KG";"4,69";"60,91";"0";"0";"0";"3,99";"4006613001836";"HRANA"
".PRALINE CIOC RIP COCCO 180g";"018407401";"NO BRAND";"0,18";"KG";"2,49";"13,83";"0";"0";"0";"2,29";"8000017510075";"HRANA"
".PRALINE CREMINI 700g";"013415601";"DOLCIANDO";"0,7";"KG";"10,99";"15,7";"0";"0";"0";"8,99";"8008743040200";"HRANA"
".PRALINE CREMINI 700g";"013415601";"DOLCIANDO";"0,7";"KG";"10,99";"15,7";"0";"0";"0";"8,99";"8017596108791";"HRANA"
".PRALINE CUORE MIX 300g";"016297101";"DOLCIANDO";"0,3";"KG";"4,49";"14,97";"0";"0";"0";"3,99";"8017596114853";"HRANA"
".PRALINE S KREMOM I PERECIMA 180g";"017873201";"DOLCIANDO";"0,18";"KG";"2,49";"13,83";"0";"0";"0";"2,39";"8017596131966";"HRANA"
".PRALINE U LIMENCI 250G";"018216201";"NO BRAND";"0,25";"KG";"4,99";"19,96";"0";"0";"0";"4,69";"8017596126603";"HRANA"
".PRALINE ÈOKOLADANE S RUMOM 250g";"014030801";"DOLCIANDO";"0,25";"KG";"3,69";"14,76";"0";"0";"0";"2,99";"8017596105264";"HRANA"
".PRALINE ÈOKOLADNE TARTUFI 200g";"014030501";"DOLCIANDO";"0,2";"KG";"3,69";"18,45";"0";"0";"0";"2,99";"8017596079824";"HRANA"
".PUDING SOJA ÈOKOLADA 2X115g";"017607001";"AMO ESSERE VEG";"0,23";"KG";"0,89";"3,87";"0";"0";"0";"0,89";"24103091";"HRANA"
".RAJCICA UMAK RAZNI OKUSI 360g";"014135901";"DELIZIE DAL SOLE";"0,36";"KG";"1,19";"3,31";"0";"0";"0";"1,19";"8056737781295";"HRANA"
".RAJCICA UMAK RAZNI OKUSI 360g";"014135901";"DELIZIE DAL SOLE";"0,36";"KG";"1,19";"3,31";"0";"0";"0";"1,19";"8056737781271";"HRANA"
".RAJCICA UMAK RAZNI OKUSI 360g";"014135901";"DELIZIE DAL SOLE";"0,36";"KG";"1,19";"3,31";"0";"0";"0";"1,19";"8056737781288";"HRANA"
".RAJCICA UMAK RAZNI OKUSI 360g";"014135901";"DELIZIE DAL SOLE";"0,36";"KG";"1,19";"3,31";"0";"0";"0";"1,19";"8056737781509";"HRANA"
".RAJCICA UMAK RAZNI OKUSI 360g";"014135901";"DELIZIE DAL SOLE";"0,36";"KG";"1,19";"3,31";"0";"0";"0";"1,19";"8017596103529";"HRANA"
".RAJCICA UMAK RAZNI OKUSI 360g";"014135901";"DELIZIE DAL SOLE";"0,36";"KG";"1,19";"3,31";"0";"0";"0";"1,19";"8017596103512";"HRANA"
".RAJCICA UMAK RAZNI OKUSI 360g";"014135901";"DELIZIE DAL SOLE";"0,36";"KG";"1,19";"3,31";"0";"0";"0";"1,19";"8017596103536";"HRANA"
".RAJCICA UMAK RAZNI OKUSI 360g";"014135901";"DELIZIE DAL SOLE";"0,36";"KG";"1,19";"3,31";"0";"0";"0";"1,19";"8017596103543";"HRANA"
".RAJCICA UMAK RAZNI OKUSI 360g";"014135901";"DELIZIE DAL SOLE";"0,36";"KG";"1,19";"3,31";"0";"0";"0";"1,19";"8017596115720";"HRANA"
".SALATA TUNA JEÈAM I PIR 2x160g";"017707001";"ATHENA";"0,32";"KG";"3,49";"10,91";"0";"0";"0";"3,49";"8017596130921";"HRANA"
".SALATA TUNA S GRAHOM 2x160g";"017706701";"ATHENA";"0,32";"KG";"3,49";"10,91";"0";"0";"0";"3,49";"8017596130914";"HRANA"
".SALATA TUNA S ŽITARICAMA 2x160g";"017706901";"ATHENA";"0,32";"KG";"3,49";"10,91";"0";"0";"0";"3,49";"8017596130938";"HRANA"
".SIR TOPLJENI LIST.SCAMORZA  200g";"016616701";"IL BRACIERE";"0,2";"KG";"1,39";"6,95";"1,29";"6,45";"1,39";"1,49";"8017596118059";"HRANA"
".SIR TOPLJENI LISTIÆI 800g";"017361701";"LAND";"0,8";"KG";"4,59";"5,74";"0";"0";"0";"4,49";"8017596127624";"HRANA"
".SIR ZA GRILL 2X100g";"016617001";"IL BRACIERE";"0,2";"KG";"2,49";"12,45";"2,39";"11,95";"2,49";"2,69";"8017596117809";"HRANA"
".SLAD.SANDW. OKR.VAN KAK 8KOM 280g";"011395101";"DOLCIANDO";"0,28";"KG";"2,49";"8,89";"0";"0";"0";"1,99";"8017596043412";"HRANA"
".SLAD.SANDW. OKR.VAN KAK 8KOM 280g";"011395101";"DOLCIANDO";"0,28";"KG";"2,49";"8,89";"0";"0";"0";"1,99";"8017596044747";"HRANA"
".SLADOLD KORNET ŠLAG PREM.6KOM 450g";"011880801";"AMO ESSERE ECCELLENTE";"0,45";"KG";"3,49";"7,76";"0";"0";"0";"3,49";"8017596043542";"HRANA"
".SLADOLD KORNET ŠLAG PREM.6KOM 450g";"011880801";"AMO ESSERE ECCELLENTE";"0,45";"KG";"3,49";"7,76";"0";"0";"0";"3,49";"8017596044532";"HRANA"
".SNACK OD KUKURUZA I SIRA 300g";"018250801";"MAMBO KIDS";"0,3";"KG";"1,49";"4,97";"0";"0";"0";"1,49";"8017596135650";"HRANA"
".SNACK OD KUKURUZA OKUS PIZZA 300g";"018238501";"MAMBO KIDS";"0,3";"KG";"1,99";"6,63";"0";"0";"0";"1,99";"8017596135346";"HRANA"
".SOK RAZNI OKUSI 12% VOÆA 1500ml";"016659101";"PUERTOSOL";"1,5";"LT";"1,09";"0,73";"0";"0";"0";"1,29";"8017596119759";"PIÆE"
".SOK RAZNI OKUSI 12% VOÆA 1500ml";"016659101";"PUERTOSOL";"1,5";"LT";"1,09";"0,73";"0";"0";"0";"1,29";"8017596119773";"PIÆE"
".SOK RAZNI OKUSI 12% VOÆA 1500ml";"016659101";"PUERTOSOL";"1,5";"LT";"1,09";"0,73";"0";"0";"0";"1,29";"8017596102225";"PIÆE"
".SOK RAZNI OKUSI 12% VOÆA 1500ml";"016659101";"PUERTOSOL";"1,5";"LT";"1,09";"0,73";"0";"0";"0";"1,29";"8017596114808";"PIÆE"
".SVIJEÆA ADVENTSKA BISERNA 2kom";"910150701";"NO BRAND";"1";"PZ";"2,49";"2,49";"0";"0";"0";"2,49";"3858888026325";"PROIZVODI ZA KUÆANSTVO"
".SVIJEÆA ADVENTSKA BISERNA 4kom";"910151301";"NO BRAND";"1";"PZ";"4,49";"4,49";"0";"0";"0";"4,49";"3858888026363";"PROIZVODI ZA KUÆANSTVO"
".SVIJEÆA ADVENTSKA CRVENA 2kom";"910150501";"NO BRAND";"1";"PZ";"2,49";"2,49";"0";"0";"0";"2,49";"3858888026318";"PROIZVODI ZA KUÆANSTVO"
".SVIJEÆA ADVENTSKA CRVENA 4kom";"910151101";"NO BRAND";"1";"PZ";"4,49";"4,49";"0";"0";"0";"4,49";"";"PROIZVODI ZA KUÆANSTVO"
".SVIJEÆA ADVENTSKA SREBRNA 2kom";"910150601";"NO BRAND";"1";"PZ";"2,49";"2,49";"0";"0";"0";"2,49";"3858888026332";"PROIZVODI ZA KUÆANSTVO"
".SVIJEÆA ADVENTSKA ZLATNA 2kom";"910150801";"NO BRAND";"1";"PZ";"2,49";"2,49";"0";"0";"0";"2,49";"3858888026301";"PROIZVODI ZA KUÆANSTVO"
".SVIJEÆA ADVENTSKA ZLATNA 4kom";"910151201";"NO BRAND";"1";"PZ";"4,49";"4,49";"0";"0";"0";"4,49";"3858888029708";"PROIZVODI ZA KUÆANSTVO"
".SVIJEÆA ADVENTSKA ZLATNA 4kom";"910151201";"NO BRAND";"1";"PZ";"4,49";"4,49";"0";"0";"0";"4,49";"3858888026349";"PROIZVODI ZA KUÆANSTVO"
".SVIJEÆA MIRISNA 100h";"016317901";"VICINO A TE";"1";"PZ";"5,99";"5,99";"0";"0";"0";"5,49";"8017596120489";"PROIZVODI ZA KUÆANSTVO"
".SVIJEÆA MIRISNA 100h";"016317901";"VICINO A TE";"1";"PZ";"5,99";"5,99";"0";"0";"0";"5,49";"8017596119636";"PROIZVODI ZA KUÆANSTVO"
".SVIJEÆA MIRISNA 100h";"016317901";"VICINO A TE";"1";"PZ";"5,99";"5,99";"0";"0";"0";"5,49";"8017596119742";"PROIZVODI ZA KUÆANSTVO"
".SVIJEÆA MIRISNA 100h";"016317901";"VICINO A TE";"1";"PZ";"5,99";"5,99";"0";"0";"0";"5,49";"8017596119629";"PROIZVODI ZA KUÆANSTVO"
".SVIJEÆA MIRISNA 100h";"016317901";"VICINO A TE";"1";"PZ";"5,99";"5,99";"0";"0";"0";"5,49";"8005730031111";"PROIZVODI ZA KUÆANSTVO"
".SVIJEÆA MIRISNA 100h";"016317901";"VICINO A TE";"1";"PZ";"5,99";"5,99";"0";"0";"0";"5,49";"8005730031128";"PROIZVODI ZA KUÆANSTVO"
".SVIJEÆA MIRISNA 100h";"016317901";"VICINO A TE";"1";"PZ";"5,99";"5,99";"0";"0";"0";"5,49";"8005730031104";"PROIZVODI ZA KUÆANSTVO"
".SVIJEÆA MIRISNA 100h";"016317901";"VICINO A TE";"1";"PZ";"5,99";"5,99";"0";"0";"0";"5,49";"8017596124135";"PROIZVODI ZA KUÆANSTVO"
".SVIJEÆA MIRISNA 100h";"016317901";"VICINO A TE";"1";"PZ";"5,99";"5,99";"0";"0";"0";"5,49";"8017596124142";"PROIZVODI ZA KUÆANSTVO"
".SVIJEÆA MIRISNA 100h";"016317901";"VICINO A TE";"1";"PZ";"5,99";"5,99";"0";"0";"0";"5,49";"8017596124159";"PROIZVODI ZA KUÆANSTVO"
".SVIJEÆA MIRISNA 100h";"016317901";"VICINO A TE";"1";"PZ";"5,99";"5,99";"0";"0";"0";"5,49";"8017596124166";"PROIZVODI ZA KUÆANSTVO"
".SVIJEÆA MIRISNA 100h";"016317901";"VICINO A TE";"1";"PZ";"5,99";"5,99";"0";"0";"0";"5,49";"8017596129581";"PROIZVODI ZA KUÆANSTVO"
".SVIJEÆA MIRISNA 100h";"016317901";"VICINO A TE";"1";"PZ";"5,99";"5,99";"0";"0";"0";"5,49";"8017596129598";"PROIZVODI ZA KUÆANSTVO"
".SVIJEÆA MIRISNA 100h";"016317901";"VICINO A TE";"1";"PZ";"5,99";"5,99";"0";"0";"0";"5,49";"8017596124180";"PROIZVODI ZA KUÆANSTVO"
".SVIJEÆA MIRISNA 100h";"016317901";"VICINO A TE";"1";"PZ";"5,99";"5,99";"0";"0";"0";"5,49";"8017596124173";"PROIZVODI ZA KUÆANSTVO"
".SVIJEÈA ADVENTSKA SREBRNA 4kom";"910150901";"NO BRAND";"1";"PZ";"4,49";"4,49";"0";"0";"0";"4,49";"3858888026356";"PROIZVODI ZA KUÆANSTVO"
".SVJEŽI NJOKI TRI BOJE 500g";"016567801";"TRE MULINI";"0,5";"KG";"1,69";"3,38";"0";"0";"0";"1,69";"8017596117946";"HRANA"
".TARALLI MULTIPACK 10X50g";"017928201";"TRE MULINI";"0,5";"KG";"1,69";"3,38";"0";"0";"0";"1,59";"8017596132741";"HRANA"
".TEK. SAP. ZA UKLANJ. MIRISA 500ml";"018510801";"NEAR YOUR XXX";"0,5";"LT";"1,29";"2,58";"0";"0";"0";"1,19";"8017596138422";"KOZMETIKA"
".TJESTENINA MEZZE PENNE RIG. 1,5kg";"012134401";"TRE MULINI";"1,5";"KG";"1,69";"1,13";"0";"0";"0";"1,69";"8017596064813";"HRANA"
".TJESTENINA PENNE RIGATE BRONZO 1Kg";"018519801";"TRE MULINI";"1";"KG";"1,59";"1,59";"0";"0";"0";"1,69";"8017596138538";"HRANA"
".TJESTENINA SPAGHETTI 1,5kg";"018452101";"TRE MULINI";"1,5";"KG";"1,69";"1,13";"0";"0";"0";"1,69";"8017596058768";"HRANA"
".TJESTENINA SPAGHETTI BRONZO 1Kg";"018519401";"TRE MULINI";"1";"KG";"1,59";"1,59";"0";"0";"0";"1,69";"8017596138545";"HRANA"
".TOALETNI PAPIR RECIKL.2S,400L,12R";"015623401";"SOFT DREAM";"1";"PZ";"6,49";"6,49";"0";"0";"0";"5,99";"8005495468719";"TOALETNE POTREPŠTINE"
".TOALETNI PAPIR RECIKL.2S,400L,12R";"015623401";"SOFT DREAM";"1";"PZ";"6,49";"6,49";"0";"0";"0";"5,99";"8017596132154";"TOALETNE POTREPŠTINE"
".TORTA SA PISTACIJAMA 400g";"018193001";"NO BRAND";"0,4";"KG";"3,99";"9,98";"0";"0";"0";"3,99";"8017596134981";"HRANA"
".TORTA SA SLANOM KARAMELOM 400g";"017770401";"DM DUCA MOSCATI";"0,4";"KG";"3,69";"9,23";"0";"0";"0";"3,69";"8017596131171";"HRANA"
".TOSKANSKA PORCHETTA NAR.PREM.100g";"015771201";"AMO ESSERE ECCELLENTE";"0,1";"KG";"2,79";"27,9";"2,49";"24,9";"2,79";"2,79";"8017596107992";"HRANA"
".TOSKANSKA PORCHETTA NAR.PREM.100g";"015771201";"AMO ESSERE ECCELLENTE";"0,1";"KG";"2,79";"27,9";"2,49";"24,9";"2,79";"2,79";"8017596127013";"HRANA"
".ULOŽAK ZA LAMPION 3 DANA";"910147001";"NO BRAND";"1";"PZ";"0,99";"0,99";"0";"0";"0";"0,99";"5905033450653";"PROIZVODI ZA KUÆANSTVO"
".ULOŽAK ZA LAMPION ELEKTRIÈNI 120D.";"910183601";"NO BRAND";"1";"PZ";"2,99";"2,99";"0";"0";"0";"2,99";"3858883231021";"PROIZVODI ZA KUÆANSTVO"
".ULOŽAK ZA LAMPION ELEKTRIÈNI 120D.";"910183601";"NO BRAND";"1";"PZ";"2,99";"2,99";"0";"0";"0";"2,99";"3858888027537";"PROIZVODI ZA KUÆANSTVO"
".UMAK BOLOGNESE 3x100g";"017916701";"DELIZIE DAL SOLE";"0,3";"KG";"2,49";"8,3";"0";"0";"0";"2,39";"8017596132758";"HRANA"
".UMAK OD DATTERINO RAJ PREM 500g";"017392201";"AMO ESSERE ECCELLENTE";"0,5";"KG";"1,59";"3,18";"0";"0";"0";"1,59";"8017596128423";"HRANA"
".VARIVO OD GRAHA 500ml";"015223001";"DELIZIE DAL SOLE";"0,5";"KG";"1,09";"2,18";"0";"0";"0";"1,19";"8017596067159";"HRANA"
".VIŠNJE/DUMBIR U TAMNOJ ÈOKO 150g";"016863701";"DOLCIANDO";"0,15";"KG";"2,49";"16,6";"0";"0";"0";"1,79";"8017596120144";"HRANA"
".VIŠNJE/DUMBIR U TAMNOJ ÈOKO 150g";"016863701";"DOLCIANDO";"0,15";"KG";"2,49";"16,6";"0";"0";"0";"1,79";"8017596120137";"HRANA"
".ÈIPS PAPRIKA 200g";"016085701";"MAMBO KIDS";"0,2";"KG";"1,29";"6,45";"0";"0";"0";"1,39";"8017596069214";"HRANA"
".ÈOK.BOŽIÈNE FIGURICE 225G";"018223601";"NO BRAND";"0,225";"KG";"3,39";"15,07";"0";"0";"0";"2,69";"4013900510438";"HRANA"
".ÈOK.FIGURICE U MREŽICI 100g";"013469601";"NO BRAND";"0,1";"KG";"1,39";"13,9";"0";"0";"0";"0,99";"8017596078155";"HRANA"
".ÈOK.FIGURICE U MREŽICI 100g";"013469601";"NO BRAND";"0,1";"KG";"1,39";"13,9";"0";"0";"0";"0,99";"8008743027812";"HRANA"
".ÈOK.MLIJ.SA KRISTALIMA SOLI 180g";"016600101";"DOLCIANDO";"0,18";"KG";"2,79";"15,5";"0";"0";"0";"2,49";"8017596117618";"HRANA"
".ÈOKOLADNE FIGURICE BOŽIÆ 55g";"016326701";"DOLCIANDO";"0,055";"KG";"1,79";"32,55";"0";"0";"0";"1,79";"8017596115096";"HRANA"
".ÈOKOLADNE KUGLICE 100G";"018223501";"NO BRAND";"0,1";"KG";"1,99";"19,9";"0";"0";"0";"1,59";"4013900509661";"HRANA"
".ŠTRUDLA S JAB.GROŽ.PINJO.PREM.600g";"015762001";"AMO ESSERE ECCELLENTE";"0,6";"KG";"3,49";"5,82";"2,99";"4,98";"3,49";"3,49";"8017596041982";"HRANA"
".ŠTRUDLA S JAB.GROŽ.PINJO.PREM.600g";"015762001";"AMO ESSERE ECCELLENTE";"0,6";"KG";"3,49";"5,82";"2,99";"4,98";"3,49";"3,49";"8017596044518";"HRANA"
".ŠUNKA KUHANA PEÈENA PREM.120g";"016363001";"AMO ESSERE ECCELLENTE";"0,12";"KG";"3,39";"28,25";"2,99";"24,92";"3,39";"3,39";"8017596115249";"HRANA"
".ŠUNKA KUHANA PEÈENA PREM.120g";"016363001";"AMO ESSERE ECCELLENTE";"0,12";"KG";"3,39";"28,25";"2,99";"24,92";"3,39";"3,39";"8017596127020";"HRANA"
".ŠUNKA PEÈENA U MREŽI";"910016201";"NO BRAND";"1";"KG";"7,99";"7,99";"0";"0";"0";"6,99";"";"HRANA"
"9VAKAÆA GUM.OR.CARE 3*23,8g 71,4g";"016940701";"SPINCLASS";"0,0714";"KG";"1,39";"19,47";"0";"0";"0";"1,39";"24100939";"HRANA"
"ACETON ZA UKL. LAKA ZA NOKTE 125ml";"018583101";"FIOR DI MAGNOLIA";"0,125";"LT";"0,59";"4,72";"0";"0";"0";"0,59";"24103701";"KOZMETIKA"
"ADRIA SARDINE U BILJNOM ULJU 95g";"910212001";"NO BRAND";"0,095";"KG";"0,95";"10";"0";"0";"0";"0,95";"3856020276256";"HRANA"
"AJVAR BLAGI 360g";"900346201";"SUNNY NATURE";"0,36";"KG";"1,89";"5,25";"0";"0";"0";"1,89";"5310246000951";"HRANA"
"AJVAR BLAGI 360g";"900346201";"SUNNY NATURE";"0,36";"KG";"1,89";"5,25";"0";"0";"0";"1,89";"8017596111654";"HRANA"
"AJVAR BLAGI 690g";"900477301";"SUNNY NATURE";"0,69";"KG";"2,79";"4,04";"0";"0";"0";"2,39";"8017596111647";"HRANA"
"AJVAR BLAGI PREMIUM 290G";"910196701";"IL BRACIERE";"0,29";"KG";"3,39";"11,69";"0";"0";"0";"3,39";"8017596135599";"HRANA"
"AJVAR LJUTI 360g";"900346101";"SUNNY NATURE";"0,36";"KG";"1,89";"5,25";"0";"0";"0";"1,89";"5310246000944";"HRANA"
"AJVAR LJUTI 360g";"900346101";"SUNNY NATURE";"0,36";"KG";"1,89";"5,25";"0";"0";"0";"1,89";"8017596111661";"HRANA"
"AJVAR LJUTI PREMIUM 550g";"900482001";"SUNNY NATURE";"0,55";"KG";"4,99";"9,07";"0";"0";"0";"4,99";"8017596111630";"HRANA"
"AJVAR LJUTI PREMUIM 290G";"910196601";"IL BRACIERE";"0,29";"KG";"3,39";"11,69";"0";"0";"0";"3,39";"8017596135599";"HRANA"
"AJVAR LJUTI PREMUIM 290G";"910196601";"IL BRACIERE";"0,29";"KG";"3,39";"11,69";"0";"0";"0";"3,39";"8017596135605";"HRANA"
"ALPSKA JUHA 58g";"900483101";"EAT EASY AND TASTY";"0,058";"KG";"0,69";"11,9";"0";"0";"0";"0,69";"8017596111371";"HRANA"
"ALUMIN.POSUDE B.POK. 6 P, 4kom";"014809901";"SISTEMA CASA";"1";"PZ";"1,49";"1,49";"0";"0";"0";"1,49";"8017596100313";"PROIZVODI ZA KUÆANSTVO"
"ALUMIN.POSUDE B.POK. OKRUGLE 4kom";"016316501";"SISTEMA CASA";"1";"PZ";"0,99";"0,99";"0";"0";"0";"0,99";"8005330041183";"PROIZVODI ZA KUÆANSTVO"
"ALUMIN.POSUDE B.POK. OKRUGLE 4kom";"016316501";"SISTEMA CASA";"1";"PZ";"0,99";"0,99";"0";"0";"0";"0,99";"8017596105684";"PROIZVODI ZA KUÆANSTVO"
"ALUMIN.POSUDE BEZ POK. 12 P, 3kom";"014696601";"SISTEMA CASA";"1";"PZ";"1,49";"1,49";"0";"0";"0";"1,49";"8017596100337";"PROIZVODI ZA KUÆANSTVO"
"ALUMIN.POSUDE BEZ POK. 4 P, 5kom";"017818901";"SISTEMA CASA";"1";"PZ";"0,99";"0,99";"0";"0";"0";"0,99";"8017596100306";"PROIZVODI ZA KUÆANSTVO"
"ALUMIN.POSUDE BEZ POK. 4 P, 5kom";"017818901";"SISTEMA CASA";"1";"PZ";"0,99";"0,99";"0";"0";"0";"0,99";"8005330041176";"PROIZVODI ZA KUÆANSTVO"
"ALUMINIJSKA FOLIJA 150m";"010269601";"SISTEMA CASA";"1";"PZ";"11,99";"11,99";"0";"0";"0";"11,99";"8017596019356";"PROIZVODI ZA KUÆANSTVO"
"ALUMINIJSKA FOLIJA 30m";"017331001";"SISTEMA CASA";"1";"PZ";"2,99";"2,99";"0";"0";"0";"2,99";"8011851200336";"PROIZVODI ZA KUÆANSTVO"
"ALUMINIJSKA FOLIJA 30m";"017331001";"SISTEMA CASA";"1";"PZ";"2,99";"2,99";"0";"0";"0";"2,99";"4007749703908";"PROIZVODI ZA KUÆANSTVO"
"ALUMINIJSKA FOLIJA 30m";"017331001";"SISTEMA CASA";"1";"PZ";"2,99";"2,99";"0";"0";"0";"2,99";"4008284076304";"PROIZVODI ZA KUÆANSTVO"
"ALUMINIJSKA FOLIJA 30m";"017331001";"SISTEMA CASA";"1";"PZ";"2,99";"2,99";"0";"0";"0";"2,99";"8017596069948";"PROIZVODI ZA KUÆANSTVO"
"AMARO 35% vol. 700ml";"017308901";"NO BRAND";"0,7";"LT";"6,99";"9,99";"0";"0";"0";"6,49";"8001305331501";"PIÆE"
"AMONIJAK MIRISNI 2l";"017650101";"DEXAL";"2";"LT";"1,09";"0,55";"0";"0";"0";"1,09";"8007930321153";"SREDSTVA ZA ÈIŠÆENJE"
"AMONIJAK MIRISNI 2l";"017650101";"DEXAL";"2";"LT";"1,09";"0,55";"0";"0";"0";"1,09";"8017596119667";"SREDSTVA ZA ÈIŠÆENJE"
"AMONIJAK MIRISNI 2l";"017650101";"DEXAL";"2";"LT";"1,09";"0,55";"0";"0";"0";"1,09";"8003985211869";"SREDSTVA ZA ÈIŠÆENJE"
"AMONIJAK MIRISNI 2l";"017650101";"DEXAL";"2";"LT";"1,09";"0,55";"0";"0";"0";"1,09";"8003985210558";"SREDSTVA ZA ÈIŠÆENJE"
"ANANAS kom";"080462201";"NO BRAND";"1";"PZ";"2,22";"2,22";"0";"0";"0";"2,49";"";"HRANA"
"APERITIV SPRITZ 8% 750ml";"017253301";"NO BRAND";"0,75";"LT";"2,69";"3,59";"0";"0";"0";"2,69";"8000428033804";"PIÆE"
"APERITIV SPRITZ 8% 750ml";"017253301";"NO BRAND";"0,75";"LT";"2,69";"3,59";"0";"0";"0";"2,69";"8000672006630";"PIÆE"
"APERITIV SPRITZ 8% 750ml";"017253301";"NO BRAND";"0,75";"LT";"2,69";"3,59";"0";"0";"0";"2,69";"8004565073013";"PIÆE"
"APERITIVO LIGHT DRINK 11% 700ml";"900546401";"NO BRAND";"0,7";"LT";"3,99";"5,7";"0";"0";"0";"3,99";"8000672006241";"PIÆE"
"ARANCIN KEKSI 350g";"910193801";"NO BRAND";"0,35";"KG";"4,79";"13,69";"0";"0";"0";"4,79";"3830062492850";"HRANA"
"ARANCINI U ÈOKOLADI 150 g";"080492601";"NO BRAND";"0,15";"KG";"3,99";"26,6";"0";"0";"0";"3,99";"8005912012990";"HRANA"
"ARGENTINSKI OSLIÆ BEZ UTROBE 500g";"010902701";"ATHENA";"0,5";"KG";"2,49";"4,98";"0";"0";"0";"2,49";"8017596040350";"HRANA"
"ARGENTISKI ODREZAK 300g";"910068001";"NO BRAND";"0,3";"KG";"8,19";"27,3";"0";"0";"0";"7,99";"3838876024854";"HRANA"
"ARTIÈOKE ÈEŠNJAK/PERŠIN 285g/171g";"009814201";"DELIZIE DAL SOLE";"0,285";"KG";"1,59";"5,58";"0";"0";"0";"1,59";"8017596000248";"HRANA"
"AVOKADO kom";"080138802";"NO BRAND";"0,3";"KG";"1,19";"3,97";"0,89";"2,97";"1,19";"1,19";"9999999999994";"HRANA"
"AVOKADO kom";"080138802";"NO BRAND";"0,3";"KG";"1,19";"3,97";"0,89";"2,97";"1,19";"1,19";"8022095001962";"HRANA"
"BABY MARAM.JOJO.BIORAZGRADIVE 80kom";"910155401";"NO BRAND";"1";"PZ";"1,45";"1,45";"0";"0";"0";"1,45";"3859890063933";"KOZMETIKA"
"BABY PELENE MAXI 4, 7-18 kg 40kom";"013631901";"HELLO BABY";"1";"PZ";"6,79";"6,79";"0";"0";"0";"6,79";"8017596073778";"KOZMETIKA"
"BABY PELENE XL 6,15-30kg, 16kom";"013574501";"HELLO BABY";"1";"PZ";"3,59";"3,59";"0";"0";"0";"3,58";"8017596073761";"KOZMETIKA"
"BABY ULJE NJEŽNO 300 ml";"016962601";"HELLO BABY";"0,3";"LT";"3,49";"11,63";"0";"0";"0";"3,49";"8017596119018";"KOZMETIKA"
"BABY VLAŽNE MARAM.ZOB.MLI. 80M 4kom";"910155301";"NO BRAND";"1";"PZ";"4,39";"4,39";"0";"0";"0";"4,39";"3859890063957";"KOZMETIKA"
"BABY VLAŽNE MARAMICE ZOB.MLIJ.80kom";"910155201";"NO BRAND";"1";"PZ";"1,09";"1,09";"0";"0";"0";"1,09";"3859890063940";"KOZMETIKA"
"BADEM JEZGRA 100g";"009889201";"MISTER SIBAMBA";"0,1";"KG";"1,49";"14,9";"0";"0";"0";"1,49";"8017596002693";"HRANA"
"BADEM JEZGRA 250g";"015344301";"MISTER SIBAMBA";"0,25";"KG";"3,69";"14,76";"0";"0";"0";"3,69";"8017596109798";"HRANA"
"BADEM JEZGRA 500g";"080120101";"NO BRAND";"0,5";"KG";"5,99";"11,98";"0";"0";"0";"5,49";"9999999999994";"HRANA"
"BADEM JEZGRA 500g";"080120101";"NO BRAND";"0,5";"KG";"5,99";"11,98";"0";"0";"0";"5,49";"8005912002403";"HRANA"
"BADEM JEZGRA 500g";"080120101";"NO BRAND";"0,5";"KG";"5,99";"11,98";"0";"0";"0";"5,49";"9999999999994";"HRANA"
"BADEM JEZGRA 500g";"080120101";"NO BRAND";"0,5";"KG";"5,99";"11,98";"0";"0";"0";"5,49";"8005912005732";"HRANA"
"BADEM JEZGRA 500g";"080120101";"NO BRAND";"0,5";"KG";"5,99";"11,98";"0";"0";"0";"5,49";"3870885003567";"HRANA"
"BADEM JEZGRA 500g";"080120101";"NO BRAND";"0,5";"KG";"5,99";"11,98";"0";"0";"0";"5,49";"3859893512667";"HRANA"
"BADEM JEZGRA 800g SIBAMBA";"017147901";"MISTER SIBAMBA";"0,8";"KG";"8,99";"11,24";"0";"0";"0";"9,99";"8057737402029";"HRANA"
"BADEM JEZGRA 800g SIBAMBA";"017147901";"MISTER SIBAMBA";"0,8";"KG";"8,99";"11,24";"0";"0";"0";"9,99";"8017596124449";"HRANA"
"BADEM OGULJENI 100g";"012932601";"MISTER SIBAMBA";"0,1";"KG";"1,69";"16,9";"0";"0";"0";"1,69";"8017596012463";"HRANA"
"BAGREMOV MED 450g_ HRV";"910198101";"PUTOVANJE KROZ OKUSE";"0,45";"KG";"5,99";"13,31";"0";"0";"0";"5,99";"8017596135582";"HRANA"
"BAGUETTE KUKURUZNI MIJEŠANI 250g";"910204001";"NO BRAND";"0,25";"KG";"0,89";"3,56";"0";"0";"0";"0,89";"";"HRANA"
"BAGUETTE SA BUÈINIM SJEMENKAMA 250g";"910213501";"NO BRAND";"0,25";"KG";"1,19";"4,76";"0";"0";"0";"1,19";"";"HRANA"
"BALONI DUGULJASTI 4kom";"005703001";"IL GIOCOLIERE";"1";"PZ";"1,06";"1,06";"0";"0";"0";"1,06";"8017596057389";"PROIZVODI ZA KUÆANSTVO"
"BALONI METALIK 10kom";"005702301";"IL GIOCOLIERE";"1";"PZ";"1,06";"1,06";"0";"0";"0";"1,06";"8017596057327";"PROIZVODI ZA KUÆANSTVO"
"BALONI MEÐUSOBNO POVEZIVANJE 10kom";"005702101";"IL GIOCOLIERE";"1";"PZ";"1,33";"1,33";"0";"0";"0";"1,33";"8017596057303";"PROIZVODI ZA KUÆANSTVO"
"BALONI PROMJER 13cm 30kom";"005702901";"IL GIOCOLIERE";"1";"PZ";"1,33";"1,33";"0";"0";"0";"1,33";"8017596057372";"PROIZVODI ZA KUÆANSTVO"
"BALONI PROMJER 26cm 14kom";"005701701";"IL GIOCOLIERE";"1";"PZ";"0,93";"0,93";"0";"0";"0";"0,93";"8017596057273";"PROIZVODI ZA KUÆANSTVO"
"BALONI RAZLIÈITIH OBLIKA 10kom";"005702001";"IL GIOCOLIERE";"1";"PZ";"0,93";"0,93";"0";"0";"0";"0,93";"8017596057297";"PROIZVODI ZA KUÆANSTVO"
"BALONI S GUMICOM 3kom";"005702201";"IL GIOCOLIERE";"1";"PZ";"1,06";"1,06";"0";"0";"0";"1,06";"8017596057310";"PROIZVODI ZA KUÆANSTVO"
"BALONI S PUMPOM 8kom";"005703201";"IL GIOCOLIERE";"1";"PZ";"1,59";"1,59";"0";"0";"0";"1,59";"8017596057402";"PROIZVODI ZA KUÆANSTVO"
"BALONI SA ZVIŽDALJKAMA 10kom";"005701401";"IL GIOCOLIERE";"1";"PZ";"1,19";"1,19";"0";"0";"0";"1,19";"8017596057242";"PROIZVODI ZA KUÆANSTVO"
"BALONI TANTI AUGURI PR. 28cm 10kom";"005701901";"IL GIOCOLIERE";"1";"PZ";"0,93";"0,93";"0";"0";"0";"0,93";"8017596057280";"PROIZVODI ZA KUÆANSTVO"
"BALONI TISAK ZVJEZDICE 8kom";"005702701";"IL GIOCOLIERE";"1";"PZ";"1,33";"1,33";"0";"0";"0";"1,33";"8017596057358";"PROIZVODI ZA KUÆANSTVO"
"BALONI TISAK ŽIVOTINJA 10kom";"005703101";"IL GIOCOLIERE";"1";"PZ";"0,93";"0,93";"0";"0";"0";"0,93";"8017596057396";"PROIZVODI ZA KUÆANSTVO"
"BALONI U OBLIKU SRCA PRO.25cm 10kom";"005702801";"IL GIOCOLIERE";"1";"PZ";"1,06";"1,06";"0";"0";"0";"1,06";"8017596057365";"PROIZVODI ZA KUÆANSTVO"
"BALONI VODENI 80kom";"005701601";"IL GIOCOLIERE";"1";"PZ";"0,93";"0,93";"0";"0";"0";"0,93";"8017596057266";"PROIZVODI ZA KUÆANSTVO"
"BALONI ZA OBLIKOVANJE 16kom";"005701501";"IL GIOCOLIERE";"1";"PZ";"1,19";"1,19";"0";"0";"0";"1,19";"8017596057259";"PROIZVODI ZA KUÆANSTVO"
"BALZAM NAKON BRIJANJA SE/FR 100ml";"017441601";"NISSHE";"0,1";"LT";"2,09";"20,9";"0";"0";"0";"1,99";"8017596015020";"KOZMETIKA"
"BALZAM NAKON BRIJANJA SE/FR 100ml";"017441601";"NISSHE";"0,1";"LT";"2,09";"20,9";"0";"0";"0";"1,99";"8017596015013";"KOZMETIKA"
"BALZAM ZA KOSU HIDRAT/HRANJIV 250ml";"016678801";"NEAR YOUR XXX";"0,25";"LT";"1,29";"5,16";"0";"0";"0";"1,29";"8017596114532";"KOZMETIKA"
"BALZAM ZA KOSU HIDRAT/HRANJIV 250ml";"016678801";"NEAR YOUR XXX";"0,25";"LT";"1,29";"5,16";"0";"0";"0";"1,29";"8017596114525";"KOZMETIKA"
"BALZAM ZA KOSU KOKOS VANILIJA 500ml";"016177101";"NEAR YOUR XXX";"0,5";"LT";"1,19";"2,38";"0";"0";"0";"1,19";"8017596070906";"KOZMETIKA"
"BALZAM ZA KOSU RAVNU/KOVRÈAVU 200ml";"016406201";"COLOR LOOK";"0,2";"LT";"1,69";"8,45";"0";"0";"0";"1,65";"8017596114631";"KOZMETIKA"
"BALZAM ZA KOSU RAVNU/KOVRÈAVU 200ml";"016406201";"COLOR LOOK";"0,2";"LT";"1,69";"8,45";"0";"0";"0";"1,65";"8017596114648";"KOZMETIKA"
"BALZAM ZA USNE U STICKU 5ml";"017090301";"NEAR YOUR XXX";"0,005";"LT";"0,99";"198";"0";"0";"0";"0,99";"8017596069108";"KOZMETIKA"
"BALZAM ZA USNE U STICKU 5ml";"017090301";"NEAR YOUR XXX";"0,005";"LT";"0,99";"198";"0";"0";"0";"0,99";"8017596069146";"KOZMETIKA"
"BALZAM ZA USNE U STICKU 5ml";"017090301";"NEAR YOUR XXX";"0,005";"LT";"0,99";"198";"0";"0";"0";"0,99";"8017596069115";"KOZMETIKA"
"BALZAM ZA USNE U STICKU 5ml";"017090301";"NEAR YOUR XXX";"0,005";"LT";"0,99";"198";"0";"0";"0";"0,99";"8017596069139";"KOZMETIKA"
"BALZAM ZA USNE U STICKU 5ml";"017090301";"NEAR YOUR XXX";"0,005";"LT";"0,99";"198";"0";"0";"0";"0,99";"8017596069122";"KOZMETIKA"
"BAMIJA rfz";"080626901";"NO BRAND";"1";"KG";"7,49";"7,49";"0";"0";"0";"9,99";"";"HRANA"
"BANANA ÈIPS 90g";"080121501";"NO BRAND";"0,09";"KG";"0,99";"11";"0";"0";"0";"0,99";"9999999999994";"HRANA"
"BANANA ÈIPS 90g";"080121501";"NO BRAND";"0,09";"KG";"0,99";"11";"0";"0";"0";"0,99";"8005912014734";"HRANA"
"BANANE rfz";"080022402";"NO BRAND";"1";"KG";"1,44";"1,44";"0";"0";"0";"1,44";"";"HRANA"
"BANJALUÈKI ÆEVAPI MAP 500g";"910140801";"NO BRAND";"0,5";"KG";"4,49";"8,98";"0";"0";"0";"4,39";"3858892095485";"HRANA"
"BATAT 1kg";"080330301";"NO BRAND";"1";"KG";"2,39";"2,39";"0";"0";"0";"2,19";"2834554010004";"HRANA"
"BATAT 1kg";"080330301";"NO BRAND";"1";"KG";"2,39";"2,39";"0";"0";"0";"2,19";"3858885875193";"HRANA"
"BATAT 1kg";"080330301";"NO BRAND";"1";"KG";"2,39";"2,39";"0";"0";"0";"2,19";"3858893060000";"HRANA"
"BATAT 1kg";"080330301";"NO BRAND";"1";"KG";"2,39";"2,39";"0";"0";"0";"2,19";"3857500102195";"HRANA"
"BATAT 1kg";"080330301";"NO BRAND";"1";"KG";"2,39";"2,39";"0";"0";"0";"2,19";"3859894214119";"HRANA"
"BATERIJA 1,5V AA EXTRA POWER 4kom";"910004801";"NO BRAND";"1";"PZ";"1,29";"1,29";"0";"0";"0";"1,29";"4008496626427";"PROIZVODI ZA KUÆANSTVO"
"BATERIJA 1,5V AA EXTRA POWER 4kom";"910004801";"NO BRAND";"1";"PZ";"1,29";"1,29";"0";"0";"0";"1,29";"4008496626410";"PROIZVODI ZA KUÆANSTVO"
"BATERIJA 1,5V AA KEIROS 8kom";"011969301";"KEIROS";"1";"PZ";"1,99";"1,99";"0";"0";"0";"1,99";"8017596011725";"PROIZVODI ZA KUÆANSTVO"
"BATERIJA 1,5V AA POWER TECH 4kom";"011969101";"KEIROS";"1";"PZ";"1,19";"1,19";"0";"0";"0";"1,19";"8017596018830";"PROIZVODI ZA KUÆANSTVO"
"BATERIJA 1,5V AAA 8kom";"017271601";"KEIROS";"1";"PZ";"1,99";"1,99";"0";"0";"0";"1,99";"8017596120809";"PROIZVODI ZA KUÆANSTVO"
"BATERIJA 1,5V AAA POWER TECH 4kom";"011969701";"KEIROS";"1";"PZ";"1,19";"1,19";"0";"0";"0";"1,19";"8017596018823";"PROIZVODI ZA KUÆANSTVO"
"BATERIJA 9V EXTRA POWER 1kom";"910004701";"NO BRAND";"1";"PZ";"1,49";"1,49";"0";"0";"0";"1,49";"4008496626663";"PROIZVODI ZA KUÆANSTVO"
"BATERIJA 9V EXTRA POWER 1kom";"910004701";"NO BRAND";"1";"PZ";"1,49";"1,49";"0";"0";"0";"1,49";"4008496626656";"PROIZVODI ZA KUÆANSTVO"
"BATERIJA 9V KEIROS 1kom";"011969601";"KEIROS";"1";"PZ";"1,29";"1,29";"0";"0";"0";"1,29";"8017596011756";"PROIZVODI ZA KUÆANSTVO"
"BATERIJA OKRUGLA CR2032 2kom";"017214801";"KEIROS";"1";"PZ";"1,39";"1,39";"0";"0";"0";"1,39";"8017596120816";"PROIZVODI ZA KUÆANSTVO"
"BATERIJA OKRUGLA V13GA/LR44 2kom";"017277001";"KEIROS";"1";"PZ";"1,39";"1,39";"0";"0";"0";"1,39";"8017596120823";"PROIZVODI ZA KUÆANSTVO"
"BB KREMA ZA LICE 50ml";"012191101";"FIOR DI MAGNOLIA";"0,05";"LT";"2,64";"52,8";"0";"0";"0";"2,64";"8017596069870";"KOZMETIKA"
"BB KREMA ZA LICE 50ml";"012191101";"FIOR DI MAGNOLIA";"0,05";"LT";"2,64";"52,8";"0";"0";"0";"2,64";"8017596069887";"KOZMETIKA"
"BERRY MIX 150g";"080600501";"NO BRAND";"0,15";"KG";"3,49";"23,27";"0";"0";"0";"2,99";"8058056199515";"HRANA"
"BEZAL.GAZ.APERITIVO BIONDO 10x100ml";"017618902";"BLUES";"1";"LT";"2,99";"2,99";"0";"0";"0";"2,99";"8017596123350";"PIÆE"
"BEZALK. PIÆE ACE MULTIVITA. 6X200ml";"010339601";"PUERTOSOL";"1,2";"LT";"2,29";"1,91";"0";"0";"0";"2,29";"8017596050328";"PIÆE"
"BEZALK. PIÆE ACE MULTIVITA.6X200ml";"910212401";"DELIZIE DAL SOLE";"1,2";"LT";"2,29";"1,91";"0";"0";"0";"2,29";"8017596050328";"PIÆE"
"BEZALK. PIÆE ANANAS/JABUKA 1500ml";"009111203";"PUERTOSOL";"1,5";"LT";"1,49";"0,99";"0";"0";"0";"1,39";"8017596130556";"PIÆE"
"BEZALK.GAZ.APERITIVO ROSSO 10x100ml";"017619002";"BLUES";"1";"LT";"2,99";"2,99";"0";"0";"0";"2,99";"8017596123367";"PIÆE"
"BEZALK.PIÆE MULTIVITAMIN 1500ml";"009111201";"PUERTOSOL";"1,5";"LT";"1,49";"0,99";"0";"0";"0";"1,39";"8017596119780";"PIÆE"
"BEÈKA JUHA 58g";"900483201";"EAT EASY AND TASTY";"0,058";"KG";"0,69";"11,9";"0";"0";"0";"0,69";"8017596111388";"HRANA"
"BEŠAMEL UHT 500ml";"011832201";"LAND";"0,5";"LT";"1,99";"3,98";"0";"0";"0";"1,99";"8017596011862";"HRANA"
"BIFIDUS DRINK 1% M.M. 1kg";"910183301";"LAND";"1";"KG";"1,65";"1,65";"0";"0";"0";"1,59";"8017596133922";"HRANA"
"BIFIDUS DRINK 1% M.M. 330g";"910183401";"LAND";"0,33";"KG";"0,95";"2,88";"0";"0";"0";"0,85";"8017596133939";"HRANA"
"BIJELA COKOLADA SA BOMBONIMA 40g";"018374301";"NO BRAND";"0,04";"KG";"0,99";"24,75";"0";"0";"0";"0,99";"8003535091378";"HRANA"
"BIJELI CRAFT KRUH S LANOM 400g";"910217501";"NO BRAND";"0,4";"KG";"1,99";"4,98";"0";"0";"0";"1,99";"";"HRANA"
"BIJELI PAPAR 50g";"009324001";"DON JEREZ";"0,05";"KG";"1,09";"21,8";"0";"0";"0";"1,09";"80731023";"HRANA"
"BILJKA ALOE VERA";"080100601";"NO BRAND";"1";"PZ";"4,49";"4,49";"0";"0";"0";"4,99";"9999999999994";"HRANA"
"BILJKA ALOE VERA";"080100601";"NO BRAND";"1";"PZ";"4,49";"4,49";"0";"0";"0";"4,99";"3858894410118";"HRANA"
"BILJKA ANTHURIUM";"080221701";"NO BRAND";"1";"PZ";"6,99";"6,99";"0";"0";"0";"7,69";"2020067107045";"HRANA"
"BILJKA ANTHURIUM";"080221701";"NO BRAND";"1";"PZ";"6,99";"6,99";"0";"0";"0";"7,69";"8717191265294";"HRANA"
"BILJKA ANTHURIUM";"080221701";"NO BRAND";"1";"PZ";"6,99";"6,99";"0";"0";"0";"7,69";"3858894410132";"HRANA"
"BILJKA ANTHURIUM";"080221701";"NO BRAND";"1";"PZ";"6,99";"6,99";"0";"0";"0";"7,69";"8719992244362";"HRANA"
"BILJKA BALKONSKO CVIJEÆE MIX";"080252701";"NO BRAND";"1";"PZ";"1,69";"1,69";"0";"0";"0";"1,69";"3858891691121";"HRANA"
"BILJKA BEGONIJA";"080001101";"NO BRAND";"1";"PZ";"1,99";"1,99";"0";"0";"0";"1,99";"9999999999994";"HRANA"
"BILJKA BEGONIJA";"080001101";"NO BRAND";"1";"PZ";"1,99";"1,99";"0";"0";"0";"1,99";"3858891693095";"HRANA"
"BILJKA BEGONIJA";"080001101";"NO BRAND";"1";"PZ";"1,99";"1,99";"0";"0";"0";"1,99";"3858891691657";"HRANA"
"BILJKA BROMELIA";"080118301";"NO BRAND";"1";"PZ";"6,99";"6,99";"0";"0";"0";"6,99";"9999999999994";"HRANA"
"BILJKA BROMELIA";"080118301";"NO BRAND";"1";"PZ";"6,99";"6,99";"0";"0";"0";"6,99";"2000002236955";"HRANA"
"BILJKA BROMELIA";"080118301";"NO BRAND";"1";"PZ";"6,99";"6,99";"0";"0";"0";"6,99";"9999999999994";"HRANA"
"BILJKA BROMELIA";"080118301";"NO BRAND";"1";"PZ";"6,99";"6,99";"0";"0";"0";"6,99";"3858894410361";"HRANA"
"BILJKA CALLUNA MIX";"080151701";"NO BRAND";"1";"PZ";"2,99";"2,99";"0";"0";"0";"2,99";"9999999999994";"HRANA"
"BILJKA CALLUNA MIX";"080151701";"NO BRAND";"1";"PZ";"2,99";"2,99";"0";"0";"0";"2,99";"3858894410552";"HRANA"
"BILJKA CALLUNA MIX";"080151701";"NO BRAND";"1";"PZ";"2,99";"2,99";"0";"0";"0";"2,99";"3858894414802";"HRANA"
"BILJKA CALLUNA VULGARIS TROSTRUKA";"080625301";"NO BRAND";"1";"PZ";"11,99";"11,99";"0";"0";"0";"7,71";"3858894410590";"HRANA"
"BILJKA CALLUNA VULGARIS TROSTRUKA";"080625301";"NO BRAND";"1";"PZ";"11,99";"11,99";"0";"0";"0";"7,71";"3858894414895";"HRANA"
"BILJKA CALOCE I MUEHLEN";"080625201";"NO BRAND";"1";"PZ";"3,99";"3,99";"0";"0";"0";"2,44";"3858894410606";"HRANA"
"BILJKA CELOZIJA";"080172101";"NO BRAND";"1";"PZ";"2,39";"2,39";"0";"0";"0";"2,39";"9999999999994";"HRANA"
"BILJKA CELOZIJA";"080172101";"NO BRAND";"1";"PZ";"2,39";"2,39";"0";"0";"0";"2,39";"3858894410675";"HRANA"
"BILJKA CHAMADOREA";"080210801";"NO BRAND";"1";"PZ";"3,49";"3,49";"0";"0";"0";"3,69";"2020067105911";"HRANA"
"BILJKA CHAMADOREA";"080210801";"NO BRAND";"1";"PZ";"3,49";"3,49";"0";"0";"0";"3,69";"3858894410743";"HRANA"
"BILJKA CIKLAMA FI12";"080558401";"NO BRAND";"1";"PZ";"3,49";"3,49";"0";"0";"0";"3,49";"3858891690629";"HRANA"
"BILJKA CIKLAMA FI12";"080558401";"NO BRAND";"1";"PZ";"3,49";"3,49";"0";"0";"0";"3,49";"3858891693248";"HRANA"
"BILJKA CVIJET ASTRA";"080107501";"NO BRAND";"1";"PZ";"3,19";"3,19";"0";"0";"0";"2,99";"9999999999994";"HRANA"
"BILJKA CVIJET ASTRA";"080107501";"NO BRAND";"1";"PZ";"3,19";"3,19";"0";"0";"0";"2,99";"3858891692708";"HRANA"
"BILJKA DALIJA";"080514901";"NO BRAND";"1";"PZ";"1,99";"1,99";"0";"0";"0";"1,99";"3858891691329";"HRANA"
"BILJKA DIEFFEMBACHIA";"080300601";"NO BRAND";"1";"PZ";"3,79";"3,79";"0";"0";"0";"3,69";"2000002224952";"HRANA"
"BILJKA DIEFFEMBACHIA";"080300601";"NO BRAND";"1";"PZ";"3,79";"3,79";"0";"0";"0";"3,69";"3858894411184";"HRANA"
"BILJKA DRACENA";"080106801";"NO BRAND";"1";"PZ";"3,89";"3,89";"0";"0";"0";"3,99";"9999999999994";"HRANA"
"BILJKA DRACENA";"080106801";"NO BRAND";"1";"PZ";"3,89";"3,89";"0";"0";"0";"3,99";"2020067106154";"HRANA"
"BILJKA DRACENA";"080106801";"NO BRAND";"1";"PZ";"3,89";"3,89";"0";"0";"0";"3,99";"9999999999994";"HRANA"
"BILJKA DRACENA";"080106801";"NO BRAND";"1";"PZ";"3,89";"3,89";"0";"0";"0";"3,99";"3858894411221";"HRANA"
"BILJKA EPIPREMNUM AUREUM";"080517101";"NO BRAND";"1";"PZ";"4,19";"4,19";"0";"0";"0";"4,69";"2020067111974";"HRANA"
"BILJKA EPIPREMNUM AUREUM";"080517101";"NO BRAND";"1";"PZ";"4,19";"4,19";"0";"0";"0";"4,69";"3858894411290";"HRANA"
"BILJKA ERIKA MIX";"080093501";"NO BRAND";"1";"PZ";"3,59";"3,59";"0";"0";"0";"3,59";"9999999999994";"HRANA"
"BILJKA ERIKA MIX";"080093501";"NO BRAND";"1";"PZ";"3,59";"3,59";"0";"0";"0";"3,59";"3858894411320";"HRANA"
"BILJKA EUKALIPTUS FI13";"080478701";"NO BRAND";"1";"PZ";"6,99";"6,99";"0";"0";"0";"6,99";"3858894411337";"HRANA"
"BILJKA FIKUS FI12";"080285501";"NO BRAND";"1";"PZ";"4,69";"4,69";"0";"0";"0";"5,99";"3858894416899";"HRANA"
"BILJKA GAZANIJA";"080099201";"NO BRAND";"1";"PZ";"1,59";"1,59";"0";"0";"0";"1,59";"9999999999994";"HRANA"
"BILJKA GAZANIJA";"080099201";"NO BRAND";"1";"PZ";"1,59";"1,59";"0";"0";"0";"1,59";"3858891691367";"HRANA"
"BILJKA GAZANIJA 10cm";"080621901";"NO BRAND";"1";"PZ";"2,99";"2,99";"0";"0";"0";"2,99";"8032022461288";"HRANA"
"BILJKA HEBE MIX";"080171501";"NO BRAND";"1";"PZ";"2,39";"2,39";"0";"0";"0";"2,39";"9999999999994";"HRANA"
"BILJKA HEBE MIX";"080171501";"NO BRAND";"1";"PZ";"2,39";"2,39";"0";"0";"0";"2,39";"3858894411634";"HRANA"
"BILJKA HEBE VARIEGATA";"080171601";"NO BRAND";"1";"PZ";"4,59";"4,59";"0";"0";"0";"4,59";"9999999999994";"HRANA"
"BILJKA HEBE VARIEGATA";"080171601";"NO BRAND";"1";"PZ";"4,59";"4,59";"0";"0";"0";"4,59";"3858894411665";"HRANA"
"BILJKA HEUCHERA";"080413601";"NO BRAND";"1";"PZ";"4,79";"4,79";"0";"0";"0";"4,79";"3858891690568";"HRANA"
"BILJKA HIBISKUS";"080003001";"NO BRAND";"1";"PZ";"6,99";"6,99";"0";"0";"0";"6,99";"9999999999994";"HRANA"
"BILJKA HIBISKUS";"080003001";"NO BRAND";"1";"PZ";"6,99";"6,99";"0";"0";"0";"6,99";"3858894411757";"HRANA"
"BILJKA HORTENZIJA";"080003601";"NO BRAND";"1";"PZ";"12,99";"12,99";"0";"0";"0";"12,99";"9999999999994";"HRANA"
"BILJKA HORTENZIJA";"080003601";"NO BRAND";"1";"PZ";"12,99";"12,99";"0";"0";"0";"12,99";"3858891690452";"HRANA"
"BILJKA JAGLAC";"080004001";"NO BRAND";"1";"PZ";"1,19";"1,19";"0";"0";"0";"0,99";"9999999999994";"HRANA"
"BILJKA JAGLAC";"080004001";"NO BRAND";"1";"PZ";"1,19";"1,19";"0";"0";"0";"0,99";"3858891670639";"HRANA"
"BILJKA JAGLAC";"080004001";"NO BRAND";"1";"PZ";"1,19";"1,19";"0";"0";"0";"0,99";"3858891692135";"HRANA"
"BILJKA JAGLAC";"080004001";"NO BRAND";"1";"PZ";"1,19";"1,19";"0";"0";"0";"0,99";"3858891690636";"HRANA"
"BILJKA JAPANSKA KURIKA MIX";"080625101";"NO BRAND";"1";"PZ";"4,49";"4,49";"0";"0";"0";"4,49";"3858894411351";"HRANA"
"BILJKA KALA";"080001301";"NO BRAND";"1";"PZ";"5,59";"5,59";"0";"0";"0";"5,59";"9999999999994";"HRANA"
"BILJKA KALA";"080001301";"NO BRAND";"1";"PZ";"5,59";"5,59";"0";"0";"0";"5,59";"3858894410521";"HRANA"
"BILJKA KALANCHOE";"080321001";"NO BRAND";"1";"PZ";"2,59";"2,59";"0";"0";"0";"2,99";"0713626057014";"HRANA"
"BILJKA KALANCHOE";"080321001";"NO BRAND";"1";"PZ";"2,59";"2,59";"0";"0";"0";"2,99";"2000251212359";"HRANA"
"BILJKA KALANCHOE";"080321001";"NO BRAND";"1";"PZ";"2,59";"2,59";"0";"0";"0";"2,99";"3858891692845";"HRANA"
"BILJKA KALANCHOE";"080321001";"NO BRAND";"1";"PZ";"2,59";"2,59";"0";"0";"0";"2,99";"8713626057014";"HRANA"
"BILJKA KALANCHOE";"080321001";"NO BRAND";"1";"PZ";"2,59";"2,59";"0";"0";"0";"2,99";"3858894411979";"HRANA"
"BILJKA KARANFIL";"080593301";"NO BRAND";"1";"PZ";"1,79";"1,79";"0";"0";"0";"1,79";"385889169773";"HRANA"
"BILJKA KARANFIL";"080593301";"NO BRAND";"1";"PZ";"1,79";"1,79";"0";"0";"0";"1,79";"3858891692999";"HRANA"
"BILJKA KARANFIL";"080593301";"NO BRAND";"1";"PZ";"1,79";"1,79";"0";"0";"0";"1,79";"3858891690773";"HRANA"
"BILJKA KAVE";"080078502";"NO BRAND";"1";"PZ";"4,89";"4,89";"0";"0";"0";"4,89";"9999999999994";"HRANA"
"BILJKA KAVE";"080078502";"NO BRAND";"1";"PZ";"4,89";"4,89";"0";"0";"0";"4,89";"3858894410903";"HRANA"
"BILJKA KOPRIVA";"080620801";"NO BRAND";"1";"PZ";"1,29";"1,29";"0";"0";"0";"1,29";"3858891690469";"HRANA"
"BILJKA KORDILIN";"080621701";"NO BRAND";"1";"PZ";"5,99";"5,99";"0";"0";"0";"5,89";"3858894410972";"HRANA"
"BILJKA KURKUMA";"080318501";"NO BRAND";"1";"PZ";"8,79";"8,79";"0";"0";"0";"5,19";"3858894411054";"HRANA"
"BILJKA LAVANDA";"080578501";"NO BRAND";"1";"PZ";"1,79";"1,79";"0";"0";"0";"1,79";"3858891690742";"HRANA"
"BILJKA LAVANDA";"080578501";"NO BRAND";"1";"PZ";"1,79";"1,79";"0";"0";"0";"1,79";"8005201500115";"HRANA"
"BILJKA LAVANDA";"080578501";"NO BRAND";"1";"PZ";"1,79";"1,79";"0";"0";"0";"1,79";"3858891690902";"HRANA"
"BILJKA LAVANDA FI14";"080095001";"NO BRAND";"1";"PZ";"2,49";"2,49";"0";"0";"0";"2,49";"9999999999994";"HRANA"
"BILJKA LAVANDA FI14";"080095001";"NO BRAND";"1";"PZ";"2,49";"2,49";"0";"0";"0";"2,49";"8005201500115";"HRANA"
"BILJKA LAVANDA FI18";"080617301";"NO BRAND";"1";"PZ";"6,79";"6,79";"0";"0";"0";"6,79";"8005201503314";"HRANA"
"BILJKA LJETNICE MIX";"080618901";"NO BRAND";"1";"PZ";"0,79";"0,79";"0";"0";"0";"0,69";"3858891691145";"HRANA"
"BILJKA LJUBIÈICA";"080154201";"NO BRAND";"1";"PZ";"3,39";"3,39";"0";"0";"0";"3,59";"9999999999994";"HRANA"
"BILJKA LJUBIÈICA";"080154201";"NO BRAND";"1";"PZ";"3,39";"3,39";"0";"0";"0";"3,59";"3858894412921";"HRANA"
"BILJKA LOVOR FI14";"080116301";"NO BRAND";"1";"PZ";"4,99";"4,99";"0";"0";"0";"4,99";"9999999999994";"HRANA"
"BILJKA LOVOR FI14";"080116301";"NO BRAND";"1";"PZ";"4,99";"4,99";"0";"0";"0";"4,99";"8032022432257";"HRANA"
"BILJKA MAJÈINA DUŠICA FI14";"080617401";"NO BRAND";"1";"PZ";"2,59";"2,59";"0";"0";"0";"2,49";"8005201507848";"HRANA"
"BILJKA MARANTA FI12";"080228201";"NO BRAND";"1";"PZ";"4,49";"4,49";"0";"0";"0";"4,99";"3858894412136";"HRANA"
"BILJKA MAÆUHICA";"080557901";"NO BRAND";"1";"PZ";"0,89";"0,89";"0";"0";"0";"0,79";"3858891690667";"HRANA"
"BILJKA MAÆUHICA";"080557901";"NO BRAND";"1";"PZ";"0,89";"0,89";"0";"0";"0";"0,79";"3859891443734";"HRANA"
"BILJKA MEDINILA";"080512401";"NO BRAND";"1";"PZ";"11,99";"11,99";"0";"0";"0";"9,69";"3858894412143";"HRANA"
"BILJKA MESOŽDERKE";"080235401";"NO BRAND";"1";"PZ";"5,79";"5,79";"0";"0";"0";"4,99";"3858894410330";"HRANA"
"BILJKA MESOŽDERKE";"080235401";"NO BRAND";"1";"PZ";"5,79";"5,79";"0";"0";"0";"4,99";"8712815757025";"HRANA"
"BILJKA MINI CIKLAMA FI10";"080197701";"NO BRAND";"1";"PZ";"2,99";"2,99";"0";"0";"0";"2,99";"9999999999994";"HRANA"
"BILJKA MINI CIKLAMA FI10";"080197701";"NO BRAND";"1";"PZ";"2,99";"2,99";"0";"0";"0";"2,99";"3858891690643";"HRANA"
"BILJKA MINI KAKTUS";"080093401";"NO BRAND";"1";"PZ";"1,19";"1,19";"0";"0";"0";"0,99";"9999999999994";"HRANA"
"BILJKA MINI KAKTUS";"080093401";"NO BRAND";"1";"PZ";"1,19";"1,19";"0";"0";"0";"0,99";"2020067105874";"HRANA"
"BILJKA MINI KAKTUS";"080093401";"NO BRAND";"1";"PZ";"1,19";"1,19";"0";"0";"0";"0,99";"9999999999994";"HRANA"
"BILJKA MINI KAKTUS";"080093401";"NO BRAND";"1";"PZ";"1,19";"1,19";"0";"0";"0";"0,99";"3858894410460";"HRANA"
"BILJKA MONSTERA";"080248801";"NO BRAND";"1";"PZ";"4,99";"4,99";"0";"0";"0";"6,59";"3858894412174";"HRANA"
"BILJKA MULTIFLORA FI20";"080558001";"NO BRAND";"1";"PZ";"5,55";"5,55";"3,99";"3,99";"5,55";"4,29";"3858891691466";"HRANA"
"BILJKA MULTIFLORA FI20";"080558001";"NO BRAND";"1";"PZ";"5,55";"5,55";"3,99";"3,99";"5,55";"4,29";"3859891443758";"HRANA"
"BILJKA MULTIFLORA FI25";"080558201";"NO BRAND";"1";"PZ";"6,66";"6,66";"5,99";"5,99";"6,66";"6,59";"3859891443758";"HRANA"
"BILJKA MULTIFLORA FI25";"080558201";"NO BRAND";"1";"PZ";"6,66";"6,66";"5,99";"5,99";"6,66";"6,59";"3859891443741";"HRANA"
"BILJKA MULTIFLORA FI25";"080558201";"NO BRAND";"1";"PZ";"6,66";"6,66";"5,99";"5,99";"6,66";"6,59";"3858891691473";"HRANA"
"BILJKA NEPHROLEPIS";"080002101";"NO BRAND";"1";"PZ";"4,49";"4,49";"0";"0";"0";"4,49";"9999999999994";"HRANA"
"BILJKA NEPHROLEPIS";"080002101";"NO BRAND";"1";"PZ";"4,49";"4,49";"0";"0";"0";"4,49";"3858894412259";"HRANA"
"BILJKA NOVA GVINEJA";"080438001";"NO BRAND";"1";"PZ";"2,09";"2,09";"0";"0";"0";"1,99";"3858891690902";"HRANA"
"BILJKA PELARGONIJA LIMUNSKA";"080621801";"NO BRAND";"1";"PZ";"4,19";"4,19";"0";"0";"0";"4,19";"3858894412495";"HRANA"
"BILJKA PELARGONIJA ZONALE";"080461301";"NO BRAND";"1";"PZ";"2,19";"2,19";"0";"0";"0";"2,19";"3858891690865";"HRANA"
"BILJKA PELARGONIJA ZONALE";"080461301";"NO BRAND";"1";"PZ";"2,19";"2,19";"0";"0";"0";"2,19";"3859891443765";"HRANA"
"BILJKA POTOÈNICA";"080611901";"NO BRAND";"1";"PZ";"0,99";"0,99";"0";"0";"0";"0,89";"3858891690766";"HRANA"
"BILJKA RUŽE MIX 10,5cm";"080268301";"NO BRAND";"1";"PZ";"3,79";"3,79";"0";"0";"0";"3,79";"3858894412877";"HRANA"
"BILJKA RUŽMARIN";"080578601";"NO BRAND";"1";"PZ";"1,79";"1,79";"0";"0";"0";"1,79";"3858891690698";"HRANA"
"BILJKA RUŽMARIN FI14";"080324101";"NO BRAND";"1";"PZ";"2,59";"2,59";"0";"0";"0";"2,49";"8005201500122";"HRANA"
"BILJKA RUŽMARIN FI18";"080617101";"NO BRAND";"1";"PZ";"6,89";"6,89";"0";"0";"0";"6,79";"8005201503543";"HRANA"
"BILJKA RUŽMARIN PADAJUÆI FI14";"080616901";"NO BRAND";"1";"PZ";"2,59";"2,59";"0";"0";"0";"2,49";"";"HRANA"
"BILJKA RUŽMARIN PADAJUÆI FI18";"080617001";"NO BRAND";"1";"PZ";"6,89";"6,89";"0";"0";"0";"6,79";"8005201508289";"HRANA"
"BILJKA SANSEVERIA";"080004401";"NO BRAND";"1";"PZ";"8,99";"8,99";"0";"0";"0";"9,99";"9999999999994";"HRANA"
"BILJKA SANSEVERIA";"080004401";"NO BRAND";"1";"PZ";"8,99";"8,99";"0";"0";"0";"9,99";"3858894413010";"HRANA"
"BILJKA SMILJE FI14";"080097201";"NO BRAND";"1";"PZ";"2,59";"2,59";"0";"0";"0";"2,49";"8005201508043";"HRANA"
"BILJKA SMILJE FI18";"080617201";"NO BRAND";"1";"PZ";"6,89";"6,89";"0";"0";"0";"6,79";"8005201521639";"HRANA"
"BILJKA SPATHIPHYLLUM";"080281001";"NO BRAND";"1";"PZ";"3,89";"3,89";"0";"0";"0";"4,99";"2000388215759";"HRANA"
"BILJKA SPATHIPHYLLUM";"080281001";"NO BRAND";"1";"PZ";"3,89";"3,89";"0";"0";"0";"4,99";"3858894413188";"HRANA"
"BILJKA SREBRNI GRM";"080252501";"NO BRAND";"1";"PZ";"2,19";"2,19";"0";"0";"0";"2,19";"3858894410613";"HRANA"
"BILJKA SUKULENTI MIX 10cm";"080125601";"NO BRAND";"1";"PZ";"2,29";"2,29";"1,89";"1,89";"2,29";"3,99";"9999999999994";"HRANA"
"BILJKA SUKULENTI MIX 10cm";"080125601";"NO BRAND";"1";"PZ";"2,29";"2,29";"1,89";"1,89";"2,29";"3,99";"2020067116047";"HRANA"
"BILJKA SUKULENTI MIX 10cm";"080125601";"NO BRAND";"1";"PZ";"2,29";"2,29";"1,89";"1,89";"2,29";"3,99";"3858891691152";"HRANA"
"BILJKA SUKULENTI MIX 10cm";"080125601";"NO BRAND";"1";"PZ";"2,29";"2,29";"1,89";"1,89";"2,29";"3,99";"3858894413232";"HRANA"
"BILJKA TILANDSIJA";"080621601";"NO BRAND";"1";"PZ";"4,89";"4,89";"0";"0";"0";"4,89";"3858894413324";"HRANA"
"BILJKA TULIPANE BABY ŽUTE";"080615401";"NO BRAND";"1";"PZ";"2,69";"2,69";"0";"0";"0";"2,69";"3858894413386";"HRANA"
"BILJKA TULIPANE MIX 12cm";"080092901";"NO BRAND";"1";"PZ";"3,59";"3,59";"0";"0";"0";"3,59";"9999999999994";"HRANA"
"BILJKA TULIPANE MIX 12cm";"080092901";"NO BRAND";"1";"PZ";"3,59";"3,59";"0";"0";"0";"3,59";"3858894413379";"HRANA"
"BILJKA VINKA";"080619001";"NO BRAND";"1";"PZ";"1,19";"1,19";"0";"0";"0";"1,05";"3858891691138";"HRANA"
"BILJKA VISEÆE CVIJEÆE MIX";"080599101";"NO BRAND";"1";"PZ";"6,99";"6,99";"0";"0";"0";"6,99";"3858891691015";"HRANA"
"BILJKA YUCCA";"080508601";"NO BRAND";"1";"KG";"6,59";"6,59";"0";"0";"0";"5,99";"3858894413423";"HRANA"
"BILJKA ZAMIOCULCAS";"080245001";"NO BRAND";"1";"PZ";"11,99";"11,99";"0";"0";"0";"10,99";"3858894413461";"HRANA"
"BILJKA ZLATIÆ";"080266901";"NO BRAND";"1";"PZ";"4,59";"4,59";"0";"0";"0";"4,69";"3858894411023";"HRANA"
"BILJKA ZUMBUL";"080002801";"NO BRAND";"1";"PZ";"3,79";"3,79";"0";"0";"0";"3,69";"9999999999994";"HRANA"
"BILJKA ZUMBUL";"080002801";"NO BRAND";"1";"PZ";"3,79";"3,79";"0";"0";"0";"3,69";"3858894411832";"HRANA"
"BILJKA ZVONÈIÆ";"080065901";"NO BRAND";"1";"PZ";"3,99";"3,99";"0";"0";"0";"3,19";"3858894410644";"HRANA"
"BILJKA ÈETINARA MIX";"080625001";"NO BRAND";"1";"PZ";"1,99";"1,99";"0";"0";"0";"1,99";"3858894410927";"HRANA"
"BILJKA ÈUVARKUÆE";"080392101";"NO BRAND";"1";"PZ";"1,79";"1,79";"0";"0";"0";"1,79";"3858891690124";"HRANA"
"BILJKE PENJAÈICE";"014307201";"NO BRAND";"1";"PZ";"0,59";"0,59";"0";"0";"0";"0,59";"8001553805755";"HRANA"
"BILJNI LIKER 30% 700ml";"910217101";"NO BRAND";"0,7";"LT";"6,49";"9,27";"0";"0";"0";"6,49";"3850164243617";"PIÆE"
"BILJNI LIKER 35% 700ml";"900432101";"NO BRAND";"0,7";"LT";"6,6";"9,43";"0";"0";"0";"6,6";"3830006250782";"PIÆE"
"BIO AVOKADO 300g";"080462401";"NO BRAND";"0,3";"KG";"2,99";"9,97";"0";"0";"0";"2,99";"3830050933525";"HRANA"
"BIO BANANA RINFUZA";"080360801";"NO BRAND";"1";"KG";"1,99";"1,99";"0";"0";"0";"1,99";"";"HRANA"
"BIO BOSILJAK U TEGLAMA";"080000201";"NO BRAND";"1";"PZ";"1,79";"1,79";"0";"0";"0";"1,79";"3859892705008";"HRANA"
"BIO BOSILJAK U TEGLAMA";"080000201";"NO BRAND";"1";"PZ";"1,79";"1,79";"0";"0";"0";"1,79";"3856021223747";"HRANA"
"BIO KOMBUCHA ÐUMB/LIM.TR. 330ML";"900590101";"NO BRAND";"0,33";"KG";"1,79";"5,42";"0";"0";"0";"1,79";"3830071590943";"PIÆE"
"BIO KOMBUCHA ŠUMSKO VOÆE 330ML";"900590001";"NO BRAND";"0,33";"KG";"1,79";"5,42";"0";"0";"0";"1,79";"3830071590967";"PIÆE"
"BIO LIMUN 500g";"080366001";"AMO ESSERE BIO";"0,5";"KG";"1,99";"3,98";"0";"0";"0";"1,45";"3830050930944";"HRANA"
"BIO LIMUN 500g";"080366001";"AMO ESSERE BIO";"0,5";"KG";"1,99";"3,98";"0";"0";"0";"1,45";"8436588100382";"HRANA"
"BIO NARANÈA 1kg";"080264901";"NO BRAND";"1";"KG";"2,29";"2,29";"0";"0";"0";"1,99";"3830050932566";"HRANA"
"BIO NARANÈA 1kg";"080264901";"NO BRAND";"1";"KG";"2,29";"2,29";"0";"0";"0";"1,99";"8019796620301";"HRANA"
"BIO NARANÈA 1kg";"080264901";"NO BRAND";"1";"KG";"2,29";"2,29";"0";"0";"0";"1,99";"8436588100221";"HRANA"
"BIO PERŠIN FRANCUSKI U TEGLAMA";"080073101";"NO BRAND";"1";"PZ";"1,79";"1,79";"0";"0";"0";"1,79";"3859892705282";"HRANA"
"BIO PERŠIN FRANCUSKI U TEGLAMA";"080073101";"NO BRAND";"1";"PZ";"1,79";"1,79";"0";"0";"0";"1,79";"3859892705299";"HRANA"
"BIO RAJÈICA CHERRY 250g";"080462801";"NO BRAND";"0,25";"KG";"1,69";"6,76";"0";"0";"0";"1,85";"3830050931019";"HRANA"
"BIO SJEMENKE CHIA 200g";"080429801";"AMO ESSERE BIO";"0,2";"KG";"1,99";"9,95";"0";"0";"0";"1,99";"8017596031112";"HRANA"
"BIO SJEMENKE KVINOA 200g";"080429901";"AMO ESSERE BIO";"0,2";"KG";"1,99";"9,95";"0";"0";"0";"1,99";"8017596031136";"HRANA"
"BIO TOFU 2X125g";"014527901";"AMO ESSERE VEG";"0,25";"KG";"1,99";"7,96";"1,35";"5,4";"1,99";"1,99";"8017596079404";"HRANA"
"BIO TOFU 2X125g";"014527901";"AMO ESSERE VEG";"0,25";"KG";"1,99";"7,96";"1,35";"5,4";"1,99";"1,99";"8017596128225";"HRANA"
"BIO ÈEŠNJAK 250g";"080462501";"NO BRAND";"0,25";"KG";"2,59";"10,36";"0";"0";"0";"2,29";"3830050934058";"HRANA"
"BISKVIT MADELINE BEZ GLUTENA 200g";"016581501";"AMO ESSERE SENZA GLUTINE";"0,2";"KG";"2,39";"11,95";"0";"0";"0";"2,12";"8017596078179";"HRANA"
"BISKVIT PLUM CAKE JOGURT 350g";"011709301";"DOLCIANDO";"0,35";"KG";"1,79";"5,11";"0";"0";"0";"1,79";"8017596019134";"HRANA"
"BISKVIT PLUM CAKE S ÈOK.10 kom 350g";"011719701";"DOLCIANDO";"0,35";"KG";"1,99";"5,69";"0";"0";"0";"1,99";"8017596063700";"HRANA"
"BISKVIT PRELIVE. ÈOK./ML.KREM 5X26g";"013281001";"DOLCIANDO";"0,13";"KG";"1,89";"14,54";"0";"0";"0";"1,79";"8017596105172";"HRANA"
"BISKVIT PRELIVE. ÈOK./ML.KREM 5X26g";"013281001";"DOLCIANDO";"0,13";"KG";"1,89";"14,54";"0";"0";"0";"1,79";"3173990026149";"HRANA"
"BISKVIT TORTINI SA ML.KREMOM 240g";"014291001";"DOLCIANDO";"0,24";"KG";"1,59";"6,63";"0";"0";"0";"1,59";"8017596078971";"HRANA"
"BISKVIT TRANCINO MLIJ.PUNJENJE 270g";"017076001";"DOLCIANDO";"0,27";"KG";"2,89";"10,7";"0";"0";"0";"2,89";"8017596118929";"HRANA"
"BLAGI IZBJELJIVAÈ ZA ODJEÆU 2l";"011178401";"DEXAL";"2";"LT";"1,49";"0,75";"0";"0";"0";"1,49";"8017596005090";"SREDSTVA ZA ÈIŠÆENJE"
"BLITVA";"014304901";"NO BRAND";"1";"PZ";"0,59";"0,59";"0";"0";"0";"0,59";"8001553802747";"HRANA"
"BLITVA";"014305001";"NO BRAND";"1";"PZ";"0,59";"0,59";"0";"0";"0";"0,59";"8001553827412";"HRANA"
"BLITVA 500g";"080606301";"NO BRAND";"0,5";"KG";"1,69";"3,38";"0";"0";"0";"1,59";"3859894356048";"HRANA"
"BLITVA 500g";"080606301";"NO BRAND";"0,5";"KG";"1,69";"3,38";"0";"0";"0";"1,59";"3859892765927";"HRANA"
"BLITVA 500g";"080606301";"NO BRAND";"0,5";"KG";"1,69";"3,38";"0";"0";"0";"1,59";"3859891767915";"HRANA"
"BLITVA 500g";"080606301";"NO BRAND";"0,5";"KG";"1,69";"3,38";"0";"0";"0";"1,59";"3859893696084";"HRANA"
"BOJA KOSA BAK.CRVENA 4.54 60+60ml";"017790801";"COLOR LOOK";"0,12";"LT";"2,99";"24,92";"0";"0";"0";"2,98";"8017596077011";"KOZMETIKA"
"BOJA KOSA BAK.CRVENA 4.54 60+60ml";"017790801";"COLOR LOOK";"0,12";"LT";"2,99";"24,92";"0";"0";"0";"2,98";"8017596131478";"KOZMETIKA"
"BOJA ZA KOSU BLOND 7.0 60+60ml";"017791401";"COLOR LOOK";"0,12";"LT";"2,99";"24,92";"0";"0";"0";"2,98";"8017596076984";"KOZMETIKA"
"BOJA ZA KOSU BLOND 7.0 60+60ml";"017791401";"COLOR LOOK";"0,12";"LT";"2,99";"24,92";"0";"0";"0";"2,98";"8017596131447";"KOZMETIKA"
"BOJA ZA KOSU CRNA 1.0 60+60ml";"017791701";"COLOR LOOK";"0,12";"LT";"2,99";"24,92";"0";"0";"0";"2,98";"8017596076977";"KOZMETIKA"
"BOJA ZA KOSU CRNA 1.0 60+60ml";"017791701";"COLOR LOOK";"0,12";"LT";"2,99";"24,92";"0";"0";"0";"2,98";"8017596131430";"KOZMETIKA"
"BOJA ZA KOSU INT.BLOND 9.0 60+60ml";"017790901";"COLOR LOOK";"0,12";"LT";"2,99";"24,92";"0";"0";"0";"2,98";"8017596076946";"KOZMETIKA"
"BOJA ZA KOSU INT.BLOND 9.0 60+60ml";"017790901";"COLOR LOOK";"0,12";"LT";"2,99";"24,92";"0";"0";"0";"2,98";"8017596131409";"KOZMETIKA"
"BOJA ZA KOSU SMEÐA 4.0 60+60ml";"017791601";"COLOR LOOK";"0,12";"LT";"2,99";"24,92";"0";"0";"0";"2,98";"8017596076960";"KOZMETIKA"
"BOJA ZA KOSU SMEÐA 4.0 60+60ml";"017791601";"COLOR LOOK";"0,12";"LT";"2,99";"24,92";"0";"0";"0";"2,98";"8017596131423";"KOZMETIKA"
"BOJA ZA KOSU SVJ.BLOND 8.0 60+60ml";"017791301";"COLOR LOOK";"0,12";"LT";"2,99";"24,92";"0";"0";"0";"2,98";"8017596131454";"KOZMETIKA"
"BOJA ZA KOSU SVJ.BLOND 8.0 60+60ml";"017791301";"COLOR LOOK";"0,12";"LT";"2,99";"24,92";"0";"0";"0";"2,98";"8017596076991";"KOZMETIKA"
"BOJA ZA KOSU SVJ.SMEÐA 5.0 60+60ml";"017791501";"COLOR LOOK";"0,12";"LT";"2,99";"24,92";"0";"0";"0";"2,98";"8017596076953";"KOZMETIKA"
"BOJA ZA KOSU SVJ.SMEÐA 5.0 60+60ml";"017791501";"COLOR LOOK";"0,12";"LT";"2,99";"24,92";"0";"0";"0";"2,98";"8017596131416";"KOZMETIKA"
"BOJA ZA KOSU TAMN.SMEÐA 3.0 60+60ml";"017791201";"COLOR LOOK";"0,12";"LT";"2,99";"24,92";"0";"0";"0";"2,98";"8017596077035";"KOZMETIKA"
"BOJA ZA KOSU TAMN.SMEÐA 3.0 60+60ml";"017791201";"COLOR LOOK";"0,12";"LT";"2,99";"24,92";"0";"0";"0";"2,98";"8017596131492";"KOZMETIKA"
"BOJA ZA KOSU TAMNA 6.0 60+60ml";"017791001";"COLOR LOOK";"0,12";"LT";"2,99";"24,92";"0";"0";"0";"2,98";"8017596077004";"KOZMETIKA"
"BOJA ZA KOSU TAMNA 6.0 60+60ml";"017791001";"COLOR LOOK";"0,12";"LT";"2,99";"24,92";"0";"0";"0";"2,98";"8017596131461";"KOZMETIKA"
"BOJA ZA KOSU ZL.SMEÐA 5.3 60+60ml";"017791101";"COLOR LOOK";"0,12";"LT";"2,99";"24,92";"0";"0";"0";"2,98";"8017596131485";"KOZMETIKA"
"BOJA ZA KOSU ZL.SMEÐA 5.3 60+60ml";"017791101";"COLOR LOOK";"0,12";"LT";"2,99";"24,92";"0";"0";"0";"2,98";"8017596077028";"KOZMETIKA"
"BOMB.COMPAS LIMUN/ZEL.ÈAJ/ÐUMBI.14g";"016813602";"DOLCIANDO";"0,014";"KG";"0,89";"63,57";"0";"0";"0";"0,89";"24100731";"HRANA"
"BOMB.COMPAS LIMUN/ZEL.ÈAJ/ÐUMBI.14g";"016813602";"DOLCIANDO";"0,014";"KG";"0,89";"63,57";"0";"0";"0";"0,89";"24100748";"HRANA"
"BOMB.COMPAS LIMUN/ZEL.ÈAJ/ÐUMBI.14g";"016813602";"DOLCIANDO";"0,014";"KG";"0,89";"63,57";"0";"0";"0";"0,89";"24100755";"HRANA"
"BOMBON MINI TATOO MALINA 90G";"900590601";"NO BRAND";"0,09";"KG";"1,29";"14,33";"0";"0";"0";"1,29";"3838700389579";"HRANA"
"BOMBON TVRDI MENTOL 200G";"900590501";"NO BRAND";"0,2";"KG";"1,19";"5,95";"0";"0";"0";"1,19";"3838700389609";"HRANA"
"BOMBON ŠUMEÆA JABUKA 200G";"900590301";"NO BRAND";"0,2";"KG";"1,39";"6,95";"0";"0";"0";"1,39";"3838700389524";"HRANA"
"BOMBONI  MLIJEÈNE TOFFEE 300g";"012273001";"DOLCIANDO";"0,3";"KG";"1,49";"4,97";"0";"0";"0";"1,49";"8017596065872";"HRANA"
"BOMBONI CHOCO COMETS 30g";"910100701";"NO BRAND";"0,03";"KG";"0,69";"23";"0";"0";"0";"0,69";"3856024802765";"HRANA"
"BOMBONI DRAGEES MENTA/VOÆE 4x33g";"014441301";"NO BRAND";"0,132";"KG";"1,29";"9,77";"0";"0";"0";"1,29";"5400265028866";"HRANA"
"BOMBONI DRAGEES MENTA/VOÆE 4x33g";"014441301";"NO BRAND";"0,132";"KG";"1,29";"9,77";"0";"0";"0";"1,29";"5400265028859";"HRANA"
"BOMBONI EXTRA FORTE BEZ ŠE.100g";"016746801";"DOLCIANDO";"0,1";"KG";"1,69";"16,9";"0";"0";"0";"1,69";"24100847";"HRANA"
"BOMBONI FRESH MINTS BEZ Š. 14g";"016620702";"DOLCIANDO";"0,014";"KG";"0,93";"66,43";"0";"0";"0";"0,93";"24100724";"HRANA"
"BOMBONI GUMENI KROKODILI 300g";"016234901";"DOLCIANDO";"0,3";"KG";"1,59";"5,3";"0";"0";"0";"1,59";"8017596113405";"HRANA"
"BOMBONI GUMENI KUPINA MALINA 200g";"017994601";"DOLCIANDO";"0,2";"KG";"1,29";"6,45";"0";"0";"0";"1,29";"8017596114679";"HRANA"
"BOMBONI GUMENI MANGO 200g";"017804201";"DOLCIANDO";"0,2";"KG";"1,29";"6,45";"0";"0";"0";"1,29";"8017596119797";"HRANA"
"BOMBONI GUMENI MEDVJEDIÆI 300g";"012268601";"DOLCIANDO";"0,3";"KG";"1,59";"5,3";"0";"0";"0";"1,59";"8017596066343";"HRANA"
"BOMBONI GUMENI ÐUMBIR LIMUN 200g";"016884001";"DOLCIANDO";"0,2";"KG";"1,29";"6,45";"0";"0";"0";"1,29";"8017596118349";"HRANA"
"BOMBONI MARSHMALLOW 175g";"015041701";"DOLCIANDO";"0,175";"KG";"1,19";"6,8";"0";"0";"0";"1,19";"8017596102706";"HRANA"
"BOMBONI MENTA 200g";"012265001";"DOLCIANDO";"0,2";"KG";"1,69";"8,45";"0";"0";"0";"1,69";"8017596065421";"HRANA"
"BOMBONI MENTA I EUKALIPTUS 200g";"014414401";"DOLCIANDO";"0,2";"KG";"1,29";"6,45";"0";"0";"0";"1,29";"8017596078704";"HRANA"
"BOMBONI MIJEŠANI GRANMIX 1kg";"015035201";"NO BRAND";"1";"KG";"4,49";"4,49";"0";"0";"0";"4,49";"8002545002701";"HRANA"
"BOMBONI MINI MENTA  50g";"018161701";"NO BRAND";"0,05";"KG";"0,89";"17,8";"0";"0";"0";"0,89";"5707312008193";"HRANA"
"BOMBONI MINI NARANÈA 50g";"018161601";"NO BRAND";"0,05";"KG";"0,89";"17,8";"0";"0";"0";"0,89";"5707312008179";"HRANA"
"BOMBONI MLIJEKO I JAGODA 300g";"016482101";"DOLCIANDO";"0,3";"KG";"1,29";"4,3";"0,99";"3,3";"1,29";"1,29";"8017596113696";"HRANA"
"BOMBONI MULTIVIT.NARANÈA 70g";"900516501";"NO BRAND";"0,07";"KG";"0,99";"14,14";"0";"0";"0";"0,99";"5310005028431";"HRANA"
"BOMBONI MULTIVITAMIN LIMUN 70g";"900516401";"NO BRAND";"0,07";"KG";"0,99";"14,14";"0";"0";"0";"0,99";"5310005028448";"HRANA"
"BOMBONI NARANÈA I LIMUN. 200g";"016819801";"DOLCIANDO";"0,2";"KG";"0,99";"4,95";"0,79";"3,95";"0,99";"0,99";"8017596118318";"HRANA"
"BOMBONI OKUS KAVA 100g";"016995601";"DOLCIANDO";"0,1";"KG";"0,99";"9,9";"0";"0";"0";"0,99";"8017596118325";"HRANA"
"BOMBONI PUNJENI KREMOM 200g";"016328001";"DOLCIANDO";"0,2";"KG";"1,69";"8,45";"1,19";"5,95";"1,69";"1,69";"8017596114129";"HRANA"
"BOMBONI PUNJENI MLIJEKO/MENTA 300g";"014920601";"DOLCIANDO";"0,3";"KG";"1,29";"4,3";"0";"0";"0";"1,29";"8017596066220";"HRANA"
"BOMBONI S PUNJENJEM OD MENTE 400g";"002021401";"DOLCIANDO";"0,4";"KG";"1,49";"3,73";"0";"0";"0";"1,49";"8001205207203";"HRANA"
"BOMBONI S PUNJENJEM OD MENTE 400g";"002021401";"DOLCIANDO";"0,4";"KG";"1,49";"3,73";"0";"0";"0";"1,49";"8017596012609";"HRANA"
"BOMBONI S PUNJENJEM OD MENTE 400g";"002021401";"DOLCIANDO";"0,4";"KG";"1,49";"3,73";"0";"0";"0";"1,49";"8017596066572";"HRANA"
"BOMBONI S VOÆNIM PUNJENJEM 500g";"017726501";"DOLCIANDO";"0,5";"KG";"2,29";"4,58";"0";"0";"0";"2,29";"8017596120120";"HRANA"
"BOMBONI VOÆNE TOFFEE 300g";"017059301";"DOLCIANDO";"0,3";"KG";"1,79";"5,97";"0";"0";"0";"1,79";"8017596065865";"HRANA"
"BOMBONI VOÆNI ŽELE 400g";"016580401";"DOLCIANDO";"0,4";"KG";"2,29";"5,73";"0";"0";"0";"2,29";"8017596118332";"HRANA"
"BOMBONI ÐUMBIR I LIMUN BIO 90g";"014926801";"AMO ESSERE BIO";"0,09";"KG";"1,49";"16,56";"0";"0";"0";"1,49";"8000635080257";"HRANA"
"BOMBONI ÐUMBIR I LIMUN BIO 90g";"014926801";"AMO ESSERE BIO";"0,09";"KG";"1,49";"16,56";"0";"0";"0";"1,49";"8017596105837";"HRANA"
"BOMBONI ŠUMEÆI COLA 200g";"015612301";"DOLCIANDO";"0,2";"KG";"1,19";"5,95";"0,79";"3,95";"1,19";"1,19";"8017596113702";"HRANA"
"BOMBONI ŠUMEÆI COLA 200g";"015612301";"DOLCIANDO";"0,2";"KG";"1,19";"5,95";"0,79";"3,95";"1,19";"1,19";"8002545004606";"HRANA"
"BOMBONI ŠUMEÆI COLA 300g";"016496301";"DOLCIANDO";"0,3";"KG";"1,59";"5,3";"0";"0";"0";"1,59";"8017596065902";"HRANA"
"BOMBONI ŠUMEÆI DUDICE 300g";"012265401";"DOLCIANDO";"0,3";"KG";"1,59";"5,3";"0";"0";"0";"1,59";"8017596066305";"HRANA"
"BOMBONI ŽELE TROPSKO VOÆE 200g";"014991001";"DOLCIANDO";"0,2";"KG";"1,29";"6,45";"0";"0";"0";"1,29";"8017596103840";"HRANA"
"BOOM BURGER 300g";"910139201";"NO BRAND";"0,3";"KG";"4,89";"16,3";"0";"0";"0";"4,79";"3850139522877";"HRANA"
"BOOM BURGER 300g";"910139201";"NO BRAND";"0,3";"KG";"4,89";"16,3";"0";"0";"0";"4,79";"3850139643916";"HRANA"
"BOOM BURGER 300g";"910139201";"NO BRAND";"0,3";"KG";"4,89";"16,3";"0";"0";"0";"4,79";"3850139280623";"HRANA"
"BOREKLIK U SALAMURI 800G";"900606201";"NO BRAND";"0,8";"KG";"4,99";"6,24";"0";"0";"0";"4,99";"3830047461192";"HRANA"
"BOREKLIK U SALAMURI 800G";"900606201";"NO BRAND";"0,8";"KG";"4,99";"6,24";"0";"0";"0";"4,99";"3830060750853";"HRANA"
"BOROVNICA  125g";"080016502";"NO BRAND";"0,125";"KG";"1,99";"15,92";"0";"0";"0";"1,49";"9999999999994";"HRANA"
"BOROVNICA  125g";"080016502";"NO BRAND";"0,125";"KG";"1,99";"15,92";"0";"0";"0";"1,49";"3859890192589";"HRANA"
"BOROVNICA  125g";"080016502";"NO BRAND";"0,125";"KG";"1,99";"15,92";"0";"0";"0";"1,49";"7751043000313";"HRANA"
"BOROVNICA  125g";"080016502";"NO BRAND";"0,125";"KG";"1,99";"15,92";"0";"0";"0";"1,49";"8436588100450";"HRANA"
"BOROVNICA  125g";"080016502";"NO BRAND";"0,125";"KG";"1,99";"15,92";"0";"0";"0";"1,49";"8013912500065";"HRANA"
"BOROVNICA  125g";"080016502";"NO BRAND";"0,125";"KG";"1,99";"15,92";"0";"0";"0";"1,49";"3859890192590";"HRANA"
"BOROVNICA  125g";"080016502";"NO BRAND";"0,125";"KG";"1,99";"15,92";"0";"0";"0";"1,49";"843701262355";"HRANA"
"BOROVNICA  125g";"080016502";"NO BRAND";"0,125";"KG";"1,99";"15,92";"0";"0";"0";"1,49";"8437012623255";"HRANA"
"BOROVNICA  125g";"080016502";"NO BRAND";"0,125";"KG";"1,99";"15,92";"0";"0";"0";"1,49";"8013912500652";"HRANA"
"BOROVNICA  125g";"080016502";"NO BRAND";"0,125";"KG";"1,99";"15,92";"0";"0";"0";"1,49";"8058056197689";"HRANA"
"BOROVNICA SMRZNUTA 400g";"900529001";"NO BRAND";"0,4";"KG";"2,99";"7,48";"0";"0";"0";"2,59";"3858891045115";"HRANA"
"BOSILJAK";"014306001";"NO BRAND";"1";"PZ";"0,59";"0,59";"0";"0";"0";"0,59";"8001553803096";"HRANA"
"BOSILJAK";"014306101";"NO BRAND";"1";"PZ";"0,59";"0,59";"0";"0";"0";"0,59";"8001553803119";"HRANA"
"BOSILJAK 15g";"009355401";"DON JEREZ";"0,015";"KG";"0,99";"66";"0";"0";"0";"0,99";"80730958";"HRANA"
"BOŽIÆNA VREÆICA DJED BOŽIÆNJAK 120g";"910124401";"NO BRAND";"0,12";"KG";"1,59";"13,25";"0";"0";"0";"1,19";"3830041973509";"HRANA"
"BOŽIÆNA ZVIJEZDA F12";"080431601";"NO BRAND";"1";"PZ";"4,99";"4,99";"0";"0";"0";"4,99";"3858891691428";"HRANA"
"BOŽIÆNA ZVIJEZDA F12";"080431601";"NO BRAND";"1";"PZ";"4,99";"4,99";"0";"0";"0";"4,99";"3858994413973";"HRANA"
"BOŽIÆNA ZVIJEZDA F12";"080431601";"NO BRAND";"1";"PZ";"4,99";"4,99";"0";"0";"0";"4,99";"3858894413973";"HRANA"
"BOŽIÆNA ZVIJEZDA F12";"080431601";"NO BRAND";"1";"PZ";"4,99";"4,99";"0";"0";"0";"4,99";"8713626212895";"HRANA"
"BOŽIÆNA ZVIJEZDA F14";"080431701";"NO BRAND";"1";"PZ";"5,99";"5,99";"0";"0";"0";"5,99";"2000002253754";"HRANA"
"BOŽIÆNA ZVIJEZDA F14";"080431701";"NO BRAND";"1";"PZ";"5,99";"5,99";"0";"0";"0";"5,99";"3858891691435";"HRANA"
"BOŽIÆNA ZVIJEZDA F14";"080431701";"NO BRAND";"1";"PZ";"5,99";"5,99";"0";"0";"0";"5,99";"3858894415182";"HRANA"
"BOŽIÆNI DONUT 56g";"910209201";"NO BRAND";"0,056";"KG";"0,79";"14,11";"0";"0";"0";"0,79";"";"HRANA"
"BRANCIN OÈIŠÆENI SVJEŽI MAP 650g";"910084101";"NO BRAND";"0,65";"KG";"10,99";"16,91";"0";"0";"0";"9,49";"3858891991214";"HRANA"
"BRANCIN SVJEŽI FILETI 200g";"910134901";"NO BRAND";"0,2";"KG";"6,99";"34,95";"0";"0";"0";"5,89";"3858891991092";"HRANA"
"BRANDY 36% 700ml";"009415601";"NO BRAND";"0,7";"LT";"6,39";"9,13";"0";"0";"0";"6,39";"8003230001191";"PIÆE"
"BRANDY 36% 700ml";"009415601";"NO BRAND";"0,7";"LT";"6,39";"9,13";"0";"0";"0";"6,39";"8007525151882";"PIÆE"
"BRAŠNO GLATKO BIO TIP 00 1kg";"014475801";"AMO ESSERE BIO";"1";"KG";"1,39";"1,39";"0";"0";"0";"1,72";"8017596100160";"HRANA"
"BRAŠNO HELJDINO 1kg";"900369001";"TRE MULINI";"1";"KG";"2,99";"2,99";"0";"0";"0";"2,99";"3831001824787";"HRANA"
"BRAŠNO HELJDINO 1kg";"900369001";"TRE MULINI";"1";"KG";"2,99";"2,99";"0";"0";"0";"2,99";"8017596134622";"HRANA"
"BRAŠNO INTEGRALNO PŠENIÈNO 1kg";"900554801";"TRE MULINI";"1";"KG";"0,99";"0,99";"0";"0";"0";"0,99";"3831001818410";"HRANA"
"BRAŠNO INTEGRALNO PŠENIÈNO 1kg";"900554801";"TRE MULINI";"1";"KG";"0,99";"0,99";"0";"0";"0";"0,99";"8017596134653";"HRANA"
"BRAŠNO KOKOSOVO 250g";"080031101";"NO BRAND";"0,25";"KG";"1,69";"6,76";"0";"0";"0";"1,69";"9999999999994";"HRANA"
"BRAŠNO KOKOSOVO 250g";"080031101";"NO BRAND";"0,25";"KG";"1,69";"6,76";"0";"0";"0";"1,69";"8005912000850";"HRANA"
"BRAŠNO KOKOSOVO 500g";"080083301";"NO BRAND";"0,5";"KG";"3,29";"6,58";"0";"0";"0";"3,29";"9999999999994";"HRANA"
"BRAŠNO KOKOSOVO 500g";"080083301";"NO BRAND";"0,5";"KG";"3,29";"6,58";"0";"0";"0";"3,29";"8005912000607";"HRANA"
"BRAŠNO KUKURUZNO ZA PALENTU 1kg";"001415901";"TRE MULINI";"1";"KG";"0,99";"0,99";"0";"0";"0";"0,99";"8000439101110";"HRANA"
"BRAŠNO KUKURUZNO ZA PALENTU 1kg";"001415901";"TRE MULINI";"1";"KG";"0,99";"0,99";"0";"0";"0";"0,99";"8000439101202";"HRANA"
"BRAŠNO KUKURUZNO ZA PALENTU 1kg";"001415901";"TRE MULINI";"1";"KG";"0,99";"0,99";"0";"0";"0";"0,99";"8000439102001";"HRANA"
"BRAŠNO KUKURUZNO ZA PALENTU 1kg";"001415901";"TRE MULINI";"1";"KG";"0,99";"0,99";"0";"0";"0";"0,99";"8017596013569";"HRANA"
"BRAŠNO NAMJENSKO T-550 1kg";"900006001";"TRE MULINI";"1";"KG";"0,89";"0,89";"0";"0";"0";"0,89";"3831001801061";"HRANA"
"BRAŠNO NAMJENSKO T-550 1kg";"900006001";"TRE MULINI";"1";"KG";"0,89";"0,89";"0";"0";"0";"0,89";"8007232003498";"HRANA"
"BRAŠNO NAMJENSKO T-550 1kg";"900006001";"TRE MULINI";"1";"KG";"0,89";"0,89";"0";"0";"0";"0,89";"3831001824725";"HRANA"
"BRAŠNO NAMJENSKO T-550 1kg";"900006001";"TRE MULINI";"1";"KG";"0,89";"0,89";"0";"0";"0";"0,89";"8017596134639";"HRANA"
"BRAŠNO OD KOKOSA 200g";"900464701";"NO BRAND";"0,2";"KG";"0,89";"4,45";"0";"0";"0";"0,85";"3859893282508";"HRANA"
"BRAŠNO PIROVO 1kg";"900367801";"TRE MULINI";"1";"KG";"1,69";"1,69";"1,29";"1,29";"1,69";"1,69";"3831001824800";"HRANA"
"BRAŠNO PIROVO 1kg";"900367801";"TRE MULINI";"1";"KG";"1,69";"1,69";"1,29";"1,29";"1,69";"1,69";"8017596134646";"HRANA"
"BRAŠNO PŠENICNO ZA PIZZE 1Kg";"008990701";"TRE MULINI";"1";"KG";"0,75";"0,75";"0";"0";"0";"0,75";"8017596013651";"HRANA"
"BRAŠNO PŠENIÈNO GLATKO T-550 1Kg";"900006101";"TRE MULINI";"1";"KG";"0,75";"0,75";"0";"0";"0";"0,75";"8007232003504";"HRANA"
"BRAŠNO PŠENIÈNO GLATKO T-550 1Kg";"900006101";"TRE MULINI";"1";"KG";"0,75";"0,75";"0";"0";"0";"0,75";"3831001824701";"HRANA"
"BRAŠNO PŠENIÈNO GLATKO T-550 1Kg";"900006101";"TRE MULINI";"1";"KG";"0,75";"0,75";"0";"0";"0";"0,75";"5997587368126";"HRANA"
"BRAŠNO PŠENIÈNO GLATKO T-550 5kg";"910060301";"NO BRAND";"5";"KG";"3,58";"0,72";"0";"0";"0";"3,58";"3858881506206";"HRANA"
"BRAŠNO PŠENIÈNO GLATKO T-550 5kg";"910060301";"NO BRAND";"5";"KG";"3,58";"0,72";"0";"0";"0";"3,58";"3858881500600";"HRANA"
"BRAŠNO PŠENIÈNO GLATKO T-550 5kg";"910060301";"NO BRAND";"5";"KG";"3,58";"0,72";"0";"0";"0";"3,58";"3858881508255";"HRANA"
"BRAŠNO PŠENIÈNO OŠTRO T-400 1kg";"900369101";"TRE MULINI";"1";"KG";"0,75";"0,75";"0";"0";"0";"0,75";"3831001824794";"HRANA"
"BRESKVA rfz";"080027601";"NO BRAND";"1";"KG";"2,49";"2,49";"0";"0";"0";"5,69";"";"HRANA"
"BRESKVICE 320g S&G";"910008201";"NO BRAND";"0,32";"KG";"4,39";"13,72";"0";"0";"0";"4,39";"3830056440829";"HRANA"
"BRESKVICE 320g S&G";"910008201";"NO BRAND";"0,32";"KG";"4,39";"13,72";"0";"0";"0";"4,39";"3830056444698";"HRANA"
"BRITVICA MUŠKA 6 OŠTRICA 2 PATRONE";"016370201";"NISSHE";"1";"PZ";"5,99";"5,99";"0";"0";"0";"5,99";"8017596061348";"KOZMETIKA"
"BRITVICE DVOSTRUKA OŠTRICA 20kom";"016369801";"NISSHE";"1";"PZ";"2,99";"2,99";"0";"0";"0";"2,99";"8017596079176";"KOZMETIKA"
"BRITVICE MUŠKE 3 OŠTRICE 6kom";"016370001";"NISSHE";"1";"PZ";"3,19";"3,19";"0";"0";"0";"3,19";"8017596073082";"KOZMETIKA"
"BROKULA 500g";"080034701";"NO BRAND";"0,5";"KG";"1,59";"3,18";"0";"0";"0";"1,49";"9999999999994";"HRANA"
"BROKULA 500g";"080034701";"NO BRAND";"0,5";"KG";"1,59";"3,18";"0";"0";"0";"1,49";"3858893060017";"HRANA"
"BROKULA 500g";"080034701";"NO BRAND";"0,5";"KG";"1,59";"3,18";"0";"0";"0";"1,49";"8031858122011";"HRANA"
"BROKULA 500g";"080034701";"NO BRAND";"0,5";"KG";"1,59";"3,18";"0";"0";"0";"1,49";"8436588100955";"HRANA"
"BROKULA 500g";"080034701";"NO BRAND";"0,5";"KG";"1,59";"3,18";"0";"0";"0";"1,49";"8408012045002";"HRANA"
"BROKULA 500g";"080034701";"NO BRAND";"0,5";"KG";"1,59";"3,18";"0";"0";"0";"1,49";"3859891689040";"HRANA"
"BROKULA 500g";"080034701";"NO BRAND";"0,5";"KG";"1,59";"3,18";"0";"0";"0";"1,49";"8051887350100";"HRANA"
"BROKULA 500g";"080034701";"NO BRAND";"0,5";"KG";"1,59";"3,18";"0";"0";"0";"1,49";"8054953160252";"HRANA"
"BROKULA 500g";"080034701";"NO BRAND";"0,5";"KG";"1,59";"3,18";"0";"0";"0";"1,49";"8068122998126";"HRANA"
"BROKULA 500g";"080034701";"NO BRAND";"0,5";"KG";"1,59";"3,18";"0";"0";"0";"1,49";"8425264000016";"HRANA"
"BROKULA 500g";"080034701";"NO BRAND";"0,5";"KG";"1,59";"3,18";"0";"0";"0";"1,49";"8032745060058";"HRANA"
"BROKULA 500g";"080034701";"NO BRAND";"0,5";"KG";"1,59";"3,18";"0";"0";"0";"1,49";"8051827640094";"HRANA"
"BROKULA 500g";"080034701";"NO BRAND";"0,5";"KG";"1,59";"3,18";"0";"0";"0";"1,49";"8053303360007";"HRANA"
"BROKULA 500g";"080034701";"NO BRAND";"0,5";"KG";"1,59";"3,18";"0";"0";"0";"1,49";"8058056197726";"HRANA"
"BROKULA 500g";"080034701";"NO BRAND";"0,5";"KG";"1,59";"3,18";"0";"0";"0";"1,49";"8059037210007";"HRANA"
"BROKULA 500g";"080034701";"NO BRAND";"0,5";"KG";"1,59";"3,18";"0";"0";"0";"1,49";"3858893060024";"HRANA"
"BROKULA 500g";"080034701";"NO BRAND";"0,5";"KG";"1,59";"3,18";"0";"0";"0";"1,49";"3859893818363";"HRANA"
"BROKULA 600g";"008182701";"DELIZIE DAL SOLE";"0,6";"KG";"2,39";"3,98";"0";"0";"0";"2,39";"8017596001443";"HRANA"
"BRUSNICE SUHE 200g";"900553701";"NO BRAND";"0,2";"KG";"1,89";"9,45";"0";"0";"0";"1,89";"3830022222893";"HRANA"
"BRUSNICE SUŠENE 70g";"080310701";"NO BRAND";"0,07";"KG";"0,99";"14,14";"0";"0";"0";"0,99";"8005912014727";"HRANA"
"BUKOVAÈA 500g";"080089401";"NO BRAND";"0,5";"KG";"2,49";"4,98";"0";"0";"0";"2,49";"9999999999994";"HRANA"
"BUKOVAÈA 500g";"080089401";"NO BRAND";"0,5";"KG";"2,49";"4,98";"0";"0";"0";"2,49";"3859889098403";"HRANA"
"BUKOVAÈA 500g";"080089401";"NO BRAND";"0,5";"KG";"2,49";"4,98";"0";"0";"0";"2,49";"3859889098493";"HRANA"
"BUKOVAÈA ODREZAK 300g";"080108701";"NO BRAND";"0,3";"KG";"2,29";"7,63";"0";"0";"0";"1,99";"9999999999994";"HRANA"
"BUKOVAÈA ODREZAK 300g";"080108701";"NO BRAND";"0,3";"KG";"2,29";"7,63";"0";"0";"0";"1,99";"3859889098670";"HRANA"
"BULGUR 400G";"080322201";"NO BRAND";"0,4";"KG";"2,15";"5,38";"0";"0";"0";"2,15";"8020204327354";"HRANA"
"BULGUR I KVINOJA KUHANI 250g";"016165801";"AMO ESSERE VEG";"0,25";"KG";"1,69";"6,76";"0";"0";"0";"1,69";"8017596103932";"HRANA"
"BULGUR I KVINOJA KUHANI 250g";"016165801";"AMO ESSERE VEG";"0,25";"KG";"1,69";"6,76";"0";"0";"0";"1,69";"8017596127570";"HRANA"
"BUNDEVA HALLOWEEN";"080538501";"NO BRAND";"1";"PZ";"3,59";"3,59";"2,89";"2,89";"3,59";"3,99";"";"HRANA"
"BUREK S JABUKAMA 155g";"910108101";"NO BRAND";"0,155";"KG";"0,89";"5,74";"0";"0";"0";"0,89";"";"HRANA"
"BUREK S JUNET.MOTANI U POSUDI 200g";"910078501";"NO BRAND";"0,2";"KG";"1,49";"7,45";"0";"0";"0";"1,49";"";"HRANA"
"BUREK SA SIROM 1000g";"900489101";"NO BRAND";"1";"KG";"5,29";"5,29";"0";"0";"0";"5,29";"8606015916170";"HRANA"
"BUREK SA SIROM MOTANI U POSUDI 250g";"910078601";"NO BRAND";"0,25";"KG";"1,45";"5,8";"0";"0";"0";"1,45";"";"HRANA"
"BUREK SIR ŠPINAT READY TO EAT 400g";"910198501";"EAT EASY AND TASTY";"0,4";"KG";"2,99";"7,48";"0";"0";"0";"2,99";"8017596046468";"HRANA"
"BURGER 100% LOSOS 200g";"910086401";"NO BRAND";"0,2";"KG";"5,29";"26,45";"0";"0";"0";"5,29";"3859893776151";"HRANA"
"BURGER ANGUS 300g";"910137801";"NO BRAND";"0,3";"KG";"4,89";"16,3";"0";"0";"0";"4,89";"3858894291342";"HRANA"
"BURGER ANGUS 4 kom 600g";"910196901";"IL BRACIERE";"0,6";"KG";"10,99";"18,32";"0";"0";"0";"10,99";"8017596046505";"HRANA"
"BURGER IBERICO 300g";"910138001";"NO BRAND";"0,3";"KG";"3,59";"11,97";"0";"0";"0";"3,59";"3858894291380";"HRANA"
"BURGER JUNETINA 300g";"910137901";"NO BRAND";"0,3";"KG";"4,59";"15,3";"0";"0";"0";"4,59";"3858894291366";"HRANA"
"BURGER JUNEÆI 4kom 600G";"910197001";"IL BRACIERE";"0,6";"KG";"9,99";"16,65";"0";"0";"0";"8,99";"8017596046512";"HRANA"
"BURGER OD ALJAŠKE KOLJE 2KOM 210g";"015344001";"ATHENA";"0,21";"KG";"1,79";"8,52";"0";"0";"0";"1,69";"8017596040336";"HRANA"
"BURGER OD POVRÆA/SOJE 200g";"013586601";"AMO ESSERE VEG";"0,2";"KG";"2,59";"12,95";"0";"0";"0";"2,69";"8017596101280";"HRANA"
"BURGER OD POVRÆA/SOJE 200g";"013586601";"AMO ESSERE VEG";"0,2";"KG";"2,59";"12,95";"0";"0";"0";"2,69";"8017596101273";"HRANA"
"BURGER OD POVRÆA/SOJE 200g";"013586601";"AMO ESSERE VEG";"0,2";"KG";"2,59";"12,95";"0";"0";"0";"2,69";"8017596126023";"HRANA"
"BURGER OD POVRÆA/SOJE 200g";"013586601";"AMO ESSERE VEG";"0,2";"KG";"2,59";"12,95";"0";"0";"0";"2,69";"8017596126016";"HRANA"
"BURGER SOJA 2x100g";"016709701";"AMO ESSERE VEG";"0,2";"KG";"3,09";"15,45";"0";"0";"0";"3,05";"8017596118554";"HRANA"
"BURGER SOJA 2x100g";"016709701";"AMO ESSERE VEG";"0,2";"KG";"3,09";"15,45";"0";"0";"0";"3,05";"8017596128157";"HRANA"
"BURGER SOJA 2x100g";"016709701";"AMO ESSERE VEG";"0,2";"KG";"3,09";"15,45";"0";"0";"0";"3,05";"8017596126016";"HRANA"
"BUÈIN CRAFT KRUH 400g";"910218101";"NO BRAND";"0,4";"KG";"1,99";"4,98";"0";"0";"0";"1,99";"";"HRANA"
"BUÈINE GOLICE 200g";"900613501";"NO BRAND";"0,2";"KG";"1,84";"9,2";"0";"0";"0";"1,84";"3830022222527";"HRANA"
"BUÈINO ULJE 500ml";"900466501";"NO BRAND";"0,5";"LT";"7,99";"15,98";"0";"0";"0";"7,99";"3830020261092";"HRANA"
"BUÐOLA";"003370402";"LA BOTTEGA DEL GUSTO";"1";"KG";"16,49";"16,49";"0";"0";"0";"16,49";"";"HRANA"
"BUÐOLA 120g";"017295301";"LA BOTTEGA DEL GUSTO";"0,12";"KG";"2,49";"20,75";"0";"0";"0";"2,49";"8005214001999";"HRANA"
"BUÐOLA 120g";"017295301";"LA BOTTEGA DEL GUSTO";"0,12";"KG";"2,49";"20,75";"0";"0";"0";"2,49";"8017596069665";"HRANA"
"BUÐOLA NAREZAK 100g";"910011801";"PUTOVANJE KROZ OKUSE";"0,1";"KG";"2,59";"25,9";"0";"0";"0";"2,59";"3850133811410";"HRANA"
"BUÐOLA NAREZAK 100g";"910011801";"PUTOVANJE KROZ OKUSE";"0,1";"KG";"2,59";"25,9";"0";"0";"0";"2,59";"8017596138088";"HRANA"
"CAPPELLETTI SA SIROM 500G";"900606401";"TRE MULINI";"0,5";"KG";"2,35";"4,7";"0";"0";"0";"2,35";"8017596135100";"HRANA"
"CAPPUCCINO 200g";"900480001";"DON JEREZ";"0,2";"KG";"1,99";"9,95";"0";"0";"0";"1,85";"8017596110787";"HRANA"
"CAPPUCCINO CLASSIC 10kom 140g";"900479601";"DON JEREZ";"0,14";"KG";"2,19";"15,64";"0";"0";"0";"1,99";"8017596110824";"HRANA"
"CAPPUCCINO IRISH 10kom 140g";"900479901";"DON JEREZ";"0,14";"KG";"2,19";"15,64";"0";"0";"0";"1,99";"8017596110855";"HRANA"
"CAPPUCCINO IRISH STYLE 200g";"900488601";"DON JEREZ";"0,2";"KG";"1,99";"9,95";"0";"0";"0";"1,85";"8017596110817";"HRANA"
"CAPPUCCINO KAKAO 10kom 140g";"900479801";"DON JEREZ";"0,14";"KG";"2,19";"15,64";"0";"0";"0";"1,99";"8017596110848";"HRANA"
"CAPPUCCINO SA ŠEÆEROM 250g";"900470201";"DON JEREZ";"0,25";"KG";"2,49";"9,96";"0";"0";"0";"2,49";"8017596111784";"HRANA"
"CAPPUCCINO VANILIJA 10kom 140g";"900479701";"DON JEREZ";"0,14";"KG";"2,19";"15,64";"0";"0";"0";"1,99";"8017596110831";"HRANA"
"CAPPUCCINO VANILIJA 200g";"900480101";"DON JEREZ";"0,2";"KG";"1,99";"9,95";"0";"0";"0";"1,85";"8017596110794";"HRANA"
"CAPPUCCINO ÈOKOLADA 200g";"900480201";"DON JEREZ";"0,2";"KG";"1,99";"9,95";"0";"0";"0";"1,85";"8017596110800";"HRANA"
"CARAPE MINI 15 DEN SMEDE 2P";"017956301";"NO BRAND";"1";"PZ";"1,13";"1,13";"0";"0";"0";"1,13";"8017596072887";"PROIZVODI ZA KUÆANSTVO"
"CARSKI MIX 1kg";"900481401";"NO BRAND";"1";"KG";"2,49";"2,49";"0";"0";"0";"2,49";"3858891044170";"HRANA"
"CARSKO MESO BEZ KOSTI ODREZAK 500g";"910165101";"NO BRAND";"0,5";"KG";"3,89";"7,78";"0";"0";"0";"3,89";"5998002029783";"HRANA"
"CARSKO MESO OBITELJSKO PAKIRANJE";"070210701";"NO BRAND";"1";"KG";"5,49";"5,49";"3,59";"3,59";"5,49";"4,99";"";"HRANA"
"CARSKO MESO ZA SUŠENJE";"070200001";"NO BRAND";"1";"KG";"5,69";"5,69";"0";"0";"0";"4,99";"";"HRANA"
"CELER 500g";"080073501";"NO BRAND";"0,5";"KG";"1,49";"2,98";"0";"0";"0";"1,39";"9999999999994";"HRANA"
"CELER 500g";"080073501";"NO BRAND";"0,5";"KG";"1,49";"2,98";"0";"0";"0";"1,39";"8436588102287";"HRANA"
"CELER 500g";"080073501";"NO BRAND";"0,5";"KG";"1,49";"2,98";"0";"0";"0";"1,39";"8273863537293";"HRANA"
"CELER 500g";"080073501";"NO BRAND";"0,5";"KG";"1,49";"2,98";"0";"0";"0";"1,39";"3856028687665";"HRANA"
"CELER 500g";"080073501";"NO BRAND";"0,5";"KG";"1,49";"2,98";"0";"0";"0";"1,39";"2112345678917";"HRANA"
"CELER KORIJEN rfz";"080062001";"NO BRAND";"1";"KG";"1,09";"1,09";"0";"0";"0";"1,29";"";"HRANA"
"CHEESEBURGER SVINJET./PILETINA 300g";"015952901";"TRE MULINI";"0,3";"KG";"2,89";"9,63";"0";"0";"0";"2,71";"8017596106957";"HRANA"
"CHEESEBURGER SVINJET./PILETINA 300g";"015952901";"TRE MULINI";"0,3";"KG";"2,89";"9,63";"0";"0";"0";"2,71";"8017596106964";"HRANA"
"CHERRY RAJÈICE 400g";"008661101";"DELIZIE DAL SOLE";"0,25";"KG";"0,99";"3,96";"0";"0";"0";"0,99";"8017596010254";"HRANA"
"CHIA KRUH REZANI PAKIRANI 400g";"910206001";"NO BRAND";"0,4";"KG";"1,49";"3,73";"0";"0";"0";"1,99";"3856028410720";"HRANA"
"CHICHEN WINGS 500g";"910210701";"NO BRAND";"0,5";"KG";"7,99";"15,98";"6,99";"13,98";"7,99";"7,99";"3859894177124";"HRANA"
"CHILLI LJUTE PAPRIÈICE 15g";"009352101";"DON JEREZ";"0,015";"KG";"0,99";"66";"0";"0";"0";"0,99";"80731061";"HRANA"
"CHILLI U PRAHU 35g";"009313501";"DON JEREZ";"0,035";"KG";"0,99";"28,29";"0";"0";"0";"0,99";"80731085";"HRANA"
"CHILLI U PRAHU 40g";"009323901";"DON JEREZ";"0,04";"KG";"0,99";"24,75";"0";"0";"0";"0,99";"80731078";"HRANA"
"CHOCO SNACKS LJEŠNJAK 5x20,5g";"017363601";"DOLCIANDO";"0,1025";"KG";"2,35";"22,93";"0";"0";"0";"2,35";"8017596123176";"HRANA"
"CHOCO TORTA 800g";"910133301";"NO BRAND";"0,8";"KG";"11,49";"14,36";"0";"0";"0";"9,99";"3858894680504";"HRANA"
"CIABATTA KRUH 300g";"910024401";"NO BRAND";"0,3";"KG";"0,99";"3,3";"0";"0";"0";"0,99";"";"HRANA"
"CIABATTA KRUH SA ŽITARICAMA 300g";"910208201";"NO BRAND";"0,3";"KG";"1,29";"4,3";"0";"0";"0";"1,29";"";"HRANA"
"CIABATTA TAMNI KRUH MJEŠANI 400g";"910208301";"NO BRAND";"0,4";"KG";"1,49";"3,73";"0";"0";"0";"1,49";"";"HRANA"
"CIJELA MINI PURICA";"070200701";"NO BRAND";"1";"KG";"8,49";"8,49";"0";"0";"0";"7,96";"";"HRANA"
"CIJELA MINI PURICA";"910060201";"NO BRAND";"1";"KG";"8,49";"8,49";"0";"0";"0";"7,96";"";"HRANA"
"CIKLA 680g/380g";"900419101";"SUNNY NATURE";"0,68";"KG";"1,49";"2,19";"0";"0";"0";"1,49";"8017596111562";"HRANA"
"CIKLA 680g/380g";"900419101";"SUNNY NATURE";"0,68";"KG";"1,49";"2,19";"0";"0";"0";"1,49";"5310246001224";"HRANA"
"CIKLA KUHANA 500g";"080050101";"FOGLIA VERDE";"0,5";"KG";"1,69";"3,38";"0";"0";"0";"1,59";"9999999999994";"HRANA"
"CIKLA KUHANA 500g";"080050101";"FOGLIA VERDE";"0,5";"KG";"1,69";"3,38";"0";"0";"0";"1,59";"3859891496723";"HRANA"
"CIKLA SALATA 820 g";"080463301";"NO BRAND";"0,82";"KG";"2,49";"3,04";"0";"0";"0";"2,49";"3859890799122";"HRANA"
"CIKLA rfz";"080422301";"NO BRAND";"1";"KG";"0,79";"0,79";"0";"0";"0";"0,79";"";"HRANA"
"CIMET 30g";"009309301";"DON JEREZ";"0,03";"KG";"0,99";"33";"0";"0";"0";"0,99";"80731016";"HRANA"
"CIMETOVE ZVJEZDICE S&G 300g";"910189501";"NO BRAND";"0,3";"KG";"2,89";"9,63";"0";"0";"0";"2,89";"3830056445206";"HRANA"
"CINIJA";"014307301";"NO BRAND";"1";"PZ";"0,59";"0,59";"0";"0";"0";"0,59";"8001553805922";"HRANA"
"CINIJA";"014307401";"NO BRAND";"1";"PZ";"0,59";"0,59";"0";"0";"0";"0,59";"8001553805953";"HRANA"
"COCKTAIL BLUE LAGOON 700ml";"900582201";"NO BRAND";"0,7";"LT";"5,99";"8,56";"0";"0";"0";"5,99";"3830078500563";"PIÆE"
"COCKTAIL BLUE LAGOON4.5% vol 0.33l";"900589401";"NO BRAND";"0,33";"LT";"1,15";"3,48";"0";"0";"0";"1,15";"3830078500686";"PIÆE"
"COCKTAIL MOJITO 14% 700ml";"900552801";"NO BRAND";"0,7";"LT";"5,99";"8,56";"0";"0";"0";"5,99";"3830055525367";"PIÆE"
"COCKTAIL MOJITO 4.5%  0.33L";"900588901";"NO BRAND";"0,33";"LT";"1,15";"3,48";"0";"0";"0";"1,15";"3830078500662";"PIÆE"
"COCKTAIL PINA COLADA 14% 700ml";"900553001";"NO BRAND";"0,7";"LT";"5,99";"8,56";"0";"0";"0";"5,99";"3830055525343";"PIÆE"
"COCKTAIL SEX ON THE BEACH 0.33L";"900589201";"NO BRAND";"0,33";"LT";"1,15";"3,48";"0";"0";"0";"1,15";"3830078500709";"PIÆE"
"COCKTAIL SEX ON THE BEACH 14% 700ml";"900552901";"NO BRAND";"0,7";"LT";"5,99";"8,56";"0";"0";"0";"5,99";"3830055525381";"PIÆE"
"COFFEE CREAMER 150g";"900480701";"DON JEREZ";"0,15";"KG";"0,99";"6,6";"0";"0";"0";"0,99";"8017596110893";"HRANA"
"COK.JAJE S IZNENAÐENJEM SONIC 13g";"018551001";"NO BRAND";"0,013";"KG";"1,29";"99,23";"0";"0";"0";"1,29";"80915508";"HRANA"
"COKOLADA BIJELA 100g";"018551701";"NO BRAND";"0,1";"KG";"1,49";"14,9";"0";"0";"0";"1,39";"8017596006387";"HRANA"
"COKOLADA LJESNJAK 100g";"018544301";"NO BRAND";"0,1";"KG";"1,29";"12,9";"0";"0";"0";"0,99";"8017596004161";"HRANA"
"COKOLADA MLIJEÙNA 100g";"018505201";"DOLCIANDO";"0,1";"KG";"1,19";"11,9";"0";"0";"0";"1,09";"8017596004147";"HRANA"
"COKOLADA RAZLICITA PUNJENJA 100g";"018467501";"DOLCIANDO";"0,1";"KG";"1,39";"13,9";"0";"0";"0";"1,39";"8017596140777";"HRANA"
"COKOLADA RAZLICITA PUNJENJA 100g";"018467501";"DOLCIANDO";"0,1";"KG";"1,39";"13,9";"0";"0";"0";"1,39";"8017596140760";"HRANA"
"COKOLADA RAZLICITA PUNJENJA 100g";"018467501";"DOLCIANDO";"0,1";"KG";"1,39";"13,9";"0";"0";"0";"1,39";"8017596140784";"HRANA"
"COKOLADA S RIZOM 30G";"018546901";"NO BRAND";"0,03";"KG";"0,69";"23";"0";"0";"0";"0,69";"8024431000790";"HRANA"
"COKOLADA TAMNA 100g";"018504301";"NO BRAND";"0,1";"KG";"1,29";"12,9";"0";"0";"0";"0,99";"8017596004154";"HRANA"
"COKOLADNI PRUT. S BISKVITOM 95G";"018374501";"NO BRAND";"0,095";"KG";"1,79";"18,84";"0";"0";"0";"1,79";"8017596134868";"HRANA"
"COLA BLUES 1,5l";"008516201";"BLUES";"1,5";"LT";"1,09";"0,73";"0";"0";"0";"1,05";"8017596000569";"PIÆE"
"COLA BLUES 1,5l";"008516201";"BLUES";"1,5";"LT";"1,09";"0,73";"0";"0";"0";"1,05";"8017596050823";"PIÆE"
"COLA BLUES 500ml";"008430601";"BLUES";"0,5";"LT";"0,69";"1,38";"0";"0";"0";"0,49";"8017596008145";"PIÆE"
"COLA LIMEN. 6x150ml";"910194301";"BLUES";"0,9";"LT";"2,19";"2,43";"0";"0";"0";"2,19";"8017596133564";"PIÆE"
"COLA LIMENKA 4X330ml";"910213901";"BLUES";"0,33";"LT";"0,55";"1,67";"0";"0";"0";"0,55";"8017596068415";"PIÆE"
"COLA LIMUN 1500ml";"014856701";"BLUES";"1,5";"LT";"1,09";"0,73";"0,89";"0,59";"1,09";"1,05";"8017596104090";"PIÆE"
"COLA LIMUN 1500ml";"014856701";"BLUES";"1,5";"LT";"1,09";"0,73";"0,89";"0,59";"1,09";"1,05";"8017596121042";"PIÆE"
"COLA LIMUN 500ml";"008762001";"BLUES";"0,5";"LT";"0,69";"1,38";"0";"0";"0";"0,49";"8017596012333";"PIÆE"
"COLA LIMUN 500ml";"008762001";"BLUES";"0,5";"LT";"0,69";"1,38";"0";"0";"0";"0,49";"8017596106674";"PIÆE"
"COLA ZERO 1,5l";"015500201";"BLUES";"1,5";"LT";"0,79";"0,53";"0";"0";"0";"0,79";"8017596063106";"PIÆE"
"COLA ZERO 500ml";"010318201";"BLUES";"0,5";"LT";"0,49";"0,98";"0";"0";"0";"0,39";"8017596053312";"PIÆE"
"COLA ZERO LIMENKA 4x330ml";"910213801";"BLUES";"0,33";"LT";"0,45";"1,36";"0";"0";"0";"0,45";"8017596134578";"PIÆE"
"COLA ZERO LIMENKA 6x150ml";"910194201";"BLUES";"0,9";"LT";"1,99";"2,21";"0";"0";"0";"1,99";"8017596133571";"PIÆE"
"COLESLAW SALATA 180g";"080605901";"NO BRAND";"0,18";"KG";"1,19";"6,61";"0";"0";"0";"1,19";"8012566024781";"HRANA"
"CORDON BLEU PILETINA PURETINA 245g";"018035101";"NO BRAND";"0,245";"KG";"1,69";"6,9";"0";"0";"0";"1,69";"8008110259273";"HRANA"
"CORN FLAKES 850g";"017615501";"TRE MULINI";"0,85";"KG";"3,39";"3,99";"0";"0";"0";"3,29";"8017596129765";"HRANA"
"CRNI PAPAR 50g";"009319101";"DON JEREZ";"0,05";"KG";"1,19";"23,8";"0";"0";"0";"1,09";"80731047";"HRANA"
"CRNI PAPAR MLINAC 45g";"900396701";"NO BRAND";"0,045";"KG";"1,79";"39,78";"0";"0";"0";"1,49";"8002136222129";"HRANA"
"CRNI PAPAR MLJEVENI 100g";"900459901";"DON JEREZ";"0,1";"KG";"1,39";"13,9";"0";"0";"0";"1,39";"8017596109729";"HRANA"
"CRNI ÈAJ S OKUSOM LIMUNA 50g (F25)";"018232501";"LESTER HOUSE";"0,05";"KG";"1,29";"25,8";"0";"0";"0";"1,29";"8017596133663";"HRANA"
"CROISSANT BEZ MLIJ.JAJA, ÈOK. 288g";"016582001";"DOLCIANDO";"0,288";"KG";"1,99";"6,91";"0";"0";"0";"1,99";"8017596115508";"HRANA"
"CROISSANT BEZ PUNJENJA 6KOM 360g";"016574901";"DOLCIANDO";"0,36";"KG";"2,39";"6,64";"0";"0";"0";"2,39";"8017596043481";"HRANA"
"CROISSANT BRESKVA/MARELICA 300g";"018718001";"DOLCIANDO";"0,3";"KG";"2,39";"7,97";"0";"0";"0";"2,39";"8017596136855";"HRANA"
"CROISSANT CHOCO NOUGAT 75g";"910189301";"NO BRAND";"0,075";"KG";"0,69";"9,2";"0,45";"6";"0,69";"0,69";"";"HRANA"
"CROISSANT DUO 10 kom 500g";"013069001";"DOLCIANDO";"0,5";"KG";"2,99";"5,98";"0";"0";"0";"2,89";"8017596011817";"HRANA"
"CROISSANT DVOBOJNI S ÈOKOL.300g";"018027301";"DOLCIANDO";"0,3";"KG";"2,39";"7,97";"0";"0";"0";"2,39";"8017596133496";"HRANA"
"CROISSANT INTEGRALNI 240g";"016393501";"DOLCIANDO";"0,24";"KG";"1,89";"7,88";"0";"0";"0";"1,89";"8017596115515";"HRANA"
"CROISSANT KAKAO KREMA 1kg";"910201701";"DOLCIANDO";"1";"KG";"2,99";"2,99";"0";"0";"0";"2,99";"8017596044808";"HRANA"
"CROISSANT MINI S KREMOM 200g";"018109501";"DOLCIANDO";"0,2";"KG";"1,49";"7,45";"0";"0";"0";"1,49";"8017596130402";"HRANA"
"CROISSANT MINI S ÈOK.KRE. 200g";"900453501";"DOLCIANDO";"0,2";"KG";"1,49";"7,45";"0";"0";"0";"1,49";"8017596012289";"HRANA"
"CROISSANT S KREMOM 10 kom 500g";"010310001";"DOLCIANDO";"0,5";"KG";"2,89";"5,78";"0";"0";"0";"2,89";"8017596053220";"HRANA"
"CROISSANT S KREMOM PISTACIJA 300g";"018016501";"DOLCIANDO";"0,3";"KG";"2,49";"8,3";"0";"0";"0";"2,49";"8017596133465";"HRANA"
"CROISSANT S MARELICOM 10 kom 500g";"010310002";"DOLCIANDO";"0,5";"KG";"2,89";"5,78";"0";"0";"0";"2,89";"8017596053206";"HRANA"
"CROISSANT S MASLACEM 55g";"910206601";"NO BRAND";"0,055";"KG";"0,49";"8,91";"0";"0";"0";"0,49";"";"HRANA"
"CROISSANT S NADJEV.OD MARELICE 80g";"910107901";"NO BRAND";"0,08";"KG";"0,79";"9,88";"0";"0";"0";"0,79";"";"HRANA"
"CROISSANT S PISTACIJAMA 75g";"910181001";"NO BRAND";"0,075";"KG";"0,89";"11,87";"0";"0";"0";"0,99";"";"HRANA"
"CROISSANT S ÈOKOLADOM 10 kom 500g";"010310003";"DOLCIANDO";"0,5";"KG";"2,89";"5,78";"0";"0";"0";"2,89";"8017596053213";"HRANA"
"CROISSANT TREŠNJA 10 kom 500g";"015979901";"DOLCIANDO";"0,5";"KG";"2,89";"5,78";"0";"0";"0";"2,89";"8017596108371";"HRANA"
"CROISSANT ŠUNKA-SIR 85g";"910189401";"NO BRAND";"0,085";"KG";"0,85";"10";"0,55";"6,47";"0,85";"0,85";"";"HRANA"
"CROSTINI SNACK 150g";"016037001";"TRE MULINI";"0,15";"KG";"0,89";"5,93";"0";"0";"0";"0,89";"8017596062345";"HRANA"
"CROSTNI INTEGRALNI 240g";"018729901";"TRE MULINI";"0,24";"KG";"1,29";"5,38";"0";"0";"0";"1,29";"8017596120274";"HRANA"
"CURRY 35g";"011644801";"DON JEREZ";"0,035";"KG";"0,99";"28,29";"0";"0";"0";"0,99";"8017596063250";"HRANA"
"CURRY MLJEVENI 80G";"080281801";"NO BRAND";"0,08";"KG";"2,29";"28,63";"0";"0";"0";"2,69";"8020204327316";"HRANA"
"CVIJEÆE  MIX TIP 1";"080344301";"NO BRAND";"1";"PZ";"2,39";"2,39";"0";"0";"0";"2,39";"3858891690667";"HRANA"
"CVIJEÆE  MIX TIP 1";"080344301";"NO BRAND";"1";"PZ";"2,39";"2,39";"0";"0";"0";"2,39";"3858891691145";"HRANA"
"CVIJEÆE  MIX TIP 1";"080344301";"NO BRAND";"1";"PZ";"2,39";"2,39";"0";"0";"0";"2,39";"3858891691497";"HRANA"
"CVIJEÆE  MIX TIP 1";"080344301";"NO BRAND";"1";"PZ";"2,39";"2,39";"0";"0";"0";"2,39";"3859891443703";"HRANA"
"CVIJEÆE  MIX TIP 1";"080344301";"NO BRAND";"1";"PZ";"2,39";"2,39";"0";"0";"0";"2,39";"3859891443734";"HRANA"
"CVIJEÆE  MIX TIP 1";"080344301";"NO BRAND";"1";"PZ";"2,39";"2,39";"0";"0";"0";"2,39";"3858894413492";"HRANA"
"CVIJEÆE  MIX TIP 1";"080344301";"NO BRAND";"1";"PZ";"2,39";"2,39";"0";"0";"0";"2,39";"3858891693071";"HRANA"
"CVIJEÆE  MIX TIP 1";"080344301";"NO BRAND";"1";"PZ";"2,39";"2,39";"0";"0";"0";"2,39";"3858891693477";"HRANA"
"CVIJEÆE  MIX TIP 2";"080344401";"NO BRAND";"1";"PZ";"2,19";"2,19";"0";"0";"0";"2,19";"3858891691481";"HRANA"
"CVIJEÆE  MIX TIP 2";"080344401";"NO BRAND";"1";"PZ";"2,19";"2,19";"0";"0";"0";"2,19";"3859891443741";"HRANA"
"CVIJEÆE  MIX TIP 2";"080344401";"NO BRAND";"1";"PZ";"2,19";"2,19";"0";"0";"0";"2,19";"3858891691442";"HRANA"
"CVIJEÆE  MIX TIP 2";"080344401";"NO BRAND";"1";"PZ";"2,19";"2,19";"0";"0";"0";"2,19";"3858891693231";"HRANA"
"CVIJEÆE  MIX TIP 2";"080344401";"NO BRAND";"1";"PZ";"2,19";"2,19";"0";"0";"0";"2,19";"3858891690827";"HRANA"
"CVIJEÆE  MIX TIP 2";"080344401";"NO BRAND";"1";"PZ";"2,19";"2,19";"0";"0";"0";"2,19";"3858891690124";"HRANA"
"CVIJEÆE  MIX TIP 2";"080344401";"NO BRAND";"1";"PZ";"2,19";"2,19";"0";"0";"0";"2,19";"3858891691497";"HRANA"
"CVIJEÆE  MIX TIP 2";"080344401";"NO BRAND";"1";"PZ";"2,19";"2,19";"0";"0";"0";"2,19";"3858891692203";"HRANA"
"CVIJEÆE  MIX TIP 3";"080344501";"NO BRAND";"1";"PZ";"3,59";"3,59";"0";"0";"0";"3,59";"2000251257213";"HRANA"
"CVIJEÆE  MIX TIP 3";"080344501";"NO BRAND";"1";"PZ";"3,59";"3,59";"0";"0";"0";"3,59";"3858891691466";"HRANA"
"CVIJEÆE  MIX TIP 3";"080344501";"NO BRAND";"1";"PZ";"3,59";"3,59";"0";"0";"0";"3,59";"3858894413492";"HRANA"
"CVIJEÆE  MIX TIP 3";"080344501";"NO BRAND";"1";"PZ";"3,59";"3,59";"0";"0";"0";"3,59";"3859891443796";"HRANA"
"CVIJEÆE  MIX TIP 3";"080344501";"NO BRAND";"1";"PZ";"3,59";"3,59";"0";"0";"0";"3,59";"3858891691497";"HRANA"
"CVIJEÆE  MIX TIP 3";"080344501";"NO BRAND";"1";"PZ";"3,59";"3,59";"0";"0";"0";"3,59";"3858891693255";"HRANA"
"CVIJEÆE  MIX TIP 3";"080344501";"NO BRAND";"1";"PZ";"3,59";"3,59";"0";"0";"0";"3,59";"3858891691756";"HRANA"
"CVIJEÆE  MIX TIP 3";"080344501";"NO BRAND";"1";"PZ";"3,59";"3,59";"0";"0";"0";"3,59";"3858891692784";"HRANA"
"CVJETAÈA 600g";"012843901";"DELIZIE DAL SOLE";"0,6";"KG";"1,59";"2,65";"0";"0";"0";"1,59";"8017596042279";"HRANA"
"CVJETAÈA BROKULA 500g";"080463401";"NO BRAND";"0,5";"KG";"2,59";"5,18";"0";"0";"0";"2,49";"3830050934218";"HRANA"
"CVJETAÈA KOM";"080259701";"NO BRAND";"1";"PZ";"2,39";"2,39";"0";"0";"0";"1,99";"";"HRANA"
"CVJETIÆI KOKOS-LIMUN 225g";"910096601";"NO BRAND";"0,225";"KG";"2,39";"10,62";"0";"0";"0";"2,39";"3859888257269";"HRANA"
"CVJETNI MED 680g _ HRV";"910198001";"PUTOVANJE KROZ OKUSE";"0,68";"KG";"5,99";"8,81";"4,19";"6,16";"5,99";"5,99";"8017596135575";"HRANA"
"CVJETNICE  TIP 1";"080431201";"NO BRAND";"1";"PZ";"2,29";"2,29";"0";"0";"0";"2,29";"3858891690629";"HRANA"
"CVJETNICE  TIP 1";"080431201";"NO BRAND";"1";"PZ";"2,29";"2,29";"0";"0";"0";"2,29";"3858891690643";"HRANA"
"CVJETNICE  TIP 1";"080431201";"NO BRAND";"1";"PZ";"2,29";"2,29";"0";"0";"0";"2,29";"3858891690674";"HRANA"
"CVJETNICE  TIP 1";"080431201";"NO BRAND";"1";"PZ";"2,29";"2,29";"0";"0";"0";"2,29";"3858891690971";"HRANA"
"CVJETNICE  TIP 1";"080431201";"NO BRAND";"1";"PZ";"2,29";"2,29";"0";"0";"0";"2,29";"3858891692135";"HRANA"
"CVJETNICE  TIP 1";"080431201";"NO BRAND";"1";"PZ";"2,29";"2,29";"0";"0";"0";"2,29";"3858891691398";"HRANA"
"CVJETNICE  TIP 1";"080431201";"NO BRAND";"1";"PZ";"2,29";"2,29";"0";"0";"0";"2,29";"3858891692203";"HRANA"
"CVJETNICE  TIP 2";"080431301";"NO BRAND";"1";"PZ";"7,96";"7,96";"0";"0";"0";"7,96";"3858891690865";"HRANA"
"CVJETNICE  TIP 2";"080431301";"NO BRAND";"1";"PZ";"7,96";"7,96";"0";"0";"0";"7,96";"3858891691480";"HRANA"
"CVJETNICE  TIP 2";"080431301";"NO BRAND";"1";"PZ";"7,96";"7,96";"0";"0";"0";"7,96";"3858891692135";"HRANA"
"CVJETNICE  TIP 2";"080431301";"NO BRAND";"1";"PZ";"7,96";"7,96";"0";"0";"0";"7,96";"3858891690124";"HRANA"
"CVJETNICE  TIP 3";"080431401";"NO BRAND";"1";"PZ";"1,19";"1,19";"0";"0";"0";"1,19";"3858891690827";"HRANA"
"CVJETNICE  TIP 3";"080431401";"NO BRAND";"1";"PZ";"1,19";"1,19";"0";"0";"0";"1,19";"3858891693293";"HRANA"
"CVJETNICE  TIP 3";"080431401";"NO BRAND";"1";"PZ";"1,19";"1,19";"0";"0";"0";"1,19";"3858891691497";"HRANA"
"DAGNJE CIJELE KUHANE 1000g";"910169601";"NO BRAND";"1";"KG";"7,99";"7,99";"0";"0";"0";"7,99";"8437002755515";"HRANA"
"DAGNJE OÈIŠÆENE 250g";"008170201";"ATHENA";"0,25";"KG";"2,99";"11,96";"0";"0";"0";"2,89";"8017596001337";"HRANA"
"DATELJI DEGLET NOUR 250g";"008926801";"NO BRAND";"0,25";"KG";"1,29";"5,16";"0";"0";"0";"1,29";"8005324021030";"HRANA"
"DATELJI DEGLET NOUR 250g";"008926801";"NO BRAND";"0,25";"KG";"1,29";"5,16";"0";"0";"0";"1,29";"8005324001353";"HRANA"
"DATELJI DEGLET NOUR 250g";"008926801";"NO BRAND";"0,25";"KG";"1,29";"5,16";"0";"0";"0";"1,29";"8005324021115";"HRANA"
"DATELJI DEGLET NOUR 250g";"008926801";"NO BRAND";"0,25";"KG";"1,29";"5,16";"0";"0";"0";"1,29";"8005912002137";"HRANA"
"DATELJI DEGLET NOUR 250g";"008926801";"NO BRAND";"0,25";"KG";"1,29";"5,16";"0";"0";"0";"1,29";"6194010411063";"HRANA"
"DATELJI DEGLET NOUR 250g";"008926801";"NO BRAND";"0,25";"KG";"1,29";"5,16";"0";"0";"0";"1,29";"6194001130485";"HRANA"
"DATELJI DEGLET NOUR 250g";"008926801";"NO BRAND";"0,25";"KG";"1,29";"5,16";"0";"0";"0";"1,29";"8005120011549";"HRANA"
"DATELJI DEGLET NOUR 250g";"008926801";"NO BRAND";"0,25";"KG";"1,29";"5,16";"0";"0";"0";"1,29";"6194001130430";"HRANA"
"DATELJI DEGLET NOUR 250g";"008926801";"NO BRAND";"0,25";"KG";"1,29";"5,16";"0";"0";"0";"1,29";"8059916231550";"HRANA"
"DATULJA S KOSTICOM MAZAFATI 500g";"910205401";"NO BRAND";"0,5";"KG";"2,49";"4,98";"0";"0";"0";"2,19";"3858893922421";"HRANA"
"DATULJE BEZ KOŠTICA 200g";"013860001";"NO BRAND";"0,2";"KG";"1,29";"6,45";"0";"0";"0";"1,29";"8009693001013";"HRANA"
"DATULJE BEZ KOŠTICA 200g";"013860001";"NO BRAND";"0,2";"KG";"1,29";"6,45";"0";"0";"0";"1,29";"6194001130195";"HRANA"
"DATULJE BEZ KOŠTICA 200g";"013860001";"NO BRAND";"0,2";"KG";"1,29";"6,45";"0";"0";"0";"1,29";"8001735023885";"HRANA"
"DATULJE BEZ KOŠTICA 200g";"013860001";"NO BRAND";"0,2";"KG";"1,29";"6,45";"0";"0";"0";"1,29";"8005324021115";"HRANA"
"DATULJE BEZ KOŠTICA 200g";"013860001";"NO BRAND";"0,2";"KG";"1,29";"6,45";"0";"0";"0";"1,29";"8009693007084";"HRANA"
"DATULJE BEZ KOŠTICA 200g";"013860001";"NO BRAND";"0,2";"KG";"1,29";"6,45";"0";"0";"0";"1,29";"8005912016172";"HRANA"
"DATULJE BEZ KOŠTICA 200g";"013860001";"NO BRAND";"0,2";"KG";"1,29";"6,45";"0";"0";"0";"1,29";"8059916231581";"HRANA"
"DATULJE U ÈOKOLADI 150g";"080492801";"NO BRAND";"0,15";"KG";"3,99";"26,6";"0";"0";"0";"3,99";"8005912013003";"HRANA"
"DEBRECINKA KOBASICA 320g";"910020701";"NO BRAND";"0,32";"KG";"2,89";"9,03";"0";"0";"0";"2,89";"3858884937731";"HRANA"
"DEBRECINKA KOBASICA 320g";"910020701";"NO BRAND";"0,32";"KG";"2,89";"9,03";"0";"0";"0";"2,89";"8017596129277";"HRANA"
"DEBRECINKA PIKANTNA KOBASICA 320g";"910020801";"NO BRAND";"0,32";"KG";"2,89";"9,03";"0";"0";"0";"2,89";"3858884937755";"HRANA"
"DEBRECINKA PIKANTNA KOBASICA 320g";"910020801";"NO BRAND";"0,32";"KG";"2,89";"9,03";"0";"0";"0";"2,89";"8017596129284";"HRANA"
"DENTAL STICK ZA PSE 7kom 180g";"018251301";"RADAMES";"0,18";"KG";"0,99";"5,5";"0,69";"3,83";"0,99";"0,99";"8017596077592";"PROIZVODI ZA KUÆANSTVO"
"DENTALNI KONAC 50m";"016152701";"WHITE & FRESH";"1";"PZ";"1,09";"1,09";"0";"0";"0";"1,09";"8017596102249";"KOZMETIKA"
"DEPIL.TRAKE TIJELO 30KOM + 4 MARAM";"012972501";"FIOR DI MAGNOLIA";"1";"PZ";"2,65";"2,65";"0";"0";"0";"2,65";"8017596069184";"KOZMETIKA"
"DEPIL.TRAKE ZA LICE 20KOM + 4 MARAM";"012949601";"FIOR DI MAGNOLIA";"1";"PZ";"1,29";"1,29";"0";"0";"0";"1,29";"8017596069177";"KOZMETIKA"
"DEPILACIJSKA KREMA 150 ml";"010582301";"FIOR DI MAGNOLIA";"0,15";"LT";"2,39";"15,93";"0";"0";"0";"2,19";"8017596018519";"KOZMETIKA"
"DESERT KAKAO ŠLAG PROTEIN 200g";"017628001";"DOLCIANDO";"0,2";"KG";"1,19";"5,95";"0";"0";"0";"1,19";"24101677";"HRANA"
"DESERT LJEŠNJAK ÈOKOLADA 4X100g";"900488501";"NO BRAND";"0,4";"KG";"1,79";"4,48";"0";"0";"0";"1,49";"4002971255102";"HRANA"
"DESERT PROTEIN RIŽA VANILIJA 180g";"017435301";"LAND";"0,18";"KG";"1,19";"6,61";"0";"0";"0";"1,19";"24101622";"HRANA"
"DESERT S KAKAO PRELJEVOM 6kom 100g";"012122801";"DOLCIANDO";"0,1";"KG";"0,99";"9,9";"0";"0";"0";"0,99";"8012672003304";"HRANA"
"DESERT S KAKAO PRELJEVOM 6kom 100g";"012122801";"DOLCIANDO";"0,1";"KG";"0,99";"9,9";"0";"0";"0";"0,99";"8017596100962";"HRANA"
"DESERT SIR VOÆE 6X50g";"009023701";"LAND";"0,3";"KG";"1,05";"3,5";"0";"0";"0";"1,05";"8017596015198";"HRANA"
"DESTILIRANA VODA 5l";"017650201";"NO BRAND";"5";"LT";"1,49";"0,3";"0";"0";"0";"1,49";"8007930400032";"SREDSTVA ZA ÈIŠÆENJE"
"DESTILIRANA VODA 5l";"017650201";"NO BRAND";"5";"LT";"1,49";"0,3";"0";"0";"0";"1,49";"8017596010698";"SREDSTVA ZA ÈIŠÆENJE"
"DESTILIRANA VODA 5l";"017650201";"NO BRAND";"5";"LT";"1,49";"0,3";"0";"0";"0";"1,49";"8003985211852";"SREDSTVA ZA ÈIŠÆENJE"
"DET. OSJETLJ.ROBA RUŽA/LAV.1,5l 25P";"017305401";"DEXAL";"1,5";"LT";"2,29";"1,53";"0";"0";"0";"2,29";"8017596051981";"SREDSTVA ZA ÈIŠÆENJE"
"DET. OSJETLJ.ROBA RUŽA/LAV.1,5l 25P";"017305401";"DEXAL";"1,5";"LT";"2,29";"1,53";"0";"0";"0";"2,29";"8017596061812";"SREDSTVA ZA ÈIŠÆENJE"
"DET.ZA RUBLJE AKTIVNI KISIK 3kg 50P";"017644601";"DEXAL";"3";"KG";"8,69";"2,9";"0";"0";"0";"8,69";"8017596130686";"SREDSTVA ZA ÈIŠÆENJE"
"DET.ZA RUÈNO PRANJE RUBLJA 1kg 20P";"017718201";"DEXAL";"1";"KG";"2,99";"2,99";"0";"0";"0";"2,99";"8017596130976";"SREDSTVA ZA ÈIŠÆENJE"
"DET.ZA UKLA.NEUG.MIRISA 1,98l 30P";"012554601";"DEXAL";"1,98";"LT";"3,99";"2,02";"0";"0";"0";"3,99";"8017596064684";"SREDSTVA ZA ÈIŠÆENJE"
"DETER. RUBLJE SUPERBIANCO 3l 42p";"014730601";"DEXAL";"3";"LT";"4,29";"1,43";"0";"0";"0";"4,29";"8017596061768";"SREDSTVA ZA ÈIŠÆENJE"
"DETERDŽ. PRAH RUB.LAVANDA 1,5kg 25p";"017644701";"DEXAL";"1,5";"KG";"4,99";"3,33";"0";"0";"0";"4,99";"8017596130655";"SREDSTVA ZA ÈIŠÆENJE"
"DETERDŽ. RUB.OBOJANO/MRLJE 2l 40P";"017570801";"DEXAL";"2";"LT";"3,59";"1,8";"0";"0";"0";"3,59";"8017596127778";"SREDSTVA ZA ÈIŠÆENJE"
"DETERDŽ. RUB.OBOJANO/MRLJE 2l 40P";"017570801";"DEXAL";"2";"LT";"3,59";"1,8";"0";"0";"0";"3,59";"8017596127761";"SREDSTVA ZA ÈIŠÆENJE"
"DETERDŽ. RUB.OBOJANO/MRLJE 2l 40P";"018607101";"DEXAL";"2";"LT";"3,59";"1,8";"0";"0";"0";"3,59";"8017596137920";"SREDSTVA ZA ÈIŠÆENJE"
"DETERDŽ. RUB.OBOJANO/MRLJE 2l 40P";"018607101";"DEXAL";"2";"LT";"3,59";"1,8";"0";"0";"0";"3,59";"8017596137913";"SREDSTVA ZA ÈIŠÆENJE"
"DETERDŽ. RUBLJE ALOE/LAVANDA.4l50P";"017474001";"DEXAL";"4";"LT";"4,99";"1,25";"0";"0";"0";"4,99";"8017596065155";"SREDSTVA ZA ÈIŠÆENJE"
"DETERDŽ. RUBLJE ALOE/LAVANDA.4l50P";"017474001";"DEXAL";"4";"LT";"4,99";"1,25";"0";"0";"0";"4,99";"8017596065162";"SREDSTVA ZA ÈIŠÆENJE"
"DETERDŽ. ZA RUBLJE PROTEGG. 3L 40P";"014610501";"DEXAL";"3";"LT";"3,99";"1,33";"0";"0";"0";"3,99";"8017596067890";"SREDSTVA ZA ÈIŠÆENJE"
"DETERDŽ. ZA SUÐE ACETO/LIMON.1,250l";"013762301";"DEXAL";"1,25";"LT";"1,59";"1,27";"0";"0";"0";"1,59";"8017596051608";"SREDSTVA ZA ÈIŠÆENJE"
"DETERDŽ. ZA SUÐE ACETO/LIMON.1,250l";"013762301";"DEXAL";"1,25";"LT";"1,59";"1,27";"0";"0";"0";"1,59";"8017596051592";"SREDSTVA ZA ÈIŠÆENJE"
"DETERDŽ.POSUÐE ACETO/LIMON.1,250l";"012931801";"DEXAL";"1,25";"LT";"1,59";"1,27";"0";"0";"0";"1,59";"8017596051592";"SREDSTVA ZA ÈIŠÆENJE"
"DETERDŽ.POSUÐE ACETO/LIMON.1,250l";"012931801";"DEXAL";"1,25";"LT";"1,59";"1,27";"0";"0";"0";"1,59";"8017596051608";"SREDSTVA ZA ÈIŠÆENJE"
"DETERDŽ.POSUÐE LIMUN ECO REFILL 2l";"016578801";"AMO ESSERE ECO";"2";"LT";"2,99";"1,5";"0";"0";"0";"2,99";"8017596111326";"SREDSTVA ZA ÈIŠÆENJE"
"DETERDŽ.POSUÐE LIMUN ZELENI 1l";"012108101";"DEXAL";"1";"LT";"2,09";"2,09";"0";"0";"0";"2,09";"8017596066084";"SREDSTVA ZA ÈIŠÆENJE"
"DETERDŽ.POSUÐE LIMUN ZELENI 1l";"012108101";"DEXAL";"1";"LT";"2,09";"2,09";"0";"0";"0";"2,09";"8017596066091";"SREDSTVA ZA ÈIŠÆENJE"
"DETERDŽ.PRAH RUB. CLASSIC 1,5kg 25p";"017442601";"DEXAL";"1,5";"KG";"4,99";"3,33";"0";"0";"0";"4,99";"8017596130662";"SREDSTVA ZA ÈIŠÆENJE"
"DETERDŽEN ZA RUB.MARSIGLIA 1,5l 25P";"018695701";"DEXAL";"1,5";"LT";"2,29";"1,53";"0";"0";"0";"2,29";"8017596015808";"SREDSTVA ZA ÈIŠÆENJE"
"DETERDŽENT OBOJANO RUBLJE 1,5l 25P";"017183101";"DEXAL";"1,5";"LT";"2,29";"1,53";"0";"0";"0";"2,29";"8017596052308";"SREDSTVA ZA ÈIŠÆENJE"
"DETERDŽENT POSUÐE LIMUN 1,5l";"018340001";"DEXAL";"1,5";"LT";"1,69";"1,13";"0";"0";"0";"1,69";"8017596005106";"SREDSTVA ZA ÈIŠÆENJE"
"DETERDŽENT POSUÐE LIMUN 3l";"017434701";"DEXAL";"3";"LT";"2,99";"1";"0";"0";"0";"2,99";"8017596005113";"SREDSTVA ZA ÈIŠÆENJE"
"DETERDŽENT RUBLJE MARSIGLIA 4l 50P";"017473901";"DEXAL";"4";"LT";"4,99";"1,25";"0";"0";"0";"4,99";"8017596065179";"SREDSTVA ZA ÈIŠÆENJE"
"DETERDŽENT ZA INOX SPREJ 500ml";"017403901";"DEXAL";"0,5";"LT";"1,69";"3,38";"0";"0";"0";"1,69";"8017596017345";"SREDSTVA ZA ÈIŠÆENJE"
"DETERDŽENT ZA PEÆNICU I GRILL 500ml";"018079901";"NO BRAND";"1";"PZ";"1,99";"1,99";"0";"0";"0";"1,99";"8017596074737";"SREDSTVA ZA ÈIŠÆENJE"
"DETERDŽENT ZA RUB. ARGAN 1,875l 25P";"013228501";"DEXAL";"1,875";"LT";"3,49";"1,86";"0";"0";"0";"3,49";"8017596070418";"SREDSTVA ZA ÈIŠÆENJE"
"DETERDŽENT ZA RUBLJE 6,36kg 120P";"018052801";"NO BRAND";"6,36";"KG";"12,99";"2,04";"0";"0";"0";"12,99";"8410046611450";"SREDSTVA ZA ÈIŠÆENJE"
"DETERDŽENT ZA RUBLJE 6,36kg 120P";"018052801";"NO BRAND";"6,36";"KG";"12,99";"2,04";"0";"0";"0";"12,99";"8410046611511";"SREDSTVA ZA ÈIŠÆENJE"
"DETERDŽENT ZA RUBLJE ECO1,5l 30P";"017593801";"AMO ESSERE ECO";"1,5";"LT";"3,39";"2,26";"0";"0";"0";"3,39";"8017596111296";"SREDSTVA ZA ÈIŠÆENJE"
"DETERDŽENT ZA SUÐE LIMUN 1,5l";"013401601";"DEXAL";"1,5";"LT";"1,59";"1,06";"0";"0";"0";"1,59";"8017596005106";"SREDSTVA ZA ÈIŠÆENJE"
"DETERDŽENT ZA TAMNO RUBLJE 1,5l 25P";"017163301";"DEXAL";"1,5";"LT";"2,29";"1,53";"0";"0";"0";"2,29";"8017596015792";"SREDSTVA ZA ÈIŠÆENJE"
"DEZ. SPEJ MUŠKI V.VRSTA 48H 150ml";"017426701";"NISSHE";"0,15";"LT";"1,19";"7,93";"0";"0";"0";"1,39";"8017596122735";"KOZMETIKA"
"DEZ. SPEJ MUŠKI V.VRSTA 48H 150ml";"017426701";"NISSHE";"0,15";"LT";"1,19";"7,93";"0";"0";"0";"1,39";"8017596122742";"KOZMETIKA"
"DEZ. SPEJ MUŠKI V.VRSTA 48H 150ml";"017426701";"NISSHE";"0,15";"LT";"1,19";"7,93";"0";"0";"0";"1,39";"8017596122759";"KOZMETIKA"
"DEZINFEKCIJSKO SRED. POVRŠINE 500ml";"910102001";"NO BRAND";"0,5";"LT";"2,39";"4,78";"0";"0";"0";"2,39";"3858891544304";"SREDSTVA ZA ÈIŠÆENJE"
"DEZINFEKCIJSKO SRED. RUKE 500ml";"910102101";"NO BRAND";"0,5";"LT";"2,29";"4,58";"0";"0";"0";"2,29";"3858891543994";"KOZMETIKA"
"DEZINFEKCIJSKO SRED. RUKE REFIL 1l";"910101201";"NO BRAND";"1";"LT";"3,49";"3,49";"0";"0";"0";"3,49";"3858891544007";"KOZMETIKA"
"DEZINFEKCIJSKO SRED. RUKE SPR.100ml";"910101501";"NO BRAND";"0,1";"LT";"0,99";"9,9";"0";"0";"0";"0,99";"3858891543987";"KOZMETIKA"
"DEZINFEKCIJSKO SRED.POVRŠINE REF.1l";"910101001";"NO BRAND";"1";"LT";"2,99";"2,99";"0";"0";"0";"2,99";"3858891544311";"SREDSTVA ZA ÈIŠÆENJE"
"DEZODORANS ROLL ON VIŠE V.48h 75ml";"017380301";"NEAR YOUR XXX";"0,075";"LT";"1,49";"19,87";"0";"0";"0";"1,49";"24101585";"KOZMETIKA"
"DEZODORANS ROLL ON VIŠE V.48h 75ml";"017380301";"NEAR YOUR XXX";"0,075";"LT";"1,49";"19,87";"0";"0";"0";"1,49";"24101592";"KOZMETIKA"
"DEZODORANS ROLL ON VIŠE V.48h 75ml";"017380301";"NEAR YOUR XXX";"0,075";"LT";"1,49";"19,87";"0";"0";"0";"1,49";"24101608";"KOZMETIKA"
"DEZODORANS SPEJ FRESH 48h 150ml";"017379901";"NEAR YOUR XXX";"0,15";"LT";"2,29";"15,27";"0";"0";"0";"2,29";"8017596122858";"KOZMETIKA"
"DEZODORANS STICK FRESH 48h 75ml";"017379701";"NEAR YOUR XXX";"0,075";"LT";"2,19";"29,2";"0";"0";"0";"2,19";"24101615";"KOZMETIKA"
"DEZODORANS UNIS.48H ORG/TALC 150ml";"017540701";"NEAR YOUR XXX";"0,15";"LT";"1,59";"10,6";"0";"0";"0";"1,39";"8017596122797";"KOZMETIKA"
"DEZODORANS UNIS.48H ORG/TALC 150ml";"017540701";"NEAR YOUR XXX";"0,15";"LT";"1,59";"10,6";"0";"0";"0";"1,39";"8017596122803";"KOZMETIKA"
"DEZODORANS ŽENSKI VIŠE VR. 150ml";"018582101";"FIOR DI MAGNOLIA";"0,15";"LT";"1,19";"7,93";"0";"0";"0";"1,19";"8017596138279";"KOZMETIKA"
"DEZODORANS ŽENSKI VIŠE VR. 150ml";"018582101";"FIOR DI MAGNOLIA";"0,15";"LT";"1,19";"7,93";"0";"0";"0";"1,19";"8017596138262";"KOZMETIKA"
"DEZODORANS ŽENSKI VIŠE VR. 150ml";"018582101";"FIOR DI MAGNOLIA";"0,15";"LT";"1,19";"7,93";"0";"0";"0";"1,19";"8017596138255";"KOZMETIKA"
"DIGITALNI TOPLOMJER";"016191801";"LA NUOVA PHARMACIA";"0,039";"KG";"3,29";"84,36";"0";"0";"0";"3,32";"8017596056955";"KOZMETIKA"
"DIMLJENA KOBASICA 300g";"910145601";"MEAT APPETIT";"0,3";"KG";"3,69";"12,3";"0";"0";"0";"3,69";"8017596129246";"HRANA"
"DIMLJENA MINI KOBASICA 220g";"910013101";"MEAT APPETIT";"0,22";"KG";"2,49";"11,32";"0";"0";"0";"2,49";"3858884937793";"HRANA"
"DIMLJENA MINI KOBASICA 220g";"910013101";"MEAT APPETIT";"0,22";"KG";"2,49";"11,32";"0";"0";"0";"2,49";"8017596129253";"HRANA"
"DIMLJENE KOBASICE";"900004401";"NO BRAND";"1";"KG";"7,19";"7,19";"0";"0";"0";"7,19";"";"HRANA"
"DINJA BIJELA";"080589701";"NO BRAND";"1";"KG";"2,79";"2,79";"0";"0";"0";"2,99";"";"HRANA"
"DINJA PIEL DE SAPO";"080558501";"NO BRAND";"1";"KG";"1,79";"1,79";"0";"0";"0";"2,99";"";"HRANA"
"DINJA rfz";"080025601";"NO BRAND";"1";"KG";"2,29";"2,29";"0";"0";"0";"2,99";"";"HRANA"
"DINJA ŽUTA rfz";"080025901";"NO BRAND";"1";"KG";"1,79";"1,79";"0";"0";"0";"2,99";"";"HRANA"
"DJ. KAŠ. MENU POVRÆE 190g";"900543901";"PRIME PAPPE";"0,19";"KG";"1,29";"6,79";"0,89";"4,68";"0,99";"1,29";"8017596128669";"HRANA"
"DJ.KAŠ. MENU TJESTOM/TELETINOM 190g";"900544001";"PRIME PAPPE";"0,19";"KG";"1,39";"7,32";"0,89";"4,68";"1,09";"1,39";"8017596128652";"HRANA"
"DJ.KAŠ.POV/RIŽA/JUNET 190g";"900543801";"PRIME PAPPE";"0,19";"KG";"1,39";"7,32";"0,89";"4,68";"0,99";"1,39";"8017596128676";"HRANA"
"DJE. ŠAMPANJAC SONIC JABUKA 750ML";"900610701";"NO BRAND";"0,75";"LT";"2,49";"3,32";"0";"0";"0";"2,49";"5998818568353";"PIÆE"
"DJEÈJI FLASTERI M 20kom";"016196201";"LA NUOVA PHARMACIA";"1";"PZ";"0,69";"0,69";"0";"0";"0";"0,69";"8017596056573";"KOZMETIKA"
"DJEÈJI ŠAMP.LOL JABUKA 750ML";"910188601";"NO BRAND";"0,75";"LT";"2,49";"3,32";"0";"0";"0";"2,49";"5998818566625";"PIÆE"
"DJEÈJI ŠAMP.PAW P.JAB_JAG 750ML";"900601701";"NO BRAND";"0,75";"LT";"2,49";"3,32";"0";"0";"0";"2,49";"5998818566700";"PIÆE"
"DNEVNI ULOŠCI 40kom";"015052601";"FIOR DI MAGNOLIA";"1";"PZ";"0,99";"0,99";"0";"0";"0";"0,99";"8017596075512";"KOZMETIKA"
"DNEVNI ULOŠCI 40kom";"015067401";"FIOR DI MAGNOLIA";"1";"PZ";"1,19";"1,19";"0";"0";"0";"1,19";"8017596075505";"KOZMETIKA"
"DNEVNI ULOŠCI ECO 100% PAMUK 20kom";"017284901";"AMO ESSERE ECO";"1";"PZ";"1,29";"1,29";"0";"0";"0";"1,29";"8017596120922";"KOZMETIKA"
"DNEVNI ULOŠCI MAXI 30kom";"015007401";"FIOR DI MAGNOLIA";"1";"PZ";"1,19";"1,19";"0";"0";"0";"1,19";"8017596003218";"KOZMETIKA"
"DNEVNI ULOŠCI TANKI 24kom";"015099601";"FIOR DI MAGNOLIA";"1";"PZ";"0,99";"0,99";"0";"0";"0";"0,99";"8017596075499";"KOZMETIKA"
"DODATAK JELIMA S POVRÆEM 1kg";"900454501";"DON JEREZ";"1";"KG";"2,49";"2,49";"0";"0";"0";"2,49";"8017596109699";"HRANA"
"DODATAK JELIMA S POVRÆEM 250g";"900454301";"DON JEREZ";"0,25";"KG";"0,69";"2,76";"0";"0";"0";"0,69";"8017596109675";"HRANA"
"DODATAK JELIMA S POVRÆEM 500g";"900454401";"DON JEREZ";"0,5";"KG";"1,29";"2,58";"0";"0";"0";"1,09";"8017596109682";"HRANA"
"DOKOLJENKE JOY 20 DEN CRNE 2P";"017955801";"GLISSADE";"1";"PZ";"1,99";"1,99";"0";"0";"0";"1,99";"8017596058706";"PROIZVODI ZA KUÆANSTVO"
"DOKOLJENKE JOY 20 DEN SMEDE 2P";"017949601";"GLISSADE";"1";"PZ";"1,99";"1,99";"0";"0";"0";"1,99";"8017596058713";"PROIZVODI ZA KUÆANSTVO"
"DOKOLJENKE MINI 20 DEN CRNE 2P";"017956201";"GLISSADE";"1";"PZ";"0,8";"0,8";"0";"0";"0";"0,8";"8017596058676";"PROIZVODI ZA KUÆANSTVO"
"DOKOLJENKE MINI 20 DEN DRAP 2P";"017949401";"GLISSADE";"1";"PZ";"0,8";"0,8";"0";"0";"0";"0,8";"8017596058690";"PROIZVODI ZA KUÆANSTVO"
"DOKOLJENKE MINI 20 DEN SMEDE 2P";"017955901";"NO BRAND";"1";"PZ";"0,8";"0,8";"0";"0";"0";"0,8";"8017596058683";"PROIZVODI ZA KUÆANSTVO"
"DOMAÆA JANJETINA BEZ GLAVE";"070205801";"NO BRAND";"1";"KG";"14,99";"14,99";"0";"0";"0";"14,99";"";"HRANA"
"DOMAÆA JANJETINA S GLAVOM";"070206301";"NO BRAND";"1";"KG";"12,99";"12,99";"0";"0";"0";"12,99";"";"HRANA"
"DOMAÆA KOBASICA 330g";"910099601";"NO BRAND";"0,33";"KG";"5,39";"16,33";"0";"0";"0";"5,29";"3858892090268";"HRANA"
"DOMAÆA MINI LEPINJA 110g";"910182201";"NO BRAND";"0,11";"KG";"0,49";"4,45";"0";"0";"0";"0,49";"3856016907454";"HRANA"
"DOMAÆA PILEÆA KRILA BEZ VRŠKA";"070208201";"NO BRAND";"1";"KG";"4,39";"4,39";"0";"0";"0";"4,39";"";"HRANA"
"DOMAÆA PILEÆA KRILA BEZ VRŠKA";"910122801";"NO BRAND";"1";"KG";"4,13";"4,13";"0";"0";"0";"4,13";"";"HRANA"
"DOMAÆA PILEÆA KRILA OBITELJ. PAK.";"070043801";"NO BRAND";"1";"KG";"4,19";"4,19";"0";"0";"0";"4,19";"";"HRANA"
"DOMAÆA PILEÆA PRSA BEZ KOŽE SK";"910122401";"NO BRAND";"1";"KG";"6,41";"6,41";"0";"0";"0";"6,41";"";"HRANA"
"DOMAÆA PILEÆA PRSA BEZ KOŽE SK";"070208501";"NO BRAND";"1";"KG";"5,99";"5,99";"0";"0";"0";"5,79";"";"HRANA"
"DOMAÆA PILEÆA PRSA SKK";"070208601";"NO BRAND";"1";"KG";"5,69";"5,69";"0";"0";"0";"5,69";"";"HRANA"
"DOMAÆA PILEÆA ZADNJA ÈETVRT";"070208001";"NO BRAND";"1";"KG";"3,35";"3,35";"2,19";"2,19";"3,35";"3,35";"";"HRANA"
"DOMAÆA PILEÆA ZADNJA ÈETVRT";"910123001";"NO BRAND";"1";"KG";"3,04";"3,04";"0";"0";"0";"3,04";"";"HRANA"
"DOMAÆA PILEÆI FILE CCA 2kg";"910122501";"NO BRAND";"1";"KG";"8,63";"8,63";"0";"0";"0";"8,63";"";"HRANA"
"DOMAÆA SALAMA 100g";"910081801";"NO BRAND";"0,1";"KG";"2,89";"28,9";"0";"0";"0";"2,35";"3838876025745";"HRANA"
"DOMAÆA SALAMA 500g";"910081901";"NO BRAND";"0,5";"KG";"8,49";"16,98";"0";"0";"0";"7,99";"3838876022676";"HRANA"
"DOMAÆE CARSKO MESO ZA SUŠENJE";"070200101";"NO BRAND";"1";"KG";"5,99";"5,99";"0";"0";"0";"5,29";"";"HRANA"
"DOMAÆE SVJEŽE PILE CCA 1,7-1,9kg";"910122301";"NO BRAND";"1";"KG";"3,59";"3,59";"0";"0";"0";"3,59";"";"HRANA"
"DOMAÆE SVJEŽE PILE CCA.1,5-1,6kg";"910175301";"NO BRAND";"1";"KG";"3,99";"3,99";"0";"0";"0";"3,99";"";"HRANA"
"DOMAÆE SVJEŽE PILE NA PODLOŠKU";"070209401";"NO BRAND";"1";"KG";"3,09";"3,09";"0";"0";"0";"3,09";"";"HRANA"
"DOMAÆI BIJELI KRUH 400g";"910117501";"NO BRAND";"0,4";"KG";"0,79";"1,98";"0";"0";"0";"0,69";"3858881509399";"HRANA"
"DOMAÆI CRAFT KRUH BIJELI KALUP 350g";"910190501";"NO BRAND";"0,35";"KG";"1,49";"4,26";"0";"0";"0";"1,49";"3850135200038";"HRANA"
"DOMAÆI FILE BATKA I ZABATKA (BKK)";"070208101";"NO BRAND";"1";"KG";"7,59";"7,59";"0";"0";"0";"7,59";"";"HRANA"
"DOMAÆI FILE BATKA I ZABATKA (BKK)";"910122901";"NO BRAND";"1";"KG";"7,3";"7,3";"0";"0";"0";"7,3";"";"HRANA"
"DOMAÆI FILE BATKA I ZABATKA (BKK)OB";"070211301";"NO BRAND";"1";"KG";"7,39";"7,39";"0";"0";"0";"7,39";"";"HRANA"
"DOMAÆI FILE PILEÆEG ZABATKA (BKK)";"910175101";"NO BRAND";"1";"KG";"6,01";"6,01";"0";"0";"0";"6,01";"";"HRANA"
"DOMAÆI FILE PILEÆEG ZABATKA(BKK)";"070210401";"NO BRAND";"1";"KG";"7,39";"7,39";"0";"0";"0";"7,39";"";"HRANA"
"DOMAÆI KRUH MEDITERANEO 400g";"910176601";"NO BRAND";"0,4";"KG";"2,29";"5,73";"0";"0";"0";"2,29";"3830085170902";"HRANA"
"DOMAÆI KRUH SA SJEMENKAMA 400g";"910176901";"NO BRAND";"0,4";"KG";"2,39";"5,98";"0";"0";"0";"2,39";"3830085170889";"HRANA"
"DOMAÆI KUKURUZNI MIJEŠANI KRUH 500g";"910020101";"NO BRAND";"0,5";"KG";"1,49";"2,98";"0";"0";"0";"1,49";"";"HRANA"
"DOMAÆI MIJEŠANI KRUH 400g";"910177001";"NO BRAND";"0,4";"KG";"2,29";"5,73";"0";"0";"0";"2,29";"3830085170896";"HRANA"
"DOMAÆI PIL. FILE OD PRSA OBIT. PAK.";"070040001";"NO BRAND";"1";"KG";"7,89";"7,89";"0";"0";"0";"7,89";"";"HRANA"
"DOMAÆI PILEÆI BATAK";"910122601";"NO BRAND";"1";"KG";"3,73";"3,73";"0";"0";"0";"3,73";"";"HRANA"
"DOMAÆI PILEÆI BATAK I ZABATAK";"070208701";"NO BRAND";"1";"KG";"5,19";"5,19";"0";"0";"0";"5,09";"";"HRANA"
"DOMAÆI PILEÆI BATAK SA ZABATKOM SKK";"910175401";"NO BRAND";"1";"KG";"3,7";"3,7";"0";"0";"0";"3,7";"";"HRANA"
"DOMAÆI PILEÆI BATAK SKK";"070208401";"NO BRAND";"1";"KG";"4,29";"4,29";"0";"0";"0";"3,98";"";"HRANA"
"DOMAÆI PILEÆI FILE OD PRSA";"070207801";"NO BRAND";"1";"KG";"7,99";"7,99";"5,97";"5,97";"5,98";"7,99";"";"HRANA"
"DOMAÆI PILEÆI FILE OD PRSA ODREZAK";"070207901";"NO BRAND";"1";"KG";"8,59";"8,59";"0";"0";"0";"8,49";"";"HRANA"
"DOMAÆI PILEÆI ZABATAK";"910122701";"NO BRAND";"1";"KG";"3,73";"3,73";"0";"0";"0";"3,73";"";"HRANA"
"DOMAÆI PILEÆI ZABATAK S DIJ.LEÐA";"910175201";"NO BRAND";"1";"KG";"3,19";"3,19";"0";"0";"0";"3,19";"";"HRANA"
"DOMAÆI PILEÆI ZABATAK S DIJEL.LEÐA";"070210501";"NO BRAND";"1";"KG";"3,19";"3,19";"0";"0";"0";"3,19";"";"HRANA"
"DOMAÆI PILEÆI ZABATAK SKK";"070208301";"NO BRAND";"1";"KG";"4,29";"4,29";"0";"0";"0";"3,98";"";"HRANA"
"DOMAÆI RUM 37,5% 1000ml";"900358001";"NO BRAND";"1";"LT";"9,99";"9,99";"0";"0";"0";"9,99";"3830006256258";"PIÆE"
"DOMAÆI RUM 37,5% 100ml";"910087401";"NO BRAND";"0,1";"LT";"1,19";"11,9";"0";"0";"0";"1,19";"3850164243495";"PIÆE"
"DOMAÆI ZLATNI CRAFT KRUH 350g";"910185601";"NO BRAND";"0,35";"KG";"1,45";"4,14";"0";"0";"0";"1,49";"3850135238765";"HRANA"
"DONUT HALLOWEEN 57g";"910184001";"NO BRAND";"0,057";"KG";"0,59";"10,35";"0,39";"6,84";"0,59";"0,59";"8590325511746";"HRANA"
"DONUT JABUKA I CIMET 65g PUNJENI";"910140701";"NO BRAND";"0,065";"KG";"0,59";"9,08";"0";"0";"0";"0,59";"";"HRANA"
"DONUT JAGODA 73g PUNJENI";"910074501";"NO BRAND";"0,073";"KG";"0,85";"11,64";"0";"0";"0";"0,85";"";"HRANA"
"DONUT NUGAT 71g PUNJENI";"910025501";"NO BRAND";"0,071";"KG";"0,69";"9,72";"0";"0";"0";"0,69";"";"HRANA"
"DONUT VANILIJA 71g PUNJENI";"910002101";"NO BRAND";"0,071";"KG";"0,69";"9,72";"0";"0";"0";"0,69";"";"HRANA"
"DONUT WINTER 57g";"910188501";"NO BRAND";"0,057";"KG";"0,59";"10,35";"0";"0";"0";"0,59";"8590325511753";"HRANA"
"DONUT ÈOKOLADA 71g PUNJENI";"910002001";"NO BRAND";"0,071";"KG";"0,69";"9,72";"0";"0";"0";"0,69";"";"HRANA"
"DRAGOLJUB";"014306501";"NO BRAND";"1";"PZ";"0,59";"0,59";"0";"0";"0";"0,59";"8001553804338";"HRANA"
"DRAŽE BIJELA ÈOKO.S KOKOSOM 80g";"910209301";"NO BRAND";"0,08";"KG";"1,19";"14,88";"0";"0";"0";"1,19";"5310005033596";"HRANA"
"DRAŽE BIJELA ÈOKO.S PISTACIJAMA 60g";"910209401";"NO BRAND";"0,06";"KG";"1,29";"21,5";"0,99";"16,5";"1,29";"1,29";"5310005033572";"HRANA"
"DRVENI UGLJEN 3kg";"015203801";"EUROGARDEN";"3";"KG";"3,99";"1,33";"0";"0";"0";"3,32";"8004393000083";"PROIZVODI ZA KUÆANSTVO"
"DRVENI UGLJEN 3kg";"015203801";"EUROGARDEN";"3";"KG";"3,99";"1,33";"0";"0";"0";"3,32";"8017596106360";"PROIZVODI ZA KUÆANSTVO"
"DRŽAÈ ZA METLU ZELENI ECO 130cm";"017185401";"AMO ESSERE ECO";"1";"PZ";"1,09";"1,09";"0";"0";"0";"1,06";"8017596121882";"PROIZVODI ZA KUÆANSTVO"
"DUNJA";"080029101";"NO BRAND";"1";"KG";"2,29";"2,29";"0";"0";"0";"1,99";"";"HRANA"
"DVA SVJEŽ PILETA NA PODLOŠKU PAK";"014618801";"NO BRAND";"1";"KG";"3,19";"3,19";"0";"0";"0";"3,09";"";"HRANA"
"DVOPEK SA ŽITARICAMA 320g";"011614701";"TRE MULINI";"0,32";"KG";"1,39";"4,34";"0";"0";"0";"1,39";"8017596063236";"HRANA"
"DVOPEK SA ŽITARICAMA 320g";"011614701";"TRE MULINI";"0,32";"KG";"1,39";"4,34";"0";"0";"0";"1,39";"8017596105028";"HRANA"
"DŽEM BRESKVA EXTRA 370g";"013661101";"PUERTOSOL";"0,37";"KG";"1,99";"5,38";"0";"0";"0";"1,99";"8017596073976";"HRANA"
"DŽEM JAGODA 35% 700g";"900457201";"PUERTOSOL";"0,7";"KG";"2,89";"4,13";"0";"0";"0";"2,89";"8017596109095";"HRANA"
"DŽEM JAGODA EXTRA 370g";"013661301";"PUERTOSOL";"0,37";"KG";"1,99";"5,38";"0";"0";"0";"1,99";"8017596073969";"HRANA"
"DŽEM JAGODA EXTRA 50% 450g";"900456401";"PUERTOSOL";"0,45";"KG";"2,39";"5,31";"0";"0";"0";"2,39";"8017596109019";"HRANA"
"DŽEM MALINA EXTRA 50% 450g";"900456801";"PUERTOSOL";"0,45";"KG";"2,99";"6,64";"0";"0";"0";"2,99";"8017596109057";"HRANA"
"DŽEM MARELICA 35% 700g";"900457101";"PUERTOSOL";"0,7";"KG";"2,89";"4,13";"0";"0";"0";"2,89";"8017596109088";"HRANA"
"DŽEM MARELICA 50% EXTRA 450g";"900456301";"PUERTOSOL";"0,45";"KG";"2,39";"5,31";"0";"0";"0";"2,39";"8017596109002";"HRANA"
"DŽEM MARELICA EXTRA 370g";"013660801";"PUERTOSOL";"0,37";"KG";"1,99";"5,38";"0";"0";"0";"1,99";"8017596073945";"HRANA"
"DŽEM MIJEŠANO VOÆE 45% 840g";"900457301";"PUERTOSOL";"0,84";"KG";"2,99";"3,56";"0";"0";"0";"2,99";"8017596109064";"HRANA"
"DŽEM TREŠNJA EXTRA 370g";"013661201";"PUERTOSOL";"0,37";"KG";"1,99";"5,38";"0";"0";"0";"1,99";"8017596073952";"HRANA"
"DŽEM VIŠNJA 50% EXTRA 450g";"900456601";"PUERTOSOL";"0,45";"KG";"2,39";"5,31";"0";"0";"0";"2,39";"8017596109033";"HRANA"
"DŽEM ŠIPAK 40% EXTRA 840g";"900457001";"PUERTOSOL";"0,84";"KG";"3,29";"3,92";"2,29";"2,73";"3,29";"3,29";"8017596109071";"HRANA"
"DŽEM ŠLJIVA 50% EXTRA 450g";"900456701";"PUERTOSOL";"0,45";"KG";"2,39";"5,31";"0";"0";"0";"2,39";"8017596109040";"HRANA"
"DŽEM ŠUMSKO VOÆE EXTRA 370g";"013661401";"PUERTOSOL";"0,37";"KG";"1,99";"5,38";"0";"0";"0";"1,99";"8017596073983";"HRANA"
"DŽEM ŠUMSKO VOÆE EXTRA 50% 450g";"900456501";"PUERTOSOL";"0,45";"KG";"2,69";"5,98";"0";"0";"0";"2,69";"8017596109026";"HRANA"
"EK. DJEV MASLINOVO ULJE DELICATO 1L";"018174401";"FRANTOIO LA ROCCA";"1";"LT";"8,99";"8,99";"0";"0";"0";"8,99";"8017596133755";"HRANA"
"EK.DJEV.MASLINOVO ULJE FRUTTATO 1l";"016780301";"FRANTOIO LA ROCCA";"1";"LT";"8,99";"8,99";"0";"0";"0";"8,99";"8017596120069";"HRANA"
"EK.DJEV.MASLINOVO ULJE FRUTTATO 1l";"016780301";"FRANTOIO LA ROCCA";"1";"LT";"8,99";"8,99";"0";"0";"0";"8,99";"8008460900894";"HRANA"
"EK.DJEVIÈANSKO MASLINOVO ULJE 750ml";"004472701";"PODERE DEL CONTE";"0,75";"LT";"10,99";"14,65";"0";"0";"0";"10,99";"80724292";"HRANA"
"EK.DJEVIÈANSKO MASLINOVO ULJE 750ml";"004472701";"PODERE DEL CONTE";"0,75";"LT";"10,99";"14,65";"0";"0";"0";"10,99";"80731887";"HRANA"
"EL.APARAT KOMARCI S 10 TABLETA";"010894601";"NOOZE";"1";"PZ";"3,49";"3,49";"0";"0";"0";"3,49";"8017596059765";"PROIZVODI ZA KUÆANSTVO"
"EL.APARAT KOMARCI S TEK.PUNJ.40ml";"010894701";"NOOZE";"1";"PZ";"3,49";"3,49";"0";"0";"0";"3,49";"8017596059772";"PROIZVODI ZA KUÆANSTVO"
"EL.APARAT KOMARCI TABLETE 30kom";"010894801";"NOOZE";"1";"PZ";"1,49";"1,49";"0";"0";"0";"1,49";"8017596059789";"PROIZVODI ZA KUÆANSTVO"
"EL.APARAT KOMARCI TEK.PUNJENJ.35ml";"010894901";"NOOZE";"0,035";"LT";"1,49";"42,57";"0";"0";"0";"1,49";"8017596059796";"PROIZVODI ZA KUÆANSTVO"
"ENERGETSKI NAPITAK 1l";"900288301";"NO BRAND";"1";"LT";"1,69";"1,69";"0";"0";"0";"1,69";"8032749756223";"PIÆE"
"ENERGETSKI NAPITAK 250ml";"009281501";"NO BRAND";"0,25";"LT";"0,69";"2,76";"0";"0";"0";"0,63";"8009980896216";"PIÆE"
"ENERGETSKI NAPITAK 250ml";"009281501";"NO BRAND";"0,25";"LT";"0,69";"2,76";"0";"0";"0";"0,63";"4260110410373";"PIÆE"
"ENERGETSKI NAPITAK 250ml";"009281501";"NO BRAND";"0,25";"LT";"0,69";"2,76";"0";"0";"0";"0,63";"4021285901147";"PIÆE"
"ENERGETSKI NAPITAK 250ml";"009281501";"NO BRAND";"0,25";"LT";"0,69";"2,76";"0";"0";"0";"0,63";"8033903052168";"PIÆE"
"ENERGETSKI NAPITAK BEZ ŠEÆERA 250ml";"015107401";"NO BRAND";"0,25";"LT";"0,59";"2,36";"0";"0";"0";"0,49";"8009980896223";"PIÆE"
"ENERGETSKI NAPITAK BEZ ŠEÆERA 250ml";"015107401";"NO BRAND";"0,25";"LT";"0,59";"2,36";"0";"0";"0";"0,49";"8033903052182";"PIÆE"
"ENERGETSKO PICE 500ml";"018573501";"NO BRAND";"0,5";"LT";"0,99";"1,98";"0";"0";"0";"0,99";"9001372008947";"PIÆE"
"ENERGETSKO PICE MANGO ZERO 500ml";"018574001";"NO BRAND";"0,5";"LT";"0,89";"1,78";"0";"0";"0";"0,89";"9001372008978";"PIÆE"
"ENERGETSKO PICE TROPICAL 500ml";"018574101";"NO BRAND";"0,5";"LT";"0,99";"1,98";"0";"0";"0";"0,99";"9001372008992";"PIÆE"
"ENERGETSKO PIÈE OKUS KOKOS 250ml";"018551401";"NO BRAND";"0,25";"LT";"0,59";"2,36";"0";"0";"0";"0,59";"8009980896728";"PIÆE"
"ENERGETSKO PIÈE OKUS MANGO 500ml";"018551601";"NO BRAND";"0,5";"LT";"0,99";"1,98";"0";"0";"0";"0,99";"8009980896735";"PIÆE"
"ENERGIJSKA PIJACA ZERO 500ml";"018573701";"NO BRAND";"0,5";"LT";"0,89";"1,78";"0";"0";"0";"0,89";"9001372008961";"PIÆE"
"ENERGY BAR OKUS KAKAO 50g";"016280601";"NO BRAND";"0,05";"KG";"0,99";"19,8";"0";"0";"0";"0,99";"8054377171551";"HRANA"
"ENERGY BAR OKUS KAKAO 50g";"016280601";"NO BRAND";"0,05";"KG";"0,99";"19,8";"0";"0";"0";"0,99";"8017596125149";"HRANA"
"EVID. \\\"PRODOTTO CROATO\\\" PER GRIPP";"010907901";"NO BRAND";"1";"KG";"3,94";"3,94";"0";"0";"0";"3,94";"";"HRANA"
"EXPO KREMA ZA SUNÈANJE";"013141101";"NEAR YOUR XXX";"1";"PZ";"60";"60";"0";"0";"0";"60";"";"KOZMETIKA"
"EXTRA ÐŽEM OD SMOKVE 350g";"910203801";"PUTOVANJE KROZ OKUSE";"0,35";"KG";"2,39";"6,83";"0";"0";"0";"2,39";"8017596137364";"HRANA"
"FEFERONI BLAGI 600g/280g";"900419401";"SUNNY NATURE";"0,6";"KG";"2,19";"3,65";"0";"0";"0";"2,19";"8017596111616";"HRANA"
"FEFERONI BLAGI 600g/280g";"900419401";"SUNNY NATURE";"0,6";"KG";"2,19";"3,65";"0";"0";"0";"2,19";"5310246001248";"HRANA"
"FEFERONI LJUTI 620g/320g";"900419501";"SUNNY NATURE";"0,62";"KG";"2,19";"3,53";"0";"0";"0";"2,19";"8017596111609";"HRANA"
"FEFERONI LJUTI 620g/320g";"900419501";"SUNNY NATURE";"0,62";"KG";"2,19";"3,53";"0";"0";"0";"2,19";"5310246001231";"HRANA"
"FEFERONI PEÈENI NA ŽARU 520g/280g";"900420701";"SUNNY NATURE";"0,52";"KG";"2,19";"4,21";"0";"0";"0";"2,19";"8017596111579";"HRANA"
"FEFERONI PEÈENI NA ŽARU 520g/280g";"900420701";"SUNNY NATURE";"0,52";"KG";"2,19";"4,21";"0";"0";"0";"2,19";"5310246001255";"HRANA"
"FERRERO TORTA 800g";"910197201";"NO BRAND";"0,8";"KG";"15,9";"19,88";"0";"0";"0";"15,9";"3858894681921";"HRANA"
"FIGURICA SV.NIKOLA 120g";"900634701";"NO BRAND";"0,12";"KG";"1,49";"12,42";"0";"0";"0";"1,49";"3830041972847";"HRANA"
"FIL.ORADE I BRANCINA MAR.LIMUN.130g";"910084501";"NO BRAND";"0,13";"KG";"6,49";"49,92";"5,49";"42,23";"6,49";"5,39";"3858891990996";"HRANA"
"FILE PIL. BATKA I ZABATKA MAP 500g";"910200801";"NO BRAND";"0,5";"KG";"3,39";"6,78";"0";"0";"0";"3,59";"5995664004219";"HRANA"
"FILE PIL.BAT.I ZAB.";"070096001";"NO BRAND";"1";"KG";"7,39";"7,39";"0";"0";"0";"7,29";"";"HRANA"
"FILE PILEÆEG ZABATKA";"070031801";"NO BRAND";"1";"KG";"7,19";"7,19";"0";"0";"0";"7,09";"";"HRANA"
"FILE PILEÆEG ZABATKA BKK GASTRO";"015614301";"NO BRAND";"1";"KG";"5,49";"5,49";"0";"0";"0";"5,49";"";"HRANA"
"FILET ALJAŠKE KOLJE 1kg";"900480801";"NO BRAND";"1";"KG";"7,29";"7,29";"0";"0";"0";"7,29";"3858891044262";"HRANA"
"FILET ALJAŠKE KOLJE 4 PORCIJE 400g";"016100001";"ATHENA";"0,4";"KG";"3,49";"8,73";"0";"0";"0";"3,49";"8017596040398";"HRANA"
"FILET ATLANTSKOG LOSOSA 250g";"910160901";"NO BRAND";"0,25";"KG";"5,89";"23,56";"0";"0";"0";"5,89";"3859893776137";"HRANA"
"FILET BIJELOG BAKALARA 400g";"910169801";"NO BRAND";"0,4";"KG";"8,99";"22,48";"0";"0";"0";"8,99";"3859893777660";"HRANA"
"FILET CRNOG BAKALARA 400g";"910169901";"NO BRAND";"0,4";"KG";"6,79";"16,98";"0";"0";"0";"5,69";"3859893969935";"HRANA"
"FILET KOMADIÆI SOJA 175g";"016571301";"AMO ESSERE VEG";"0,175";"KG";"2,59";"14,8";"0";"0";"0";"2,49";"8017596105790";"HRANA"
"FILET KOMADIÆI SOJA 175g";"016571301";"AMO ESSERE VEG";"0,175";"KG";"2,59";"14,8";"0";"0";"0";"2,49";"8017596126047";"HRANA"
"FILET ŽUTOPERAJNE TUNE 200g";"910169701";"NO BRAND";"0,2";"KG";"6,29";"31,45";"0";"0";"0";"6,29";"3859893662591";"HRANA"
"FILET ŽUTOPERAJNE TUNE 250g";"014900201";"NO BRAND";"0,25";"KG";"5,29";"21,16";"0";"0";"0";"5,29";"8425663001683";"HRANA"
"FILET ŽUTOPERAJNE TUNE 250g";"014900201";"NO BRAND";"0,25";"KG";"5,29";"21,16";"0";"0";"0";"5,29";"8436607570868";"HRANA"
"FILET ŽUTOPERAJNE TUNE 250g";"014900201";"NO BRAND";"0,25";"KG";"5,29";"21,16";"0";"0";"0";"5,29";"8017596040602";"HRANA"
"FILETI ATLANSKOG LOSOSA 500g";"910194401";"NO BRAND";"0,5";"KG";"10,99";"21,98";"0";"0";"0";"10,99";"5906259713812";"HRANA"
"FILETI BAKALARA 450g";"900496601";"NO BRAND";"0,45";"KG";"7,49";"16,64";"0";"0";"0";"6,99";"3858891044279";"HRANA"
"FILETI DIVLJI LOSOS 250g";"012810601";"ONDINA";"0,25";"KG";"4,85";"19,4";"0";"0";"0";"5,29";"8017596040275";"HRANA"
"FILETI HARINGE U BILJNOM ULJU 170g";"900468601";"NO BRAND";"0,17";"KG";"1,39";"8,18";"0";"0";"0";"1,39";"5901576054723";"HRANA"
"FILETI HARINGE UMAK OD RAJÈICA 170g";"900468701";"NO BRAND";"0,17";"KG";"1,39";"8,18";"0";"0";"0";"1,39";"5901576054716";"HRANA"
"FILETI INÆUNA 150g";"910084901";"NO BRAND";"0,15";"KG";"5,49";"36,6";"0";"0";"0";"5,49";"3858891991047";"HRANA"
"FILETI INÆUNA MARIN.TIMIJANOM 150g";"910084701";"NO BRAND";"0,15";"KG";"3,99";"26,6";"0";"0";"0";"3,89";"3858891990989";"HRANA"
"FILETI INÆUNA MARINIR.LIMUNOM 150g";"910084801";"NO BRAND";"0,15";"KG";"3,99";"26,6";"0";"0";"0";"3,89";"3858891990972";"HRANA"
"FILETI INÆUNA MARINIRANI 150g";"910084601";"NO BRAND";"0,15";"KG";"3,89";"25,93";"0";"0";"0";"3,89";"3858891990965";"HRANA"
"FILETI INÆUNA U BILJNOM ULJU 160g";"013887301";"ONDINA";"0,16";"KG";"3,49";"21,81";"0";"0";"0";"3,49";"24100021";"HRANA"
"FILETI INÆUNA U MASLINOVOM ULJU 80g";"015526601";"ONDINA";"0,08";"KG";"2,49";"31,13";"0";"0";"0";"2,39";"24100038";"HRANA"
"FILETI INÆUNA U ULJU 720g";"011288601";"NO BRAND";"0,72";"KG";"11,99";"16,65";"0";"0";"0";"11,99";"8017596115843";"HRANA"
"FILETI INÆUNA U ULJU 720g";"011288601";"NO BRAND";"0,72";"KG";"11,99";"16,65";"0";"0";"0";"11,99";"8000828000772";"HRANA"
"FILETI INÆUNA U ULJU 720g";"011288601";"NO BRAND";"0,72";"KG";"11,99";"16,65";"0";"0";"0";"11,99";"8007820087770";"HRANA"
"FILETI INÆUNA U ULJU 720g";"011288601";"NO BRAND";"0,72";"KG";"11,99";"16,65";"0";"0";"0";"11,99";"8001247000695";"HRANA"
"FILETI JUŽNOAFRIÈKOG OSLIÆA 600g";"009978701";"ONDINA";"0,6";"KG";"5,99";"9,98";"0";"0";"0";"5,99";"8017596040114";"HRANA"
"FILETI LOKARDE U MASLINO ULJU 250g";"009024701";"ONDINA";"0,25";"KG";"4,49";"17,96";"0";"0";"0";"4,29";"8017596014689";"HRANA"
"FILETI LOKARDE U MASLINO ULJU 250g";"009024701";"ONDINA";"0,25";"KG";"4,49";"17,96";"0";"0";"0";"4,29";"80810537";"HRANA"
"FILETI LOSOSA NATURALE 150g";"018044901";"ONDINA";"0,1";"KG";"3,98";"39,8";"0";"0";"0";"3,98";"8017596067630";"HRANA"
"FILETI LOSOSA U MASLINOVOM UL.150g";"017917601";"ONDINA";"0,15";"KG";"3,98";"26,53";"0";"0";"0";"3,98";"8017596062901";"HRANA"
"FILETI MORSKI PAS MODRULJ 450g";"013225401";"NO BRAND";"0,45";"KG";"3,29";"7,31";"0";"0";"0";"3,29";"8420567011479";"HRANA"
"FILETI OSLIÆA 1kg";"003272201";"ATHENA";"1";"KG";"9,89";"9,89";"0";"0";"0";"9,95";"8017596001092";"HRANA"
"FILETI OSLIÆA 1kg";"003272201";"ATHENA";"1";"KG";"9,89";"9,89";"0";"0";"0";"9,95";"4000933002566";"HRANA"
"FILETI OSLIÆA 1kg";"003272201";"ATHENA";"1";"KG";"9,89";"9,89";"0";"0";"0";"9,95";"5905009022303";"HRANA"
"FILETI OSLIÆA 1kg";"003272201";"ATHENA";"1";"KG";"9,89";"9,89";"0";"0";"0";"9,95";"8007466063121";"HRANA"
"FILETI OSLIÆA 1kg";"003272201";"ATHENA";"1";"KG";"9,89";"9,89";"0";"0";"0";"9,95";"8033389262006";"HRANA"
"FILETI OSLIÆA 500g";"900480901";"NO BRAND";"0,5";"KG";"4,99";"9,98";"0";"0";"0";"4,8";"3858891044255";"HRANA"
"FILETI SKUŠE S POVRÆEM 105g";"900477001";"NO BRAND";"0,105";"KG";"1,49";"14,19";"0";"0";"0";"1,39";"3830003601662";"HRANA"
"FILETI SKUŠE ŽAR 120g";"014573901";"ONDINA";"0,104";"KG";"2,19";"21,06";"0";"0";"0";"1,99";"8017596079831";"HRANA"
"FILETI SKUŠE ŽAR EKS.DJ.MA.U. 120g";"014573501";"ONDINA";"0,12";"KG";"2,19";"18,25";"0";"0";"0";"1,99";"8017596079848";"HRANA"
"FILETI TUNE U MASLINOVOM ULJU 260g";"008434501";"ONDINA";"0,26";"KG";"4,79";"18,42";"0";"0";"0";"4,79";"80767244";"HRANA"
"FIT KRUH REZANI PAKIRANI 420g";"910205801";"NO BRAND";"0,42";"KG";"1,49";"3,55";"0";"0";"0";"1,99";"3856028410744";"HRANA"
"FLASTER CLASSIC VIŠE VRSTA 50kom";"016164601";"LA NUOVA PHARMACIA";"1";"PZ";"0,89";"0,89";"0";"0";"0";"0,89";"8017596058782";"KOZMETIKA"
"FLASTER TRAKA 50x60cm";"016194501";"LA NUOVA PHARMACIA";"1";"PZ";"0,59";"0,59";"0";"0";"0";"0,53";"8017596056627";"KOZMETIKA"
"FLASTER TRAKA 50x60cm";"016195301";"LA NUOVA PHARMACIA";"1";"PZ";"0,69";"0,69";"0";"0";"0";"0,66";"8017596056634";"KOZMETIKA"
"FLASTER U ROLI 5mx2,5cm";"016194301";"LA NUOVA PHARMACIA";"1";"PZ";"0,79";"0,79";"0";"0";"0";"0,79";"8017596056658";"KOZMETIKA"
"FLASTER ZA KURJE OÈI 6kom";"016194701";"LA NUOVA PHARMACIA";"1";"PZ";"0,59";"0,59";"0";"0";"0";"0,59";"8017596056771";"KOZMETIKA"
"FLASTER ZA NOS LAKŠE DISANJE 7kom";"016196601";"LA NUOVA PHARMACIA";"1";"PZ";"1,19";"1,19";"0";"0";"0";"0,99";"8017596056603";"KOZMETIKA"
"FLASTER ŽULJEVI 9kom";"016194601";"LA NUOVA PHARMACIA";"1";"PZ";"0,59";"0,59";"0";"0";"0";"0,59";"8017596056788";"KOZMETIKA"
"FLASTERI BIJELI VIŠE VELIÈINA 30kom";"016195201";"LA NUOVA PHARMACIA";"1";"PZ";"0,79";"0,79";"0";"0";"0";"0,69";"8017596056535";"KOZMETIKA"
"FLASTERI BIJELI ZAŠTITA 4kom";"016194001";"LA NUOVA PHARMACIA";"1";"PZ";"0,79";"0,79";"0";"0";"0";"0,79";"8017596056580";"KOZMETIKA"
"FLASTERI CLAS. RAZL. VELIÈINE 30kom";"016193901";"LA NUOVA PHARMACIA";"1";"PZ";"0,8";"0,8";"0";"0";"0";"0,8";"8017596056528";"KOZMETIKA"
"FLASTERI CLASSIC M 20 kom";"016193101";"LA NUOVA PHARMACIA";"1";"PZ";"0,89";"0,89";"0";"0";"0";"0,79";"8017596056559";"KOZMETIKA"
"FLASTERI PREMIUM M 20kom";"016195101";"LA NUOVA PHARMACIA";"1";"PZ";"0,99";"0,99";"0";"0";"0";"0,69";"8017596056566";"KOZMETIKA"
"FLASTERI PROZ.RAZL. VELIÈIN 30kom";"016194201";"LA NUOVA PHARMACIA";"1";"PZ";"0,8";"0,8";"0";"0";"0";"0,8";"8017596056542";"KOZMETIKA"
"FLASTERI VODOOTPORNI RAZL.VEL.20kom";"016194401";"LA NUOVA PHARMACIA";"1";"PZ";"0,99";"0,99";"0";"0";"0";"0,79";"8017596056597";"KOZMETIKA"
"FLASTERI VODOOTPORNI XL 5kom";"016195601";"LA NUOVA PHARMACIA";"1";"PZ";"1,19";"1,19";"0";"0";"0";"1,19";"8017596104816";"KOZMETIKA"
"FLASTERI ZA ŽULJEVE 5kom";"016194901";"LA NUOVA PHARMACIA";"1";"PZ";"1,19";"1,19";"0";"0";"0";"1,19";"8017596056764";"KOZMETIKA"
"FLEKSIBILNE RUKAVICE SREDNJE";"016164001";"SISTEMA CASA";"1";"PZ";"0,65";"0,65";"0";"0";"0";"0,65";"8017596051677";"PROIZVODI ZA KUÆANSTVO"
"FLEKSIBILNE RUKAVICE SREDNJE";"016164001";"SISTEMA CASA";"1";"PZ";"0,65";"0,65";"0";"0";"0";"0,65";"8017596009852";"PROIZVODI ZA KUÆANSTVO"
"FLEKSIBILNE RUKAVICE VELIKE";"016164201";"SISTEMA CASA";"1";"PZ";"0,65";"0,65";"0";"0";"0";"0,65";"8017596051684";"PROIZVODI ZA KUÆANSTVO"
"FLEKSIBILNE RUKAVICE VELIKE";"016164201";"SISTEMA CASA";"1";"PZ";"0,65";"0,65";"0";"0";"0";"0,65";"8017596009869";"PROIZVODI ZA KUÆANSTVO"
"FLIPS HRSKAVI SA SIROM 125g";"006680301";"MAMBO KIDS";"0,125";"KG";"0,89";"7,12";"0";"0";"0";"0,89";"8002183011271";"HRANA"
"FLIPS HRSKAVI SA SIROM 125g";"006680301";"MAMBO KIDS";"0,125";"KG";"0,89";"7,12";"0";"0";"0";"0,89";"8002026000585";"HRANA"
"FLIPS HRSKAVI SA SIROM 125g";"006680301";"MAMBO KIDS";"0,125";"KG";"0,89";"7,12";"0";"0";"0";"0,89";"8017596010780";"HRANA"
"FLIPS JUMBO 30% KIKIRIKI 200g";"910197901";"MAMBO KIDS";"0,2";"KG";"1,09";"5,45";"0";"0";"0";"0,99";"8017596135506";"HRANA"
"FLIPS KUKURUZNI 100g";"900467701";"NO BRAND";"0,1";"KG";"0,59";"5,9";"0";"0";"0";"0,49";"3859888532847";"HRANA"
"FLIPS KUKURUZNI KORNETI 100g";"014299501";"MAMBO KIDS";"0,1";"KG";"1,19";"11,9";"0";"0";"0";"0,99";"8017596070449";"HRANA"
"FLIPS S KIKIRIKIJEM 150g";"900467501";"NO BRAND";"0,15";"KG";"0,89";"5,93";"0";"0";"0";"0,89";"3859888532526";"HRANA"
"FLIPS S KIKIRIKIJEM 60g";"900467601";"NO BRAND";"0,06";"KG";"0,49";"8,17";"0";"0";"0";"0,35";"3859888532533";"HRANA"
"FLIPS SIR 140g";"009352601";"MAMBO KIDS";"0,14";"KG";"0,99";"7,07";"0";"0";"0";"0,99";"8017596018168";"HRANA"
"FOCACCIA DURUM S RAJÈICAMA 210g";"910156601";"NO BRAND";"0,21";"KG";"2,39";"11,38";"1,69";"8,05";"2,39";"2,39";"8033219012047";"HRANA"
"FOCACCIA JUŽNA ITALIJA 180g";"910159101";"NO BRAND";"0,18";"KG";"1,99";"11,06";"0";"0";"0";"1,99";"";"HRANA"
"FOCACCIA MARGHERITA DURUM 225g";"910156701";"NO BRAND";"0,225";"KG";"2,79";"12,4";"1,9";"8,44";"2,79";"2,69";"8033219012061";"HRANA"
"FOCACCIA MARGHERITA DURUM 450g";"910156501";"NO BRAND";"0,45";"KG";"4,49";"9,98";"2,99";"6,64";"4,49";"4,19";"8033219012108";"HRANA"
"FOCACCIA S MASLINAMA 385g";"016409601";"TRE MULINI";"0,385";"KG";"3,69";"9,58";"0";"0";"0";"3,69";"8017596113481";"HRANA"
"FOCACCIA S PESTOM I RAJÈICMA 210g";"910156801";"NO BRAND";"0,21";"KG";"2,79";"13,29";"1,99";"9,48";"2,79";"2,79";"8033219014171";"HRANA"
"FOCACCIA S RAJÈICAMA 375g";"016409501";"TRE MULINI";"0,375";"KG";"3,69";"9,84";"0";"0";"0";"3,69";"8017596113498";"HRANA"
"FOCACCIA SA STRACCHINO SIROM 180g";"015891001";"NO BRAND";"0,18";"KG";"2,49";"13,83";"0";"0";"0";"2,29";"";"HRANA"
"FRANCUSKA SALATA 500g";"910199401";"SUNNY NATURE";"0,5";"KG";"2,99";"5,98";"0";"0";"0";"2,89";"8017596135766";"HRANA"
"FRI-FRI 4x55g.";"910126601";"NO BRAND";"0,22";"KG";"2,49";"11,32";"0";"0";"0";"2,39";"3858881320833";"HRANA"
"GAVUNIÆ 400g";"910161901";"NO BRAND";"0,4";"KG";"2,99";"7,48";"0";"0";"0";"2,99";"3859893776250";"HRANA"
"GAZ.PIÆE LIMUN.TRAVA/LIMETA 500ml";"910207001";"NO BRAND";"0,5";"LT";"0,65";"1,3";"0";"0";"0";"0,65";"3858893551010";"PIÆE"
"GAZ.PIÆE LIMUNADA LIMENKA 330ml";"910057302";"BLUES";"0,33";"LT";"0,65";"1,97";"0";"0";"0";"0,55";"8017596067227";"PIÆE"
"GAZ.PIÆE LIMUNADA LIMENKA 330ml";"910057302";"BLUES";"0,33";"LT";"0,65";"1,97";"0";"0";"0";"0,55";"8017596067197";"PIÆE"
"GAZ.PIÆE VIRGIN MOJITO 0.33L";"900589301";"NO BRAND";"0,33";"LT";"1,19";"3,61";"0";"0";"0";"1,19";"3830078500723";"PIÆE"
"GAZ.VODA LIM.TRAVA/LIMETA 1500ml";"910126201";"NO BRAND";"1,5";"LT";"0,99";"0,66";"0";"0";"0";"0,99";"3858893550754";"PIÆE"
"GAZIRANO PIÆE ARANCIATA ZERO 1,5l";"014382201";"BLUES";"1,5";"LT";"0,89";"0,59";"0";"0";"0";"0,79";"8017596101532";"PIÆE"
"GAZIRANO PIÆE BITTER LEMON 1,5l";"910011901";"NO BRAND";"1,5";"LT";"1,19";"0,79";"0";"0";"0";"1,19";"3858893550075";"PIÆE"
"GAZIRANO PIÆE BITTER LEMON 1,5l";"910011901";"NO BRAND";"1,5";"LT";"1,19";"0,79";"0";"0";"0";"1,19";"3859892735388";"PIÆE"
"GAZIRANO PIÆE GREJP BLUES 1,5l";"008442701";"BLUES";"1,5";"LT";"1,19";"0,79";"0";"0";"0";"1,19";"8017596007056";"PIÆE"
"GAZIRANO PIÆE GREJP BLUES 1,5l";"008442701";"BLUES";"1,5";"LT";"1,19";"0,79";"0";"0";"0";"1,19";"8017596106698";"PIÆE"
"GAZIRANO PIÆE NARANÈA BLUES 1,5l";"008514601";"BLUES";"1,5";"LT";"1,19";"0,79";"0";"0";"0";"1,19";"8017596007001";"PIÆE"
"GAZIRANO PIÆE NARANÈA BLUES 500ml";"008165901";"BLUES";"0,5";"LT";"0,69";"1,38";"0";"0";"0";"0,59";"8017596008312";"PIÆE"
"GAZIRANO PIÆE NARANÈA BLUES 500ml";"008165901";"BLUES";"0,5";"LT";"0,69";"1,38";"0";"0";"0";"0,59";"8017596068392";"PIÆE"
"GAZIRANO PIÆE TANGERINE 1,5l";"910109101";"NO BRAND";"1,5";"LT";"1,19";"0,79";"0";"0";"0";"1,09";"3858893550341";"PIÆE"
"GAZIRANO PIÆE TANGERINE 500ml";"910207101";"NO BRAND";"0,5";"LT";"0,65";"1,3";"0";"0";"0";"0,65";"3858893551003";"PIÆE"
"GAZIRANO PIÆE TONIC LIMUN BLUES 1l";"014058601";"BLUES";"1";"LT";"0,99";"0,99";"0";"0";"0";"0,99";"8017596071323";"PIÆE"
"GAZIRANO PIÆE TONIK BLUES 1l";"014473401";"BLUES";"1";"LT";"0,99";"0,99";"0";"0";"0";"0,99";"8017596067869";"PIÆE"
"GAZIRANO PIÆE TONIK BLUES 500ml";"008166101";"BLUES";"0,5";"LT";"0,69";"1,38";"0";"0";"0";"0,59";"8017596008329";"PIÆE"
"GAZIRANO PIÈE ARANCIATA 4x330ml";"910213001";"BLUES";"0,33";"LT";"0,65";"1,97";"0";"0";"0";"0,65";"8017596067210";"PIÆE"
"GAÆICE ZA UMJER. INK. L 10kom";"018470601";"LA NUOVA PHARMACIA";"1";"PZ";"6,89";"6,89";"0";"0";"0";"6,89";"8017596135261";"KOZMETIKA"
"GAÆICE ZA UMJER. INK. M 10kom";"018470901";"LA NUOVA PHARMACIA";"1";"PZ";"6,49";"6,49";"0";"0";"0";"6,49";"8017596135254";"KOZMETIKA"
"GAÆICE ZA UMJER. INK.DISKRE.L 10kom";"017213601";"LA NUOVA PHARMACIA";"1";"PZ";"5,99";"5,99";"0";"0";"0";"5,99";"8017596121561";"KOZMETIKA"
"GAÆICE ZA UMJER.INK. DISKRE.M 11kom";"017182801";"LA NUOVA PHARMACIA";"1";"PZ";"4,99";"4,99";"0";"0";"0";"4,91";"8017596121554";"KOZMETIKA"
"GEL KAPS.RUBLJE 3U1 BIJELO 22kom";"017954101";"DEXAL";"1";"PZ";"4,99";"4,99";"0";"0";"0";"4,99";"8017596132192";"SREDSTVA ZA ÈIŠÆENJE"
"GEL KAPS.RUBLJE 5U1 OMEKŠIVA? 20kom";"017954401";"DEXAL";"1";"PZ";"4,99";"4,99";"0";"0";"0";"4,99";"8017596132208";"SREDSTVA ZA ÈIŠÆENJE"
"GEL KAPS.RUBLJE 5U1 ŠARENO R.20kom";"017954201";"DEXAL";"1";"PZ";"4,99";"4,99";"0";"0";"0";"4,99";"8017596132215";"SREDSTVA ZA ÈIŠÆENJE"
"GEL NAKON UBODA INSEKATA 50ml";"910112501";"NO BRAND";"0,05";"LT";"3,99";"79,8";"0";"0";"0";"3,99";"5904517344662";"PROIZVODI ZA KUÆANSTVO"
"GEL PERIL. POSUÐA VIŠENAM. 1l 40P";"012946701";"DEXAL";"1";"LT";"4,29";"4,29";"0";"0";"0";"4,29";"8017596068736";"SREDSTVA ZA ÈIŠÆENJE"
"GEL ZA BRIJANJE SENS/FRESH 200ml";"016156501";"NISSHE";"0,2";"LT";"2,09";"10,45";"0";"0";"0";"2,09";"8017596058966";"KOZMETIKA"
"GEL ZA BRIJANJE SENS/FRESH 200ml";"016156501";"NISSHE";"0,2";"LT";"2,09";"10,45";"0";"0";"0";"2,09";"8017596058959";"KOZMETIKA"
"GEL ZA IZBJELJIVANJE 1,5l";"009541101";"DEXAL";"1,5";"LT";"1,39";"0,93";"0";"0";"0";"1,39";"8017596019783";"SREDSTVA ZA ÈIŠÆENJE"
"GEL ZA KAMENAC PERILICA RUBLJA 1,5l";"010930301";"DEXAL";"1,5";"LT";"2,19";"1,46";"0";"0";"0";"2,19";"8017596059215";"SREDSTVA ZA ÈIŠÆENJE"
"GEL ZA KOSU BAMBUS/KAKTUS 200ml";"012870401";"NEAR YOUR XXX";"0,2";"LT";"1,79";"8,95";"0";"0";"0";"1,79";"8017596068699";"KOZMETIKA"
"GEL ZA KOSU BAMBUS/KAKTUS 200ml";"012870401";"NEAR YOUR XXX";"0,2";"LT";"1,79";"8,95";"0";"0";"0";"1,79";"8017596068705";"KOZMETIKA"
"GEL ZA KOSU FORTE 250ml";"017803501";"NEAR YOUR XXX";"0,25";"LT";"1,19";"4,76";"0";"0";"0";"1,19";"8017596131577";"KOZMETIKA"
"GEL ZA ODMAŠÆIVANJE KONCENTRAT 1,5l";"010225901";"DEXAL";"1,5";"LT";"2,09";"1,39";"0";"0";"0";"2,09";"8017596052483";"SREDSTVA ZA ÈIŠÆENJE"
"GEL ZA ODSTRANJIVANJE MRLJA 1l";"015294901";"DEXAL";"1";"LT";"2,59";"2,59";"0";"0";"0";"2,59";"8017596062567";"SREDSTVA ZA ÈIŠÆENJE"
"GEL ZA ODSTRANJIVANJE MRLJA 1l";"015294901";"DEXAL";"1";"LT";"2,59";"2,59";"0";"0";"0";"2,59";"8017948021297";"SREDSTVA ZA ÈIŠÆENJE"
"GEL ZA PERIL. POSUÐA ECO 750ml";"017551801";"AMO ESSERE ECO";"0,75";"LT";"3,99";"5,32";"0";"0";"0";"3,99";"8017596129130";"SREDSTVA ZA ÈIŠÆENJE"
"GEL ZA PERIL. TUTTO IN 1 750ml 37P";"012997101";"DEXAL";"0,75";"LT";"4,69";"6,25";"0";"0";"0";"4,69";"8017596068743";"SREDSTVA ZA ÈIŠÆENJE"
"GEL ZA POSLIJE SUNÈANJA 200ml";"018435301";"NEAR YOUR XXX";"0,2";"LT";"2,49";"12,45";"0";"0";"0";"2,49";"8017596135940";"KOZMETIKA"
"GEL ZA PRANJE KUPAONICE 1l";"017574501";"DEXAL";"1";"LT";"1,49";"1,49";"0";"0";"0";"1,49";"8017596126412";"SREDSTVA ZA ÈIŠÆENJE"
"GEL ZA TUŠ. BAM.ALOE/ZOB VAN. 500ml";"017936201";"NEAR YOUR XXX";"0,5";"LT";"1,49";"2,98";"0";"0";"0";"1,79";"8017596132338";"KOZMETIKA"
"GEL ZA TUŠ. BAM.ALOE/ZOB VAN. 500ml";"017936201";"NEAR YOUR XXX";"0,5";"LT";"1,49";"2,98";"0";"0";"0";"1,79";"8017596132345";"KOZMETIKA"
"GEL ZA TUŠ.ARG./TALK 500ml";"017936101";"NEAR YOUR XXX";"0,5";"LT";"1,49";"2,98";"0";"0";"0";"1,79";"8017596132307";"KOZMETIKA"
"GEL ZA TUŠ.ARG./TALK 500ml";"017936101";"NEAR YOUR XXX";"0,5";"LT";"1,49";"2,98";"0";"0";"0";"1,79";"8017596132291";"KOZMETIKA"
"GEL ZA TUŠ.BAD.SHEA/CITRU.MED 300ml";"017883001";"FIOR DI MAGNOLIA";"0,3";"LT";"1,29";"4,3";"0";"0";"0";"1,49";"8017596132369";"KOZMETIKA"
"GEL ZA TUŠ.BAD.SHEA/CITRU.MED 300ml";"017883001";"FIOR DI MAGNOLIA";"0,3";"LT";"1,29";"4,3";"0";"0";"0";"1,49";"8017596132352";"KOZMETIKA"
"GEL ZA TUŠ.CED.BER./ARG.PAÈ.750ml";"017927001";"NEAR YOUR XXX";"0,75";"LT";"1,79";"2,39";"0";"0";"0";"1,49";"8017596132284";"KOZMETIKA"
"GEL ZA TUŠ.CED.BER./ARG.PAÈ.750ml";"017927001";"NEAR YOUR XXX";"0,75";"LT";"1,79";"2,39";"0";"0";"0";"1,49";"8017596132277";"KOZMETIKA"
"GEL ZA TUŠ.HIB.FEL./C.DUD MOŠ.750ml";"017926901";"NEAR YOUR XXX";"0,75";"LT";"1,79";"2,39";"0";"0";"0";"1,49";"8017596019684";"KOZMETIKA"
"GEL ZA TUŠ.HIB.FEL./C.DUD MOŠ.750ml";"017926901";"NEAR YOUR XXX";"0,75";"LT";"1,79";"2,39";"0";"0";"0";"1,49";"8017596132253";"KOZMETIKA"
"GEL ZA TUŠ.MUŠKI MEN/GING 300ml";"013767701";"NISSHE";"0,3";"LT";"0,99";"3,3";"0";"0";"0";"0,99";"8017596074058";"KOZMETIKA"
"GEL ZA TUŠ.MUŠKI MEN/GING 300ml";"013767701";"NISSHE";"0,3";"LT";"0,99";"3,3";"0";"0";"0";"0,99";"8017596074065";"KOZMETIKA"
"GEL ZA TUŠIRANJE HRANJ./OPUŠT.500ml";"017876201";"NEAR YOUR XXX";"0,5";"LT";"1,49";"2,98";"0";"0";"0";"1,79";"8017596132314";"KOZMETIKA"
"GEL ZA TUŠIRANJE HRANJ./OPUŠT.500ml";"017876201";"NEAR YOUR XXX";"0,5";"LT";"1,49";"2,98";"0";"0";"0";"1,79";"8017596132321";"KOZMETIKA"
"GEL ZA UÈVRŠÆIVANJE KOŽE 200ml";"010947501";"FIOR DI MAGNOLIA";"0,2";"LT";"3,69";"18,45";"0";"0";"0";"3,39";"8017596017765";"KOZMETIKA"
"GEL ZA ÈIŠÈENJE/PILING LICA 150ml";"013050201";"FIOR DI MAGNOLIA";"0,15";"LT";"1,85";"12,33";"0";"0";"0";"1,85";"8017596069238";"KOZMETIKA"
"GEL ZA ÈIŠÈENJE/PILING LICA 150ml";"013050201";"FIOR DI MAGNOLIA";"0,15";"LT";"1,85";"12,33";"0";"0";"0";"1,85";"8017596069221";"KOZMETIKA"
"GHIRIGO KOLAÈ SA KAKAOM 10 kom 330g";"015552101";"DOLCIANDO";"0,33";"KG";"1,99";"6,03";"0";"0";"0";"1,99";"8017596063472";"HRANA"
"GHIRIGO KOLAÈ SA KAKAOM 10 kom 330g";"012810801";"DOLCIANDO";"0,33";"KG";"1,99";"6,03";"0";"0";"0";"1,99";"8017596063472";"HRANA"
"GIN LONDON DRY 37,5% 700ml";"012140401";"NO BRAND";"0,7";"LT";"5,69";"8,13";"0";"0";"0";"5,72";"8009710091201";"PIÆE"
"GIN PINK 37,5% 700ml";"900543401";"NO BRAND";"0,7";"LT";"8,99";"12,84";"0";"0";"0";"8,99";"3830006253004";"PIÆE"
"GIN TONIC 4,5% VOL 0,33L";"900589001";"NO BRAND";"0,33";"LT";"1,15";"3,48";"0";"0";"0";"1,15";"3830078500761";"PIÆE"
"GLJIVE MIJEŠANE 450g";"009028301";"DELIZIE DAL SOLE";"0,45";"KG";"2,29";"5,09";"1,69";"3,76";"2,29";"2,29";"8017596001580";"HRANA"
"GLJIVE REZANE U ULJU.ÈEŠ.PERŠ. 180g";"008830001";"DELIZIE DAL SOLE";"0,18";"KG";"1,29";"7,17";"0";"0";"0";"1,29";"8017596111760";"HRANA"
"GLJIVE REZANE U ULJU.ÈEŠ.PERŠ. 180g";"008830001";"DELIZIE DAL SOLE";"0,18";"KG";"1,29";"7,17";"0";"0";"0";"1,29";"8017596005427";"HRANA"
"GLJIVE U SUNC.ULJU 285g";"002388701";"DELIZIE DAL SOLE";"0,285";"KG";"2,19";"7,68";"0";"0";"0";"2,19";"8017596000262";"HRANA"
"GLJIVE U ULJU 285g";"010961801";"DELIZIE DAL SOLE";"0,285";"KG";"2,19";"7,68";"0";"0";"0";"2,19";"8017596007070";"HRANA"
"GLJIVE VRGANJI CIJELI 300g";"011092801";"NO BRAND";"0,3";"KG";"3,99";"13,3";"0";"0";"0";"3,99";"8013839102816";"HRANA"
"GLJIVE VRGANJI CIJELI 300g";"011092801";"NO BRAND";"0,3";"KG";"3,99";"13,3";"0";"0";"0";"3,99";"8013839304555";"HRANA"
"GLJIVE VRGANJI CIJELI 300g";"011092801";"NO BRAND";"0,3";"KG";"3,99";"13,3";"0";"0";"0";"3,99";"8006740900794";"HRANA"
"GLJIVE VRGANJI CIJELI 300g";"011092801";"NO BRAND";"0,3";"KG";"3,99";"13,3";"0";"0";"0";"3,99";"8020323100067";"HRANA"
"GOVEDINA USOLJENA 340g";"018257601";"NO BRAND";"0,34";"KG";"3,39";"9,97";"2,79";"8,21";"3,39";"3,39";"3379670024072";"HRANA"
"GOVEDINA USOLJENA LIGHT 340g";"018257801";"NO BRAND";"0,34";"KG";"4,29";"12,62";"0";"0";"0";"3,99";"3379670024324";"HRANA"
"GOVEÐA KOBASICA 600g";"900290301";"MEAT APPETIT";"0,6";"KG";"5,49";"9,15";"0";"0";"0";"5,49";"3832502192009";"HRANA"
"GOVEÐA KOBASICA 600g";"900290301";"MEAT APPETIT";"0,6";"KG";"5,49";"9,15";"0";"0";"0";"5,49";"8017596130112";"HRANA"
"GOVEÐA SALAMA 500g";"900403601";"MEAT APPETIT";"0,5";"KG";"6,99";"13,98";"0";"0";"0";"6,99";"3830042431923";"HRANA"
"GOVEÐA SALAMA 500g";"900403601";"MEAT APPETIT";"0,5";"KG";"6,99";"13,98";"0";"0";"0";"6,99";"3830041600467";"HRANA"
"GOVEÐA SALAMA 500g";"900403601";"MEAT APPETIT";"0,5";"KG";"6,99";"13,98";"0";"0";"0";"6,99";"8017596130112";"HRANA"
"GOVEÐA SALAMA 500g";"900403601";"MEAT APPETIT";"0,5";"KG";"6,99";"13,98";"0";"0";"0";"6,99";"8017596130167";"HRANA"
"GOVEÐE KOBASICE";"900618801";"NO BRAND";"1";"KG";"7,49";"7,49";"0";"0";"0";"7,49";"";"HRANA"
"GOVEÐI BURGER HACHE WAYU 250g";"910216401";"NO BRAND";"0,25";"KG";"6,29";"25,16";"0";"0";"0";"6,29";"3800173302720";"HRANA"
"GOVEÐI BURGER S CHEDDAR SIROM 250g";"910218301";"NO BRAND";"0,25";"KG";"4,49";"17,96";"0";"0";"0";"4,49";"3800173301860";"HRANA"
"GOVEÐI BURGER WAGYU 250g";"910218401";"NO BRAND";"0,25";"KG";"6,29";"25,16";"0";"0";"0";"6,29";"3800173301877";"HRANA"
"GRAH BIJELI";"080558701";"NO BRAND";"1";"KG";"1,99";"1,99";"0";"0";"0";"2,49";"";"HRANA"
"GRAH BIJELI 400g/240g";"010429601";"DELIZIE DAL SOLE";"0,24";"KG";"0,59";"2,46";"0";"0";"0";"0,59";"8017596014801";"HRANA"
"GRAH BIJELI CANNELLINI 400g/240g";"010429801";"DELIZIE DAL SOLE";"0,24";"KG";"0,59";"2,46";"0";"0";"0";"0,59";"8017596014795";"HRANA"
"GRAH BORLOTTI ŠARENI 1kg";"910178401";"DELIZIE DAL SOLE";"1";"KG";"2,99";"2,99";"0";"0";"0";"2,99";"8017596108227";"HRANA"
"GRAH BORLOTTI ŠARENI 500g";"013796901";"DELIZIE DAL SOLE";"0,5";"KG";"1,59";"3,18";"0";"0";"0";"1,59";"8017596000620";"HRANA"
"GRAH CRVENI 410g/242g";"900154801";"DELIZIE DAL SOLE";"0,41";"KG";"0,59";"1,44";"0";"0";"0";"0,59";"8002920780163";"HRANA"
"GRAH CRVENI 410g/242g";"900154801";"DELIZIE DAL SOLE";"0,41";"KG";"0,59";"1,44";"0";"0";"0";"0,59";"8017596075284";"HRANA"
"GRAH S KOBASICOM 415g";"900431701";"NO BRAND";"0,415";"KG";"1,89";"4,55";"1,32";"3,18";"1,89";"1,89";"3831029516664";"HRANA"
"GRAH TETOVAC BIJELI 1kg";"910178301";"DELIZIE DAL SOLE";"1";"KG";"2,99";"2,99";"0";"0";"0";"2,99";"8017596108234";"HRANA"
"GRAH TREŠNJEVAC";"080058101";"NO BRAND";"1";"KG";"2,59";"2,59";"0";"0";"0";"2,49";"";"HRANA"
"GRAH ŠARENI";"080271101";"NO BRAND";"1";"KG";"1,99";"1,99";"0";"0";"0";"1,99";"";"HRANA"
"GRAH ŠARENI 400g/240g";"010429701";"DELIZIE DAL SOLE";"0,24";"KG";"0,59";"2,46";"0";"0";"0";"0,59";"8017596014818";"HRANA"
"GRAHAM PECIVO 75g";"910174601";"NO BRAND";"0,075";"KG";"0,22";"2,93";"0";"0";"0";"0,23";"";"HRANA"
"GRANOLA CRVENO VOÆE 375g";"017554201";"TRE MULINI";"0,375";"KG";"2,59";"6,91";"0";"0";"0";"2,59";"8017596129741";"HRANA"
"GRANOLA SUHO VOÆE 375g";"017554101";"TRE MULINI";"0,375";"KG";"2,59";"6,91";"0";"0";"0";"2,59";"8017596129734";"HRANA"
"GRANULE ZA ŠUMEÆI NAPITAK 250g";"014246001";"BLUES";"0,25";"KG";"1,99";"7,96";"0";"0";"0";"1,99";"8017596008985";"HRANA"
"GRAŠAK 3X150g";"012310101";"DELIZIE DAL SOLE";"0,42";"KG";"2,29";"5,45";"0";"0";"0";"2,29";"8017596057617";"HRANA"
"GRAŠAK 3X150g";"012310101";"DELIZIE DAL SOLE";"0,42";"KG";"2,29";"5,45";"0";"0";"0";"2,29";"8017596131218";"HRANA"
"GRAŠAK 400g/270g";"007675201";"DELIZIE DAL SOLE";"0,27";"KG";"0,99";"3,67";"0";"0";"0";"0,99";"3017800127964";"HRANA"
"GRAŠAK 400g/270g";"007675201";"DELIZIE DAL SOLE";"0,27";"KG";"0,99";"3,67";"0";"0";"0";"0,99";"3017800132821";"HRANA"
"GRAŠAK 400g/270g";"007675201";"DELIZIE DAL SOLE";"0,27";"KG";"0,99";"3,67";"0";"0";"0";"0,99";"8017596013996";"HRANA"
"GRAŠAK FINI 1kg";"011681801";"DELIZIE DAL SOLE";"1";"KG";"2,19";"2,19";"0";"0";"0";"1,99";"8017596001511";"HRANA"
"GRAŠAK I MRKVA 3X450g/390g";"014165001";"DELIZIE DAL SOLE";"0,39";"KG";"2,29";"5,87";"0";"0";"0";"2,29";"8017596076519";"HRANA"
"GRAŠAK NAJFINIJI 600g";"008879401";"DELIZIE DAL SOLE";"0,6";"KG";"1,49";"2,48";"0";"0";"0";"1,49";"8017596042057";"HRANA"
"GREJP CRVENI rfz";"080028802";"NO BRAND";"1";"KG";"1,79";"1,79";"0";"0";"0";"1,69";"";"HRANA"
"GRICKALICA ZA NOKTE VELIKA";"016196701";"LA NUOVA PHARMACIA";"1";"PZ";"1,19";"1,19";"0";"0";"0";"0,99";"8017596056795";"KOZMETIKA"
"GRICKALICE SA OKUSOM SLANINE 210g";"016037801";"TRE MULINI";"0,21";"KG";"1,29";"6,14";"0";"0";"0";"1,29";"8017596106193";"HRANA"
"GRILL MIX OBITELJSKO PAKIRANJE";"070200901";"NO BRAND";"1";"KG";"6,29";"6,29";"0";"0";"0";"5,99";"";"HRANA"
"GRILL PILE ZAÈINJ.NA PODLOŠKU";"070062901";"NO BRAND";"1";"KG";"3,99";"3,99";"0";"0";"0";"3,99";"";"HRANA"
"GRILL SVINJSKA KOLJENICA SK";"070209501";"NO BRAND";"1";"KG";"3,59";"3,59";"0";"0";"0";"3,59";"";"HRANA"
"GRILL SVINJSKA KOLJENICA VP";"910140501";"NO BRAND";"1";"KG";"3,12";"3,12";"0";"0";"0";"3,12";"";"HRANA"
"GRISINI TWIST SLANI 125g";"008377301";"NO BRAND";"0,125";"KG";"1,99";"15,92";"0";"0";"0";"1,89";"4001518004685";"HRANA"
"GRISINI TWIST SLANI 125g";"008377301";"NO BRAND";"0,125";"KG";"1,99";"15,92";"0";"0";"0";"1,89";"4001518004692";"HRANA"
"GRISSINI 200g";"016896701";"TRE MULINI";"0,2";"KG";"1,19";"5,95";"0";"0";"0";"1,19";"8017596120427";"HRANA"
"GRISSINI HRSKAVI OD ŽITARICA 200g";"017319601";"TRE MULINI";"0,2";"KG";"1,39";"6,95";"0";"0";"0";"1,39";"8017596123947";"HRANA"
"GRISSINI HRSKAVI SA SEZAMOM 200g";"008495701";"TRE MULINI";"0,2";"KG";"1,69";"8,45";"0";"0";"0";"1,49";"8017596010506";"HRANA"
"GRISSINI INTEGRALNI 200g";"910185001";"NO BRAND";"0,2";"KG";"3,49";"17,45";"0";"0";"0";"3,49";"8032610380137";"HRANA"
"GRISSINI S MASLINAMA 200g";"910184901";"NO BRAND";"0,2";"KG";"3,49";"17,45";"0";"0";"0";"3,49";"8032610380038";"HRANA"
"GRISSINI TORINESI 300g";"011741901";"TRE MULINI";"0,3";"KG";"1,39";"4,63";"0";"0";"0";"1,39";"8017596018212";"HRANA"
"GROFOVSKA SALAMA 100g";"910082801";"PUTOVANJE KROZ OKUSE";"0,1";"KG";"1,89";"18,9";"0";"0";"0";"1,99";"3850133812875";"HRANA"
"GROFOVSKA SALAMA 100g";"910082801";"PUTOVANJE KROZ OKUSE";"0,1";"KG";"1,89";"18,9";"0";"0";"0";"1,99";"8017596138064";"HRANA"
"GROŽÐE BIJELO rfz";"080030501";"NO BRAND";"1";"KG";"2,49";"2,49";"0";"0";"0";"3,89";"";"HRANA"
"GROŽÐE CRNO rfz";"080249401";"NO BRAND";"1";"KG";"2,49";"2,49";"0";"0";"0";"3,99";"";"HRANA"
"GROŽÐE MIX 500g";"080604801";"NO BRAND";"0,5";"KG";"2,22";"4,44";"0";"0";"0";"2,99";"8058056199706";"HRANA"
"GROŽÐE ROSE rfz";"080463601";"NO BRAND";"1";"KG";"2,49";"2,49";"0";"0";"0";"3,99";"";"HRANA"
"GROŽÐICE 100g";"080350201";"NO BRAND";"0,1";"KG";"0,99";"9,9";"0";"0";"0";"0,99";"8005912014703";"HRANA"
"GROŽÐICE 250g";"010769701";"MISTER SIBAMBA";"0,25";"KG";"1,39";"5,56";"0";"0";"0";"1,39";"8017596014429";"HRANA"
"GROŽÐICE 250g";"010769701";"MISTER SIBAMBA";"0,25";"KG";"1,39";"5,56";"0";"0";"0";"1,39";"8033247639636";"HRANA"
"GROŽÐICE 250g";"010769701";"MISTER SIBAMBA";"0,25";"KG";"1,39";"5,56";"0";"0";"0";"1,39";"8005912002458";"HRANA"
"GROŽÐICE SUHE VELIKE 250g";"009834601";"MISTER SIBAMBA";"0,25";"KG";"1,89";"7,56";"0";"0";"0";"1,89";"8017596010094";"HRANA"
"GULAŠ GOVEÐI 400g";"900409901";"NO BRAND";"0,4";"KG";"3,59";"8,98";"0";"0";"0";"3,39";"3856020218348";"HRANA"
"GUMENI BOMBON EUKALIPTUS 150G";"900590401";"NO BRAND";"0,15";"KG";"1,19";"7,93";"0";"0";"0";"1,19";"3838700389531";"HRANA"
"GUMENI BOMBONI CRVI 300g";"910215801";"DOLCIANDO";"0,3";"KG";"1,69";"5,63";"0";"0";"0";"1,69";"8017596135537";"HRANA"
"GUMENI BOMBONI MINI JABUKE 300g";"910216001";"DOLCIANDO";"0,3";"KG";"1,69";"5,63";"0";"0";"0";"1,69";"8017596135544";"HRANA"
"GUMENI BOMBONI MIX 500g";"910219101";"DOLCIANDO";"0,5";"KG";"2,99";"5,98";"0";"0";"0";"2,99";"8017596135568";"HRANA"
"GUMENI BOMBONI MORSKI PSI 300g";"910215901";"DOLCIANDO";"0,3";"KG";"1,69";"5,63";"0";"0";"0";"1,69";"8017596135551";"HRANA"
"GUMENI BOMBONI TROPICAL 300g";"910215601";"DOLCIANDO";"0,3";"KG";"1,69";"5,63";"0";"0";"0";"1,69";"8017596135520";"HRANA"
"GURMANSKA KOBASICA 600g";"910138401";"NO BRAND";"0,6";"KG";"5,39";"8,98";"0";"0";"0";"5,39";"3850139522907";"HRANA"
"GUSTI IZBJELJIVAÈ ZA DUB. ÈIŠÆ. 3l";"014891201";"DEXAL";"3";"LT";"2,39";"0,8";"0";"0";"0";"2,39";"8017596100559";"SREDSTVA ZA ÈIŠÆENJE"
"HAMBI PECIVO 70g";"910105301";"NO BRAND";"0,07";"KG";"0,33";"4,71";"0";"0";"0";"0,33";"";"HRANA"
"HAMBURGER";"910024902";"NO BRAND";"1";"KG";"6,99";"6,99";"0";"0";"0";"6,99";"";"HRANA"
"HAMBURGER GOVEÐI 10KOM 750g";"010460601";"NO BRAND";"0,75";"KG";"5,99";"7,99";"4,99";"6,65";"5,99";"5,31";"8008203802010";"HRANA"
"HAMBURGER GOVEÐI 10KOM 750g";"010460601";"NO BRAND";"0,75";"KG";"5,99";"7,99";"4,99";"6,65";"5,99";"5,31";"8017596041029";"HRANA"
"HELJDA 400G";"080322001";"NO BRAND";"0,4";"KG";"1,59";"3,98";"0";"0";"0";"2,29";"8020204327361";"HRANA"
"HELJDIN KRUH REZANI PAKIRANI 450g";"910205901";"NO BRAND";"0,45";"KG";"1,49";"3,31";"0";"0";"0";"1,89";"3856028410768";"HRANA"
"HELJDIN MIJEŠ.KRUH S ORASIMA 400g";"910030501";"NO BRAND";"0,4";"KG";"2,59";"6,48";"0";"0";"0";"1,99";"";"HRANA"
"HIG. VREÆICA ZA PSEÆI IZMET 3x20kom";"016948301";"NO BRAND";"1";"PZ";"1,19";"1,19";"0";"0";"0";"1,19";"8056684155231";"PROIZVODI ZA KUÆANSTVO"
"HIG. VREÆICA ZA PSEÆI IZMET 3x20kom";"016948301";"NO BRAND";"1";"PZ";"1,19";"1,19";"0";"0";"0";"1,19";"8017596123398";"PROIZVODI ZA KUÆANSTVO"
"HIG.ULOŠCI NOÆNI EXTRA DUGI 20kom";"015231601";"FIOR DI MAGNOLIA";"1";"PZ";"1,29";"1,29";"0";"0";"0";"1,29";"8017596075482";"KOZMETIKA"
"HIG.ULOŠCI NOÆNI S KRIL. ECO 10kom";"017284801";"AMO ESSERE ECO";"1";"PZ";"1,79";"1,79";"0";"0";"0";"1,79";"8017596120915";"KOZMETIKA"
"HIG.ULOŠCI NOÆNI S KRILCIMA 20kom";"017762701";"FIOR DI MAGNOLIA";"1";"PZ";"1,35";"1,35";"0";"0";"0";"1,35";"8017596067425";"KOZMETIKA"
"HIG.ULOŠCI ULTRA  S KRILCIMA 24kom";"017737001";"FIOR DI MAGNOLIA";"1";"PZ";"1,99";"1,99";"0";"0";"0";"1,99";"8017596066114";"KOZMETIKA"
"HIG.ULOŠCI ULTRA BEZ KRILCA 32kom";"017762601";"FIOR DI MAGNOLIA";"1";"PZ";"1,99";"1,99";"0";"0";"0";"1,99";"8017596102003";"KOZMETIKA"
"HIG.ULOŠCI ULTRA S KRIL. ECO 12kom";"017284701";"AMO ESSERE ECO";"1";"PZ";"1,79";"1,79";"0";"0";"0";"1,79";"8017596120908";"KOZMETIKA"
"HIGH PROT. BAR OKUS COOKIE CRE 50g";"016970801";"NO BRAND";"0,05";"KG";"0,99";"19,8";"0";"0";"0";"0,99";"8054377171681";"HRANA"
"HIGH PROT. BAR OKUS COOKIE CRE 50g";"016970801";"NO BRAND";"0,05";"KG";"0,99";"19,8";"0";"0";"0";"0,99";"8017596125163";"HRANA"
"HIGIJENSKA PLAHTA 80X180cm 15kom";"014860101";"LA NUOVA PHARMACIA";"1";"PZ";"5,99";"5,99";"0";"0";"0";"5,99";"8017596101976";"KOZMETIKA"
"HIGIJENSKA VATA 100g";"017708501";"LA NUOVA PHARMACIA";"0,1";"KG";"0,99";"9,9";"0";"0";"0";"0,99";"8017596120472";"KOZMETIKA"
"HIGIJENSKI ULOŠCI S KRILCIMA 28kom";"017826201";"FIOR DI MAGNOLIA";"1";"PZ";"1,99";"1,99";"0";"0";"0";"1,99";"8017596066107";"KOZMETIKA"
"HOBOTNICA OÈIŠÆENA";"910072601";"NO BRAND";"1";"KG";"15,99";"15,99";"0";"0";"0";"15,99";"";"HRANA"
"HOBOTNICA OÈIŠÆENA.";"910170001";"NO BRAND";"1";"KG";"13,99";"13,99";"0";"0";"0";"13,99";"";"HRANA"
"HR.MACKE STERILIZIRA.PREMIUM 4X100G";"017833501";"RADAMES";"0,4";"KG";"1,89";"4,73";"0";"0";"0";"1,89";"8017596128768";"PROIZVODI ZA KUÆANSTVO"
"HRANA MAÈKA KOM.MESA U UMAKU 10x85g";"017284601";"RADAMES";"0,85";"KG";"4,99";"5,87";"0";"0";"0";"4,99";"8017596122124";"PROIZVODI ZA KUÆANSTVO"
"HRANA MAÈKE GOV INT JEÈAM 1,5KG";"017886802";"RADAMES";"1,5";"KG";"3,99";"2,66";"0";"0";"0";"3,99";"8017596133007";"PROIZVODI ZA KUÆANSTVO"
"HRANA ZA MAÈKE GOVED/PILE 415g";"015326301";"RADAMES";"0,415";"KG";"0,75";"1,81";"0";"0";"0";"0,79";"8017596114396";"PROIZVODI ZA KUÆANSTVO"
"HRANA ZA MAÈKE GOVED/PILE 415g";"015326301";"RADAMES";"0,415";"KG";"0,75";"1,81";"0";"0";"0";"0,79";"8017596114389";"PROIZVODI ZA KUÆANSTVO"
"HRANA ZA MAÈKE GOVED/PILE 415g";"015326301";"RADAMES";"0,415";"KG";"0,75";"1,81";"0";"0";"0";"0,79";"8017596004420";"PROIZVODI ZA KUÆANSTVO"
"HRANA ZA MAÈKE GOVED/PILE 415g";"015326301";"RADAMES";"0,415";"KG";"0,75";"1,81";"0";"0";"0";"0,79";"8017596004413";"PROIZVODI ZA KUÆANSTVO"
"HRANA ZA MAÈKE MESO 12x100g";"016945501";"RADAMES";"1,2";"KG";"4,19";"3,49";"0";"0";"0";"4,19";"8017596108043";"PROIZVODI ZA KUÆANSTVO"
"HRANA ZA MAÈKE RIBA 12x100g";"016945601";"RADAMES";"1,2";"KG";"4,19";"3,49";"0";"0";"0";"4,19";"8017596108050";"PROIZVODI ZA KUÆANSTVO"
"HRANA ZA MAÈKE RIBA/DIVLJAÈ 415g";"015327001";"RADAMES";"0,415";"KG";"0,75";"1,81";"0";"0";"0";"0,79";"8017596114402";"PROIZVODI ZA KUÆANSTVO"
"HRANA ZA MAÈKE RIBA/DIVLJAÈ 415g";"015327001";"RADAMES";"0,415";"KG";"0,75";"1,81";"0";"0";"0";"0,79";"8017596114419";"PROIZVODI ZA KUÆANSTVO"
"HRANA ZA MAÈKE RIBA/DIVLJAÈ 415g";"015327001";"RADAMES";"0,415";"KG";"0,75";"1,81";"0";"0";"0";"0,79";"8017596015211";"PROIZVODI ZA KUÆANSTVO"
"HRANA ZA MAÈKE RIBA/DIVLJAÈ 415g";"015327001";"RADAMES";"0,415";"KG";"0,75";"1,81";"0";"0";"0";"0,79";"8017596004406";"PROIZVODI ZA KUÆANSTVO"
"HRANA ZA MAÈKE VIŠE OKUSA 12x100g";"016160401";"RADAMES";"1,2";"KG";"4,19";"3,49";"0";"0";"0";"4,19";"8017596108067";"PROIZVODI ZA KUÆANSTVO"
"HRANA ZA PSE GOV/PILE I PUR 1,25kg";"015326701";"RADAMES";"1,25";"KG";"1,59";"1,27";"0";"0";"0";"1,59";"8017596114457";"PROIZVODI ZA KUÆANSTVO"
"HRANA ZA PSE GOV/PILE I PUR 1,25kg";"015326701";"RADAMES";"1,25";"KG";"1,59";"1,27";"0";"0";"0";"1,59";"8017596114440";"PROIZVODI ZA KUÆANSTVO"
"HRANA ZA PSE GOV/PILE I PUR 1,25kg";"015326701";"RADAMES";"1,25";"KG";"1,59";"1,27";"0";"0";"0";"1,59";"8017596004369";"PROIZVODI ZA KUÆANSTVO"
"HRANA ZA PSE GOV/PILE I PUR 1,25kg";"015326701";"RADAMES";"1,25";"KG";"1,59";"1,27";"0";"0";"0";"1,59";"8017596015235";"PROIZVODI ZA KUÆANSTVO"
"HRANA ZA PSE GOV/PILE I PUR 415g";"015326901";"RADAMES";"0,415";"KG";"0,79";"1,9";"0";"0";"0";"0,79";"8017596114433";"PROIZVODI ZA KUÆANSTVO"
"HRANA ZA PSE GOV/PILE I PUR 415g";"015326901";"RADAMES";"0,415";"KG";"0,79";"1,9";"0";"0";"0";"0,79";"8017596114426";"PROIZVODI ZA KUÆANSTVO"
"HRANA ZA PSE GOV/PILE I PUR 415g";"015326901";"RADAMES";"0,415";"KG";"0,79";"1,9";"0";"0";"0";"0,79";"8017596015228";"PROIZVODI ZA KUÆANSTVO"
"HRANA ZA PSE GOV/PILE I PUR 415g";"015326901";"RADAMES";"0,415";"KG";"0,79";"1,9";"0";"0";"0";"0,79";"8017596004376";"PROIZVODI ZA KUÆANSTVO"
"HRANA ZA PSE KOM.MESA UMAK 4X100G";"017844801";"RADAMES";"0,4";"KG";"1,59";"3,98";"0";"0";"0";"1,69";"8017596128775";"PROIZVODI ZA KUÆANSTVO"
"HRANA ZA PSE KOM.MESA UMAK 4X100G";"017844801";"RADAMES";"0,4";"KG";"1,59";"3,98";"0";"0";"0";"1,69";"8011789610085";"PROIZVODI ZA KUÆANSTVO"
"HREN UMAK 260g";"910150001";"SUNNY NATURE";"0,26";"KG";"1,59";"6,12";"0";"0";"0";"1,59";"8017596130983";"HRANA"
"HRENOVKA U LISNATOM SA SENFOM 85g";"910003401";"NO BRAND";"0,085";"KG";"0,69";"8,12";"0";"0";"0";"0,59";"";"HRANA"
"HRENOVKE 12kom 1000g";"008063201";"TOBIAS";"1";"KG";"2,99";"2,99";"0";"0";"0";"2,99";"8000789135070";"HRANA"
"HRENOVKE 12kom 1000g";"008063201";"TOBIAS";"1";"KG";"2,99";"2,99";"0";"0";"0";"2,99";"0000039027";"HRANA"
"HRENOVKE 12kom 1000g";"008063201";"TOBIAS";"1";"KG";"2,99";"2,99";"0";"0";"0";"2,99";"8017596062789";"HRANA"
"HRENOVKE 8kom 200g";"014419601";"TOBIAS";"0,2";"KG";"0,79";"3,95";"0";"0";"0";"0,79";"8017596009029";"HRANA"
"HRENOVKE 8kom 600g";"910016501";"NO BRAND";"0,6";"KG";"4,49";"7,48";"0";"0";"0";"3,98";"3838876022973";"HRANA"
"HRENOVKE PILEÆE PUREÆE 100g";"010760101";"TOBIAS";"0,1";"KG";"0,39";"3,9";"0";"0";"0";"0,39";"8017596057600";"HRANA"
"HRENOVKE PILEÆE PUREÆE 12 kom 1000g";"011060501";"TOBIAS";"1";"KG";"2,59";"2,59";"0";"0";"0";"2,69";"8004248002200";"HRANA"
"HRENOVKE PILEÆE PUREÆE 12 kom 1000g";"011060501";"TOBIAS";"1";"KG";"2,59";"2,59";"0";"0";"0";"2,69";"8017596062765";"HRANA"
"HRENOVKE PILEÆE PUREÆE 3 kom 250g";"006115001";"TOBIAS";"0,25";"KG";"0,89";"3,56";"0";"0";"0";"0,89";"8017596004291";"HRANA"
"HRENOVKE PILEÆE PUREÆE 3 kom 250g";"006115001";"TOBIAS";"0,25";"KG";"0,89";"3,56";"0";"0";"0";"0,89";"05666632";"HRANA"
"HRENOVKE SA SIROM 3 kom 150g";"009873701";"TOBIAS";"0,15";"KG";"0,89";"5,93";"0";"0";"0";"0,89";"8017596114280";"HRANA"
"HRENOVKE SA SIROM 3 kom 150g";"009873701";"TOBIAS";"0,15";"KG";"0,89";"5,93";"0";"0";"0";"0,89";"8017596051400";"HRANA"
"HRENOVKE SVINJSKE 350g";"900490701";"NO BRAND";"0,35";"KG";"2,49";"7,11";"0";"0";"0";"2,33";"3838882000040";"HRANA"
"HRSKAVE PLOÈICE BADEM 80g";"015771801";"DOLCIANDO";"0,08";"KG";"1,19";"14,88";"0";"0";"0";"1,19";"8017596012098";"HRANA"
"HRSKAVE PLOÈICE KIKIRIKI 80g";"015772001";"DOLCIANDO";"0,08";"KG";"0,79";"9,88";"0";"0";"0";"0,79";"8017596012081";"HRANA"
"HRSKAVE PLOÈICE SEZAM 80g";"015771901";"DOLCIANDO";"0,08";"KG";"0,79";"9,88";"0";"0";"0";"0,79";"8017596012104";"HRANA"
"HRSKAVI KIKIR.S OK.LUKA I VRHN.100g";"017625101";"MISTER SIBAMBA";"0,1";"KG";"0,79";"7,9";"0";"0";"0";"0,79";"5997347540182";"HRANA"
"HRSKAVI KIKIR.S OK.LUKA I VRHN.100g";"017625101";"MISTER SIBAMBA";"0,1";"KG";"0,79";"7,9";"0";"0";"0";"0,79";"8017596134554";"HRANA"
"HRSKAVI KIKIRIKI OKUS SLANINE 100g";"015884701";"MISTER SIBAMBA";"0,1";"KG";"0,79";"7,9";"0";"0";"0";"0,79";"5997347540861";"HRANA"
"HRSKAVI KIKIRIKI OKUS SLANINE 100g";"015884701";"MISTER SIBAMBA";"0,1";"KG";"0,79";"7,9";"0";"0";"0";"0,79";"8017596134547";"HRANA"
"HRSKAVI KIKIRIKI OKUSOM ÈILIJA 100g";"015884601";"NO BRAND";"0,1";"KG";"0,79";"7,9";"0";"0";"0";"0,79";"5997347540854";"HRANA"
"HRSKAVI KIKIRIKI OKUSOM ÈILIJA 100g";"015884601";"NO BRAND";"0,1";"KG";"0,79";"7,9";"0";"0";"0";"0,79";"8017596134530";"HRANA"
"HRSKAVI KIKIRIKI S OK.WASABIJA 100g";"017625201";"MISTER SIBAMBA";"0,1";"KG";"0,79";"7,9";"0";"0";"0";"0,79";"5997347540199";"HRANA"
"HRSKAVI KIKIRIKI S OK.WASABIJA 100g";"017625201";"MISTER SIBAMBA";"0,1";"KG";"0,79";"7,9";"0";"0";"0";"0,79";"8017596134561";"HRANA"
"HUGO WHY NOT 750ml";"012675301";"NO BRAND";"0,75";"LT";"2,89";"3,85";"1,89";"2,52";"2,89";"2,89";"8003295008685";"PIÆE"
"HULAHOPKE BRAZIL 20 DEN V.1/2 CRNE";"018012101";"GLISSADE";"1";"PZ";"1,99";"1,99";"0";"0";"0";"1,99";"8017596058584";"PROIZVODI ZA KUÆANSTVO"
"HULAHOPKE BRAZIL 20 DEN V.1/2 SMEÐE";"018011801";"GLISSADE";"1";"PZ";"1,99";"1,99";"0";"0";"0";"1,99";"8017596058591";"PROIZVODI ZA KUÆANSTVO"
"HULAHOPKE BRAZIL 20 DEN V.3 CRNE";"018012201";"GLISSADE";"1";"PZ";"1,99";"1,99";"0";"0";"0";"1,99";"8017596058614";"PROIZVODI ZA KUÆANSTVO"
"HULAHOPKE BRAZIL 20 DEN V.3 SMEÐE";"018011901";"NO BRAND";"1";"PZ";"1,99";"1,99";"0";"0";"0";"1,99";"8017596058621";"PROIZVODI ZA KUÆANSTVO"
"HULAHOPKE BRAZIL 20 DEN V.4 CRNE";"018013001";"GLISSADE";"1";"PZ";"1,99";"1,99";"0";"0";"0";"1,99";"8017596058645";"PROIZVODI ZA KUÆANSTVO"
"HULAHOPKE BRAZIL 20 DEN V.4 SMEÐE";"018012001";"NO BRAND";"1";"PZ";"1,99";"1,99";"0";"0";"0";"1,99";"8017596058652";"PROIZVODI ZA KUÆANSTVO"
"HULAHOPKE DAILY 15 DEN V.1/2 CRNE";"018013501";"NO BRAND";"1";"PZ";"1,33";"1,33";"0";"0";"0";"1,33";"8017596058102";"PROIZVODI ZA KUÆANSTVO"
"HULAHOPKE DAILY 15 DEN V.1/2 DRAP";"018013201";"GLISSADE";"1";"PZ";"1,33";"1,33";"0";"0";"0";"1,33";"8017596058119";"PROIZVODI ZA KUÆANSTVO"
"HULAHOPKE DAILY 15 DEN V.3 CRNE";"018013601";"GLISSADE";"1";"PZ";"1,33";"1,33";"0";"0";"0";"1,33";"8017596058126";"PROIZVODI ZA KUÆANSTVO"
"HULAHOPKE DAILY 15 DEN V.3 DRAP";"018013301";"GLISSADE";"1";"PZ";"1,33";"1,33";"0";"0";"0";"1,33";"8017596058133";"PROIZVODI ZA KUÆANSTVO"
"HULAHOPKE DAILY 15 DEN V.4 CRNE";"018013701";"GLISSADE";"1";"PZ";"1,33";"1,33";"0";"0";"0";"1,33";"8017596058140";"PROIZVODI ZA KUÆANSTVO"
"HULAHOPKE DAILY 15 DEN V.4 DRAP";"018013401";"GLISSADE";"1";"PZ";"1,33";"1,33";"0";"0";"0";"1,33";"8017596058157";"PROIZVODI ZA KUÆANSTVO"
"HULAHOPKE DAILY 20 DEN V.1/2 CRNE";"018011101";"GLISSADE";"1";"PZ";"1,33";"1,33";"0";"0";"0";"1,33";"8017596058164";"PROIZVODI ZA KUÆANSTVO"
"HULAHOPKE DAILY 20 DEN V.1/2 SMEÐE";"018010401";"GLISSADE";"1";"PZ";"1,33";"1,33";"0";"0";"0";"1,33";"8017596058171";"PROIZVODI ZA KUÆANSTVO"
"HULAHOPKE DAILY 20 DEN V.3 CRNE";"018011401";"GLISSADE";"1";"PZ";"1,33";"1,33";"0";"0";"0";"1,33";"8017596058225";"PROIZVODI ZA KUÆANSTVO"
"HULAHOPKE DAILY 20 DEN V.3 SMEÐE";"018010501";"GLISSADE";"1";"PZ";"1,33";"1,33";"0";"0";"0";"1,33";"8017596058195";"PROIZVODI ZA KUÆANSTVO"
"HULAHOPKE DAILY 20 DEN V.3 SMEÐE";"018010501";"GLISSADE";"1";"PZ";"1,33";"1,33";"0";"0";"0";"1,33";"8017596058201";"PROIZVODI ZA KUÆANSTVO"
"HULAHOPKE DAILY 20 DEN V.4 CRNE";"018011601";"GLISSADE";"1";"PZ";"1,33";"1,33";"0";"0";"0";"1,33";"8017596058225";"PROIZVODI ZA KUÆANSTVO"
"HULAHOPKE DAILY 20 DEN V.4 SMEÐE";"018010601";"GLISSADE";"1";"PZ";"1,33";"1,33";"0";"0";"0";"1,33";"8017596058232";"PROIZVODI ZA KUÆANSTVO"
"HULAHOPKE DAILY 20 DEN XL V.5/6 CRN";"007007201";"GLISSADE";"1";"PZ";"1,33";"1,33";"0";"0";"0";"1,33";"8300122369972";"PROIZVODI ZA KUÆANSTVO"
"HULAHOPKE DAILY 20 DEN XL V.5/6 CRN";"007007201";"GLISSADE";"1";"PZ";"1,33";"1,33";"0";"0";"0";"1,33";"8017596058256";"PROIZVODI ZA KUÆANSTVO"
"HULAHOPKE DAILY 20 DEN XL V.5/6 SME";"007007301";"GLISSADE";"1";"PZ";"1,33";"1,33";"0";"0";"0";"1,33";"8300122369965";"PROIZVODI ZA KUÆANSTVO"
"HULAHOPKE DAILY 20 DEN XL V.5/6 SME";"007007301";"GLISSADE";"1";"PZ";"1,33";"1,33";"0";"0";"0";"1,33";"8017596058263";"PROIZVODI ZA KUÆANSTVO"
"HULAHOPKE DAILY 50 DEN V.1/2 CRNE";"016814401";"GLISSADE";"1";"PZ";"1,33";"1,33";"0";"0";"0";"1,33";"8017596116192";"PROIZVODI ZA KUÆANSTVO"
"HULAHOPKE DAILY 50 DEN V.3/4 CRNE";"016814501";"GLISSADE";"1";"PZ";"1,33";"1,33";"0";"0";"0";"1,33";"8017596116208";"PROIZVODI ZA KUÆANSTVO"
"HULAHOPKE DAILY 50 DEN XL CRNE";"016814601";"GLISSADE";"1";"PZ";"1,33";"1,33";"0";"0";"0";"1,33";"8017596116215";"PROIZVODI ZA KUÆANSTVO"
"HULAHOPKE LIZA 20 DEN V.1/2 CRNE 2P";"017949701";"GLISSADE";"1";"PZ";"1,46";"1,46";"0";"0";"0";"1,46";"8017596116154";"PROIZVODI ZA KUÆANSTVO"
"HULAHOPKE LIZA 20 DEN V.1/2 SMED 2P";"017956601";"GLISSADE";"1";"PZ";"1,46";"1,46";"0";"0";"0";"1,46";"8017596116178";"PROIZVODI ZA KUÆANSTVO"
"HULAHOPKE LIZA 20 DEN V.3/4 CRNE 2P";"017956501";"GLISSADE";"1";"PZ";"1,46";"1,46";"0";"0";"0";"1,46";"8017596116161";"PROIZVODI ZA KUÆANSTVO"
"HULAHOPKE LIZA 20 DEN V.3/4 SMED 2P";"017956901";"GLISSADE";"1";"PZ";"1,46";"1,46";"0";"0";"0";"1,46";"8017596116185";"PROIZVODI ZA KUÆANSTVO"
"HULAHOPKE LIZA MAXI 20 DEN V.5/6 CR";"017955701";"GLISSADE";"1";"PZ";"1,46";"1,46";"0";"0";"0";"1,46";"8017596058089";"PROIZVODI ZA KUÆANSTVO"
"HULAHOPKE LIZA MAXI 20 DEN V.5/6 SM";"017949501";"GLISSADE";"1";"PZ";"1,46";"1,46";"0";"0";"0";"1,46";"8017596058096";"PROIZVODI ZA KUÆANSTVO"
"HULAHOPKE ONE PIECE 20 DEN V.3 CRNE";"018014001";"GLISSADE";"1";"PZ";"3,98";"3,98";"0";"0";"0";"3,98";"8017596116321";"PROIZVODI ZA KUÆANSTVO"
"HULAHOPKE ONE PIECE 20 DEN V.3 SMEÐ";"018014301";"GLISSADE";"1";"PZ";"3,98";"3,98";"0";"0";"0";"3,98";"8017596116352";"PROIZVODI ZA KUÆANSTVO"
"HULAHOPKE ONE PIECE 20 DEN V.4 CRNE";"018014101";"GLISSADE";"1";"PZ";"3,98";"3,98";"0";"0";"0";"3,98";"8017596116338";"PROIZVODI ZA KUÆANSTVO"
"HULAHOPKE ONE PIECE 20 DEN V.4 SMEÐ";"018014401";"GLISSADE";"1";"PZ";"3,98";"3,98";"0";"0";"0";"3,98";"8017596116369";"PROIZVODI ZA KUÆANSTVO"
"HULAHOPKE ONE PIECE 20 DEN V1/2 CRN";"018013901";"GLISSADE";"1";"PZ";"3,98";"3,98";"0";"0";"0";"3,98";"8017596116314";"PROIZVODI ZA KUÆANSTVO"
"HULAHOPKE ONE PIECE 20 DEN V1/2 SME";"018014201";"GLISSADE";"1";"PZ";"3,98";"3,98";"0";"0";"0";"3,98";"8017596116345";"PROIZVODI ZA KUÆANSTVO"
"HULAHOPKE ONE PIECE 40 DEN V.3 CRNE";"016809301";"GLISSADE";"1";"PZ";"3,98";"3,98";"0";"0";"0";"3,98";"8017596116383";"PROIZVODI ZA KUÆANSTVO"
"HULAHOPKE ONE PIECE 40 DEN V.3 CRNE";"016809301";"GLISSADE";"1";"PZ";"3,98";"3,98";"0";"0";"0";"3,98";"8017596058485";"PROIZVODI ZA KUÆANSTVO"
"HULAHOPKE ONE PIECE 40 DEN V.3 SMEÐ";"016813701";"GLISSADE";"1";"PZ";"3,98";"3,98";"0";"0";"0";"3,98";"8017596116413";"PROIZVODI ZA KUÆANSTVO"
"HULAHOPKE ONE PIECE 40 DEN V.4 CRNE";"016809401";"GLISSADE";"1";"PZ";"3,98";"3,98";"0";"0";"0";"3,98";"8017596116390";"PROIZVODI ZA KUÆANSTVO"
"HULAHOPKE ONE PIECE 40 DEN V.4 SMEÐ";"016813901";"GLISSADE";"1";"PZ";"3,98";"3,98";"0";"0";"0";"3,98";"8017596116420";"PROIZVODI ZA KUÆANSTVO"
"HULAHOPKE ONE PIECE 40 DEN V1/2 CRN";"016809201";"GLISSADE";"1";"PZ";"3,98";"3,98";"0";"0";"0";"3,98";"8017596116376";"PROIZVODI ZA KUÆANSTVO"
"HULAHOPKE ONE PIECE 40 DEN V1/2 SME";"016809501";"GLISSADE";"1";"PZ";"3,98";"3,98";"0";"0";"0";"3,98";"8017596116406";"PROIZVODI ZA KUÆANSTVO"
"HULAHOPKE RELAX 30 DEN V.1/2 CRNE";"016799401";"GLISSADE";"1";"PZ";"1,99";"1,99";"0";"0";"0";"1,99";"8017596116253";"PROIZVODI ZA KUÆANSTVO"
"HULAHOPKE RELAX 30 DEN V.1/2 SMEÐE";"016801301";"GLISSADE";"1";"PZ";"1,99";"1,99";"0";"0";"0";"1,99";"8017596116284";"PROIZVODI ZA KUÆANSTVO"
"HULAHOPKE RELAX 30 DEN V.3 CRNE";"016799601";"GLISSADE";"1";"PZ";"1,99";"1,99";"0";"0";"0";"1,99";"8017596116260";"PROIZVODI ZA KUÆANSTVO"
"HULAHOPKE RELAX 30 DEN V.3 SMEÐE";"016801401";"GLISSADE";"1";"PZ";"1,99";"1,99";"0";"0";"0";"1,99";"8017596116291";"PROIZVODI ZA KUÆANSTVO"
"HULAHOPKE RELAX 30 DEN V.4 CRNE";"016799901";"GLISSADE";"1";"PZ";"1,99";"1,99";"0";"0";"0";"1,99";"8017596116277";"PROIZVODI ZA KUÆANSTVO"
"HULAHOPKE RELAX 30 DEN V.4 SMEÐE";"016801501";"GLISSADE";"1";"PZ";"1,99";"1,99";"0";"0";"0";"1,99";"8017596116307";"PROIZVODI ZA KUÆANSTVO"
"HULAHOPKE RELAX 30 DEN XL CRNE";"016800001";"GLISSADE";"1";"PZ";"1,99";"1,99";"0";"0";"0";"1,99";"8017596116543";"PROIZVODI ZA KUÆANSTVO"
"HULAHOPKE RELAX 30 DEN XL SMEÐE";"016801601";"GLISSADE";"1";"PZ";"1,99";"1,99";"0";"0";"0";"1,99";"8017596116550";"PROIZVODI ZA KUÆANSTVO"
"HULAHOPKE RELAX 50 DEN V.1/2 CRNE";"007008401";"GLISSADE";"1";"PZ";"1,99";"1,99";"0";"0";"0";"1,99";"8300122370220";"PROIZVODI ZA KUÆANSTVO"
"HULAHOPKE RELAX 50 DEN V.1/2 CRNE";"007008401";"GLISSADE";"1";"PZ";"1,99";"1,99";"0";"0";"0";"1,99";"8017596058362";"PROIZVODI ZA KUÆANSTVO"
"HULAHOPKE RELAX 50 DEN V.1/2 SMEÐE";"007008501";"GLISSADE";"1";"PZ";"1,99";"1,99";"0";"0";"0";"1,99";"8300122370169";"PROIZVODI ZA KUÆANSTVO"
"HULAHOPKE RELAX 50 DEN V.1/2 SMEÐE";"007008501";"GLISSADE";"1";"PZ";"1,99";"1,99";"0";"0";"0";"1,99";"8017596058379";"PROIZVODI ZA KUÆANSTVO"
"HULAHOPKE RELAX 50 DEN V.3 CRNE";"007008801";"GLISSADE";"1";"PZ";"1,99";"1,99";"0";"0";"0";"1,99";"8300122370237";"PROIZVODI ZA KUÆANSTVO"
"HULAHOPKE RELAX 50 DEN V.3 CRNE";"007008801";"GLISSADE";"1";"PZ";"1,99";"1,99";"0";"0";"0";"1,99";"8017596058393";"PROIZVODI ZA KUÆANSTVO"
"HULAHOPKE RELAX 50 DEN V.3 SMEÐE";"007008901";"GLISSADE";"1";"PZ";"1,99";"1,99";"0";"0";"0";"1,99";"8300122370176";"PROIZVODI ZA KUÆANSTVO"
"HULAHOPKE RELAX 50 DEN V.3 SMEÐE";"007008901";"GLISSADE";"1";"PZ";"1,99";"1,99";"0";"0";"0";"1,99";"8017596058409";"PROIZVODI ZA KUÆANSTVO"
"HULAHOPKE RELAX 50 DEN V.4 CRNE";"007009101";"GLISSADE";"1";"PZ";"1,99";"1,99";"0";"0";"0";"1,99";"8300122370244";"PROIZVODI ZA KUÆANSTVO"
"HULAHOPKE RELAX 50 DEN V.4 CRNE";"007009101";"GLISSADE";"1";"PZ";"1,99";"1,99";"0";"0";"0";"1,99";"8017596058423";"PROIZVODI ZA KUÆANSTVO"
"HULAHOPKE RELAX 50 DEN V.4 SMEÐE";"007009201";"GLISSADE";"1";"PZ";"1,99";"1,99";"0";"0";"0";"1,99";"8300122370183";"PROIZVODI ZA KUÆANSTVO"
"HULAHOPKE RELAX 50 DEN V.4 SMEÐE";"007009201";"GLISSADE";"1";"PZ";"1,99";"1,99";"0";"0";"0";"1,99";"8017596058430";"PROIZVODI ZA KUÆANSTVO"
"INDIJSKI ORAŠÈIÆI 200g";"900613401";"NO BRAND";"0,2";"KG";"2,89";"14,45";"0";"0";"0";"2,89";"3830022222541";"HRANA"
"INDOPACIFIÈKE KOZICE OÈIŠÆENE 350g";"014395901";"NO BRAND";"0,35";"KG";"3,99";"11,4";"0";"0";"0";"4,49";"8021066600685";"HRANA"
"INDOPACIFIÈKE KOZICE OÈIŠÆENE 350g";"014395901";"NO BRAND";"0,35";"KG";"3,99";"11,4";"0";"0";"0";"4,49";"8001186032962";"HRANA"
"INDOPACIFIÈKE KOZICE OÈIŠÆENE 350g";"014395901";"NO BRAND";"0,35";"KG";"3,99";"11,4";"0";"0";"0";"4,49";"8033300821466";"HRANA"
"INDOPACIFIÈKE KOZICE OÈIŠÆENE 350g";"014395901";"NO BRAND";"0,35";"KG";"3,99";"11,4";"0";"0";"0";"4,49";"8007820220016";"HRANA"
"INDOPACIFIÈKE KOZICE OÈIŠÆENE 350g";"014395901";"NO BRAND";"0,35";"KG";"3,99";"11,4";"0";"0";"0";"4,49";"5410726715402";"HRANA"
"INOX ŽICA 4 kom";"016147601";"SISTEMA CASA";"1";"PZ";"0,89";"0,89";"0";"0";"0";"0,89";"8017596110367";"PROIZVODI ZA KUÆANSTVO"
"INST.KAŠA S KAKAOM KOKO LION 200g";"910141201";"NO BRAND";"0,2";"KG";"1,49";"7,45";"0";"0";"0";"1,49";"3830079801546";"HRANA"
"INSTANT GOVEÐA JUHA TJESTENINOM 65g";"910022301";"EAT EASY AND TASTY";"0,065";"KG";"0,69";"10,62";"0";"0";"0";"0,69";"8017596111395";"HRANA"
"INSTANT KAVA 2U1 10kom 140g";"900480501";"DON JEREZ";"0,14";"KG";"1,59";"11,36";"0";"0";"0";"1,59";"8017596110879";"HRANA"
"INSTANT KAVA 3U1 10kom 140g";"900480401";"DON JEREZ";"0,14";"KG";"1,59";"11,36";"0";"0";"0";"1,59";"8017596110862";"HRANA"
"INSTANT KAVA CLASSICO 200g";"900472801";"DON JEREZ";"0,2";"KG";"5,99";"29,95";"0";"0";"0";"5,79";"8017596110909";"HRANA"
"INSTANT KAVA CREMA 140g";"900473001";"DON JEREZ";"0,14";"KG";"5,19";"37,07";"0";"0";"0";"4,49";"8017596110923";"HRANA"
"INSTANT KAVA DON JEREZ 100g";"003921401";"DON JEREZ";"0,1";"KG";"3,39";"33,9";"0";"0";"0";"2,89";"8004990303006";"HRANA"
"INSTANT KAVA DON JEREZ 100g";"003921401";"DON JEREZ";"0,1";"KG";"3,39";"33,9";"0";"0";"0";"2,89";"8004990304003";"HRANA"
"INSTANT KAVA DON JEREZ 100g";"003921401";"DON JEREZ";"0,1";"KG";"3,39";"33,9";"0";"0";"0";"2,89";"8017596010049";"HRANA"
"INSTANT KAVA GOLD 200g";"900472901";"DON JEREZ";"0,2";"KG";"6,49";"32,45";"0";"0";"0";"6,19";"8017596110916";"HRANA"
"INSTANT KAVA GOLD ARABICA 100g";"900473101";"DON JEREZ";"0,1";"KG";"3,99";"39,9";"0";"0";"0";"3,69";"8017596110930";"HRANA"
"INSTANT NAPITAK LIMUN 1kg";"900455901";"BLUES";"1";"KG";"3,99";"3,99";"0";"0";"0";"3,89";"8017596108975";"HRANA"
"INSTANT NAPITAK LIMUN 200g";"900455801";"BLUES";"0,2";"KG";"1,29";"6,45";"0";"0";"0";"1,19";"8017596108968";"HRANA"
"INSTANT NAPITAK NARANÈA 1kg";"900455701";"BLUES";"1";"KG";"3,99";"3,99";"0";"0";"0";"3,89";"8017596108951";"HRANA"
"INSTANT NAPITAK NARANÈA 200g";"900455601";"BLUES";"0,2";"KG";"1,29";"6,45";"0";"0";"0";"1,19";"8017596108944";"HRANA"
"INSTANT PRI.LED.È.BRESKVA 1kg (11L)";"006041802";"BLUES";"1";"KG";"4,89";"4,89";"0";"0";"0";"4,89";"8004990159009";"HRANA"
"INSTANT PRI.LED.È.BRESKVA 1kg (11L)";"006041802";"BLUES";"1";"KG";"4,89";"4,89";"0";"0";"0";"4,89";"8017596006363";"HRANA"
"INSTANT PRI.LED.ÈAJ LIMUN 1kg (11L)";"006041801";"BLUES";"1";"KG";"4,89";"4,89";"0";"0";"0";"4,89";"8017596005663";"HRANA"
"INSTANT TJEST. GAMBERI/ÈEŠNJ 65g";"017932601";"TRE MULINI";"0,065";"KG";"0,99";"15,23";"0";"0";"0";"0,99";"8017596133335";"HRANA"
"INSTANT TJESTENINA GOVEDINA 65g";"015535701";"TRE MULINI";"0,065";"KG";"0,99";"15,23";"0";"0";"0";"0,99";"8017596107596";"HRANA"
"INSTANT TJESTENINA GOVEDINA 65g";"015535701";"TRE MULINI";"0,065";"KG";"0,99";"15,23";"0";"0";"0";"0,99";"8017596119964";"HRANA"
"INSTANT TJESTENINA LJUTA 65g";"017932501";"TRE MULINI";"0,065";"KG";"0,99";"15,23";"0";"0";"0";"0,99";"8017596133328";"HRANA"
"INSTANT TJESTENINA PILETINA 65g";"015535801";"TRE MULINI";"0,065";"KG";"0,99";"15,23";"0";"0";"0";"0,99";"8017596107589";"HRANA"
"INSTANT TJESTENINA PILETINA 65g";"015535801";"TRE MULINI";"0,065";"KG";"0,99";"15,23";"0";"0";"0";"0,99";"8017596119957";"HRANA"
"INSTANT TJESTENINA POVRÆE 65g";"015535901";"TRE MULINI";"0,065";"KG";"0,99";"15,23";"0";"0";"0";"0,99";"8017596107602";"HRANA"
"INSTANT TJESTENINA POVRÆE 65g";"015535901";"TRE MULINI";"0,065";"KG";"0,99";"15,23";"0";"0";"0";"0,99";"8017596119971";"HRANA"
"INTEGRAL KRUH 400g";"910019801";"NO BRAND";"0,4";"KG";"1,99";"4,98";"0";"0";"0";"1,99";"8606018738984";"HRANA"
"INTEGRAL KRUH 400g";"910019801";"NO BRAND";"0,4";"KG";"1,99";"4,98";"0";"0";"0";"1,99";"3858885565001";"HRANA"
"INTEGRALNI KEKSI SRETNA JUTRA 350g";"910155801";"NO BRAND";"0,35";"KG";"3,49";"9,97";"0";"0";"0";"3,49";"3850135267369";"HRANA"
"INTEGRALNI KREKERI 180g";"018665101";"TRE MULINI";"0,18";"KG";"1,39";"7,72";"0";"0";"0";"1,39";"8017596129543";"HRANA"
"INTEGRALNI KREKERI 250g";"017193101";"TRE MULINI";"0,25";"KG";"1,29";"5,16";"0";"0";"0";"1,29";"8017596121783";"HRANA"
"INTEGRALNI KRUH S 4 ŽITARICE 400g";"018291701";"ALPENSPITZ";"0,4";"KG";"1,29";"3,23";"0";"0";"0";"1,29";"8017596122209";"HRANA"
"INTERDENTALNE GUMENE ÈETKICE 50kom";"017804401";"NO BRAND";"1";"PZ";"1,99";"1,99";"0";"0";"0";"1,99";"8056234641207";"KOZMETIKA"
"IRISH WHISKEY 700ml 40% vol.";"018374701";"NO BRAND";"0,7";"LT";"11,99";"17,13";"0";"0";"0";"12,09";"5391536750107";"PIÆE"
"IZBJELJIVAÈ RUBLJA BLAGI ECO 1.5l";"017457101";"AMO ESSERE ECO";"1,5";"LT";"1,69";"1,13";"0";"0";"0";"1,69";"8017596128782";"SREDSTVA ZA ÈIŠÆENJE"
"IZBJELJIVAÈ TRADICIONALNI 2l";"013189901";"DEXAL";"2";"LT";"1,09";"0,55";"0";"0";"0";"1,09";"8017596005069";"SREDSTVA ZA ÈIŠÆENJE"
"IZOTON. NAPITAK LIMUN I GREJP 500ml";"900378601";"BLUES";"0,5";"LT";"0,89";"1,78";"0";"0";"0";"0,89";"3830000774598";"PIÆE"
"IZOTON. NAPITAK LIMUN I GREJP 500ml";"900378601";"BLUES";"0,5";"LT";"0,89";"1,78";"0";"0";"0";"0,89";"8017596134189";"PIÆE"
"JABUKA CRVENA 2kg";"080010301";"NO BRAND";"2";"KG";"2,19";"1,1";"1,49";"0,75";"2,19";"1,99";"9999999999994";"HRANA"
"JABUKA CRVENA 2kg";"080010301";"NO BRAND";"2";"KG";"2,19";"1,1";"1,49";"0,75";"2,19";"1,99";"3859892765293";"HRANA"
"JABUKA CRVENA 2kg";"080010301";"NO BRAND";"2";"KG";"2,19";"1,1";"1,49";"0,75";"2,19";"1,99";"3859889267960";"HRANA"
"JABUKA CRVENA 2kg";"080010301";"NO BRAND";"2";"KG";"2,19";"1,1";"1,49";"0,75";"2,19";"1,99";"0721688066439";"HRANA"
"JABUKA CRVENA 2kg";"080010301";"NO BRAND";"2";"KG";"2,19";"1,1";"1,49";"0,75";"2,19";"1,99";"3850334049117";"HRANA"
"JABUKA CRVENI DELIŠES rfz";"080025201";"NO BRAND";"1";"KG";"1,99";"1,99";"0";"0";"0";"1,89";"";"HRANA"
"JABUKA FUJI rfz";"080024101";"NO BRAND";"1";"KG";"1,99";"1,99";"0";"0";"0";"1,89";"";"HRANA"
"JABUKA GALA rfz";"080259601";"NO BRAND";"1";"KG";"1,69";"1,69";"0";"0";"0";"1,39";"";"HRANA"
"JABUKA GRANNY SMITH rfz";"080024701";"NO BRAND";"1";"KG";"1,99";"1,99";"0";"0";"0";"1,89";"";"HRANA"
"JABUKA IDARED rfz";"080159301";"NO BRAND";"1";"KG";"1,69";"1,69";"0";"0";"0";"1,39";"";"HRANA"
"JABUKA JONAGOLD rfz";"080159601";"NO BRAND";"1";"KG";"1,69";"1,69";"0";"0";"0";"1,39";"";"HRANA"
"JABUKA NICOTER KANZI 750g";"080431801";"NO BRAND";"0,75";"KG";"2,09";"2,79";"0";"0";"0";"2,09";"8008757205626";"HRANA"
"JABUKA PINK LADY 1kg";"080497501";"NO BRAND";"1";"KG";"2,79";"2,79";"0";"0";"0";"2,49";"3700476618682";"HRANA"
"JABUKA ZELENA 2 kg";"080424301";"NO BRAND";"2";"KG";"2,19";"1,1";"0";"0";"0";"1,99";"3859892765705";"HRANA"
"JABUKA ZELENA 2 kg";"080424301";"NO BRAND";"2";"KG";"2,19";"1,1";"0";"0";"0";"1,99";"0721688066446";"HRANA"
"JABUKA ZELENA 2 kg";"080424301";"NO BRAND";"2";"KG";"2,19";"1,1";"0";"0";"0";"1,99";"3850334049087";"HRANA"
"JABUKA ZLATNI DELIŠES rfz";"080024501";"NO BRAND";"1";"KG";"1,69";"1,69";"0";"0";"0";"1,39";"";"HRANA"
"JADRANSKA SRDELA 1Kg";"900481101";"NO BRAND";"1";"KG";"3,49";"3,49";"0";"0";"0";"3,49";"3858891044231";"HRANA"
"JAFFA TORTA S&G 800g";"910212101";"NO BRAND";"0,8";"KG";"8,99";"11,24";"0";"0";"0";"8,99";"3830056445497";"HRANA"
"JAGODA KOLAÈ 120g";"910163701";"NO BRAND";"0,12";"KG";"1,69";"14,08";"0";"0";"0";"1,69";"5413476312280";"HRANA"
"JAGODA SMRZNUTA 400g";"900529201";"NO BRAND";"0,4";"KG";"2,99";"7,48";"0";"0";"0";"2,49";"3858891045092";"HRANA"
"JAGODE 250g";"080009102";"NO BRAND";"0,25";"KG";"2,49";"9,96";"0";"0";"0";"1,69";"9999999999994";"HRANA"
"JAGODE 250g";"080009102";"NO BRAND";"0,25";"KG";"2,49";"9,96";"0";"0";"0";"1,69";"3859891767878";"HRANA"
"JAGODE 250g";"080009102";"NO BRAND";"0,25";"KG";"2,49";"9,96";"0";"0";"0";"1,69";"8400047033504";"HRANA"
"JAGODE 250g";"080009102";"NO BRAND";"0,25";"KG";"2,49";"9,96";"0";"0";"0";"1,69";"8436588100252";"HRANA"
"JAGODE 250g";"080009102";"NO BRAND";"0,25";"KG";"2,49";"9,96";"0";"0";"0";"1,69";"3859892924126";"HRANA"
"JAGODE 250g";"080009102";"NO BRAND";"0,25";"KG";"2,49";"9,96";"0";"0";"0";"1,69";"3850334057266";"HRANA"
"JAGODE 250g";"080009102";"NO BRAND";"0,25";"KG";"2,49";"9,96";"0";"0";"0";"1,69";"8058056197023";"HRANA"
"JAGODE 250g";"080009102";"NO BRAND";"0,25";"KG";"2,49";"9,96";"0";"0";"0";"1,69";"6223003900397";"HRANA"
"JANJEÆA GLAVA";"070036301";"NO BRAND";"1";"KG";"12,99";"12,99";"0";"0";"0";"12,99";"";"HRANA"
"JANJEÆI KOTLETI S KOSTI 300g";"910218501";"NO BRAND";"0,3";"KG";"14,49";"48,3";"0";"0";"0";"14,49";"3800173301808";"HRANA"
"JANJEÆI TRUP BEZ GLAVE";"010833701";"NO BRAND";"1";"KG";"11,05";"11,05";"0";"0";"0";"11,05";"";"HRANA"
"JANJEÆI TRUP S GLAVOM.";"910109001";"NO BRAND";"1";"KG";"14,68";"14,68";"0";"0";"0";"14,68";"";"HRANA"
"JASTUÆIÆI SA SIROM 1kg";"910204601";"EAT EASY AND TASTY";"1";"KG";"3,49";"3,49";"0";"0";"0";"3,49";"8017596046444";"HRANA"
"JEGER KOBASICA 400g";"910127901";"NO BRAND";"0,4";"KG";"2,89";"7,23";"0";"0";"0";"2,89";"3858892095171";"HRANA"
"JELLY BOMB.U METAL ŠKRINJICI 80g";"910215201";"NO BRAND";"0,08";"KG";"4,99";"62,38";"0";"0";"0";"4,99";"5903175681362";"HRANA"
"JELLY BOMB.U METAL.KUGLICI 5g";"900631501";"NO BRAND";"0,05";"KG";"1,99";"39,8";"0";"0";"0";"1,99";"8590311105638";"HRANA"
"JENEÆE MIJEVENO MESO - RESTORAN";"070205401";"NO BRAND";"1";"KG";"9,99";"9,99";"0";"0";"0";"9,99";"";"HRANA"
"JEÈAM S KISELIM ZELJEM 415g";"900478401";"NO BRAND";"0,415";"KG";"1,99";"4,8";"0";"0";"0";"1,99";"3831029517920";"HRANA"
"JEÈAM SUHI OLJUŠTENI 500g";"013760901";"DELIZIE DAL SOLE";"0,5";"KG";"0,89";"1,78";"0";"0";"0";"0,89";"8017596002648";"HRANA"
"JEÈMENA KAŠA 1kg";"910087001";"NO BRAND";"1";"KG";"1,29";"1,29";"0";"0";"0";"1,29";"3859888540057";"HRANA"
"JOGURT 0,1% m.m. 500g";"011024001";"LAND";"0,5";"KG";"1,09";"2,18";"0";"0";"0";"1,09";"8017596059192";"HRANA"
"JOGURT BEZ LAKTOZE 2X125g";"014300801";"AMO ESSERE SENZA LATTOSIO";"0,25";"KG";"0,79";"3,16";"0";"0";"0";"0,79";"8017596078889";"HRANA"
"JOGURT BIFIDUS ŽITARICE 4X125g";"017696402";"LAND";"0,5";"KG";"1,69";"3,38";"0";"0";"0";"1,69";"8017596130945";"HRANA"
"JOGURT GRÈKI TIP 150g";"910082501";"NO BRAND";"0,15";"KG";"0,65";"4,33";"0";"0";"0";"0,66";"8601500134084";"HRANA"
"JOGURT GRÈKI TIP JAGODA 150g";"910082401";"NO BRAND";"0,15";"KG";"0,75";"5";"0";"0";"0";"0,69";"8601500134107";"HRANA"
"JOGURT GRÈKI TIP MARELICA 150g";"910082301";"NO BRAND";"0,15";"KG";"0,75";"5";"0";"0";"0";"0,69";"8601500134121";"HRANA"
"JOGURT GRÈKI TIP VIŠNJA 150g";"910082001";"NO BRAND";"0,15";"KG";"0,75";"5";"0";"0";"0";"0,69";"8601500134145";"HRANA"
"JOGURT GUSTI 1,6% m.m. 180g";"910110802";"NO BRAND";"0,18";"KG";"0,37";"2,06";"0";"0";"0";"0,35";"3870199000597";"HRANA"
"JOGURT GUSTI 2,8% m.m. 180g";"910110801";"NO BRAND";"0,18";"KG";"0,37";"2,06";"0";"0";"0";"0,37";"3870199000597";"HRANA"
"JOGURT GUSTI 2,8% m.m. 180g";"910110801";"NO BRAND";"0,18";"KG";"0,37";"2,06";"0";"0";"0";"0,37";"3870199001730";"HRANA"
"JOGURT JAGODA 150g";"001137902";"LAND";"0,15";"KG";"0,37";"2,47";"0";"0";"0";"0,37";"80511717";"HRANA"
"JOGURT JAGODA 150g";"001137902";"LAND";"0,15";"KG";"0,37";"2,47";"0";"0";"0";"0,37";"8017596000347";"HRANA"
"JOGURT JAGODA 150g";"001137902";"LAND";"0,15";"KG";"0,37";"2,47";"0";"0";"0";"0,37";"80761228";"HRANA"
"JOGURT JAGODA 1kg";"014453103";"PASCOLI ITALIANI";"1";"KG";"2,99";"2,99";"0";"0";"0";"2,59";"8017596062208";"HRANA"
"JOGURT JAGODA 500g";"900493401";"LAND";"0,5";"KG";"1,39";"2,78";"0";"0";"0";"1,39";"8017596005724";"HRANA"
"JOGURT KAVA 150g";"001137905";"LAND";"0,15";"KG";"0,37";"2,47";"0";"0";"0";"0,37";"8017596000323";"HRANA"
"JOGURT KAVA 150g";"001137905";"LAND";"0,15";"KG";"0,37";"2,47";"0";"0";"0";"0,37";"80761235";"HRANA"
"JOGURT KAVA BEZ LAKTOZE 2X125g";"014300802";"AMO ESSERE SENZA LATTOSIO";"0,25";"KG";"0,79";"3,16";"0";"0";"0";"0,79";"8017596078902";"HRANA"
"JOGURT KOKOS 150g";"001137904";"LAND";"0,15";"KG";"0,37";"2,47";"0";"0";"0";"0,37";"8017596000330";"HRANA"
"JOGURT KOKOS 150g";"001137904";"LAND";"0,15";"KG";"0,37";"2,47";"0";"0";"0";"0,37";"80761198";"HRANA"
"JOGURT KREMASTI MIX 8X125g";"017362701";"LAND";"1";"KG";"3,09";"3,09";"0";"0";"0";"3,09";"8017596106995";"HRANA"
"JOGURT MARELICA/BRESKVA 150g";"016950301";"LAND";"0,15";"KG";"0,37";"2,47";"0";"0";"0";"0,37";"80761211";"HRANA"
"JOGURT MARELICA/BRESKVA 150g";"016950301";"LAND";"0,15";"KG";"0,37";"2,47";"0";"0";"0";"0,37";"24100120";"HRANA"
"JOGURT OBIÈNI 0,1%m.m. 150g";"002222801";"LAND";"0,15";"KG";"0,35";"2,33";"0";"0";"0";"0,35";"8017596000385";"HRANA"
"JOGURT OBIÈNI 0,1%m.m. 150g";"002222801";"LAND";"0,15";"KG";"0,35";"2,33";"0";"0";"0";"0,35";"8017596005755";"HRANA"
"JOGURT OBIÈNI 0,1%m.m. 150g";"002222801";"LAND";"0,15";"KG";"0,35";"2,33";"0";"0";"0";"0,35";"80761259";"HRANA"
"JOGURT OBIÈNI 150g";"001661801";"LAND";"0,15";"KG";"0,37";"2,47";"0";"0";"0";"0,37";"8017596000378";"HRANA"
"JOGURT OBIÈNI 150g";"001661801";"LAND";"0,15";"KG";"0,37";"2,47";"0";"0";"0";"0,37";"8017596005762";"HRANA"
"JOGURT OBIÈNI 150g";"001661801";"LAND";"0,15";"KG";"0,37";"2,47";"0";"0";"0";"0,37";"80761167";"HRANA"
"JOGURT OBIÈNI 500g";"002961101";"LAND";"0,5";"KG";"1,19";"2,38";"0";"0";"0";"1,19";"8017596000439";"HRANA"
"JOGURT OBIÈNI 500g";"002961101";"LAND";"0,5";"KG";"1,19";"2,38";"0";"0";"0";"1,19";"8017596005748";"HRANA"
"JOGURT STRACCIATELLA 150g";"014396001";"LAND";"0,15";"KG";"0,37";"2,47";"0";"0";"0";"0,37";"24100137";"HRANA"
"JOGURT TEKUÆI 2,8% m.m. 1kg";"910068701";"NO BRAND";"1";"KG";"1,69";"1,69";"0";"0";"0";"1,59";"3870199003154";"HRANA"
"JOGURT TEKUÆI 2,8% m.m. 1kg";"910068701";"NO BRAND";"1";"KG";"1,69";"1,69";"0";"0";"0";"1,59";"3870199000139";"HRANA"
"JOGURT TEKUÆI 2,8% m.m. 1kg";"910068701";"NO BRAND";"1";"KG";"1,69";"1,69";"0";"0";"0";"1,59";"3870199003604";"HRANA"
"JOGURT TEKUÆI VOÆNI 0,1% m.m. 500g";"900240901";"LAND";"0,5";"KG";"1,29";"2,58";"0";"0";"0";"1,29";"9019100541109";"HRANA"
"JOGURT TEKUÆI VOÆNI 0,1% m.m. 500g";"900240901";"LAND";"0,5";"KG";"1,29";"2,58";"0";"0";"0";"1,29";"9019100541307";"HRANA"
"JOGURT TEKUÆI VOÆNI 0,1% m.m. 500g";"900240901";"LAND";"0,5";"KG";"1,29";"2,58";"0";"0";"0";"1,29";"9019100541406";"HRANA"
"JOGURT TEKUÆI VOÆNI 0,1% m.m. 500g";"900240901";"LAND";"0,5";"KG";"1,29";"2,58";"0";"0";"0";"1,29";"9019100541505";"HRANA"
"JOGURT TEKUÆI VOÆNI 0,1% m.m. 500g";"900240901";"LAND";"0,5";"KG";"1,29";"2,58";"0";"0";"0";"1,29";"8017596065612";"HRANA"
"JOGURT TEKUÆI VOÆNI 0,1% m.m. 500g";"900240901";"LAND";"0,5";"KG";"1,29";"2,58";"0";"0";"0";"1,29";"8017596065605";"HRANA"
"JOGURT TEKUÆI VOÆNI 0,1% m.m. 500g";"900240901";"LAND";"0,5";"KG";"1,29";"2,58";"0";"0";"0";"1,29";"8017596065599";"HRANA"
"JOGURT TEKUÆI VOÆNI 0,1% m.m. 500g";"900240901";"LAND";"0,5";"KG";"1,29";"2,58";"0";"0";"0";"1,29";"8017596065582";"HRANA"
"JOGURT TEKUÆI VOÆNI 500g";"010641701";"LAND";"0,5";"KG";"1,32";"2,64";"0";"0";"0";"1,32";"8017596018793";"HRANA"
"JOGURT TEKUÆI VOÆNI 500g";"010641701";"LAND";"0,5";"KG";"1,32";"2,64";"0";"0";"0";"1,32";"8017596018809";"HRANA"
"JOGURT TEKUÆI VOÆNI 500g";"010641701";"LAND";"0,5";"KG";"1,32";"2,64";"0";"0";"0";"1,32";"8017596057068";"HRANA"
"JOGURT TEKUÆI VOÆNI 500g";"010641701";"LAND";"0,5";"KG";"1,32";"2,64";"0";"0";"0";"1,32";"8017596018786";"HRANA"
"JOGURT TEKUæI 1% m.m. 950g";"910070201";"NO BRAND";"0,95";"KG";"1,39";"1,46";"0";"0";"0";"1,39";"3870199003161";"HRANA"
"JOGURT TEKUæI 1% m.m. 950g";"910070201";"NO BRAND";"0,95";"KG";"1,39";"1,46";"0";"0";"0";"1,39";"3870199002904";"HRANA"
"JOGURT TEKUæI 1% m.m. 950g";"910070201";"NO BRAND";"0,95";"KG";"1,39";"1,46";"0";"0";"0";"1,39";"3870199003628";"HRANA"
"JOGURT VANILIJA 150g";"001137908";"LAND";"0,15";"KG";"0,37";"2,47";"0";"0";"0";"0,37";"80761204";"HRANA"
"JOGURT VOÆNI MIX 8X125g";"014523201";"LAND";"1";"KG";"2,99";"2,99";"0";"0";"0";"2,99";"8017596064622";"HRANA"
"JOGURT ÈVRSTI 3,2% M.M.180g";"900565801";"LAND";"0,18";"KG";"0,37";"2,06";"0";"0";"0";"0,37";"3831051017474";"HRANA"
"JOGURT ÈVRSTI 3,2% M.M.180g";"900565801";"LAND";"0,18";"KG";"0,37";"2,06";"0";"0";"0";"0,37";"8017596132055";"HRANA"
"JOGURT ŠUMSKO VOÆE 150g";"001137906";"LAND";"0,15";"KG";"0,37";"2,47";"0";"0";"0";"0,37";"8017596000354";"HRANA"
"JOGURT ŠUMSKO VOÆE 150g";"001137906";"LAND";"0,15";"KG";"0,37";"2,47";"0";"0";"0";"0,37";"80761242";"HRANA"
"JOGURT ŠUMSKO VOÆE 1kg";"014453104";"PASCOLI ITALIANI";"1";"KG";"2,99";"2,99";"0";"0";"0";"2,59";"8017596062185";"HRANA"
"JOGURT ŠUMSKO VOÆE 500g";"900493402";"LAND";"0,5";"KG";"1,39";"2,78";"0";"0";"0";"1,39";"8017596000415";"HRANA"
"JOGURTI VOÈNI LIGHT MIX 8X125g";"014523202";"LAND";"1";"KG";"2,99";"2,99";"1,99";"1,99";"2,99";"2,99";"8017596067470";"HRANA"
"JUHA BISTRA OD POVRÈE 90g";"016985101";"TRE MULINI";"0,09";"KG";"0,89";"9,89";"0";"0";"0";"0,89";"8017596019622";"HRANA"
"JUHA BISTRA S TJESTENINOM 90g";"016985701";"TRE MULINI";"0,09";"KG";"0,89";"9,89";"0";"0";"0";"0,89";"8017596116086";"HRANA"
"JUHA MINESTRONE 620g";"080071501";"NO BRAND";"0,62";"KG";"2,69";"4,34";"0";"0";"0";"2,69";"9999999999994";"HRANA"
"JUHA MINESTRONE 620g";"080071501";"NO BRAND";"0,62";"KG";"2,69";"4,34";"0";"0";"0";"2,69";"8014190017139";"HRANA"
"JUHA OD PASIRANOG POVRCA 90G";"016985601";"TRE MULINI";"0,09";"KG";"0,89";"9,89";"0";"0";"0";"0,89";"8017596017086";"HRANA"
"JUHA OD PIRA I SLANUTKA 450g";"018688901";"DELIZIE DAL SOLE";"0,45";"KG";"1,69";"3,76";"0";"0";"0";"1,69";"8017596046383";"HRANA"
"JUHA OD POVRÆA 500g";"015222901";"DELIZIE DAL SOLE";"0,5";"KG";"1,29";"2,58";"0";"0";"0";"1,29";"8017596067142";"HRANA"
"JUHA OD ŽITARICA I MAHUNARKI 450g";"011105101";"DELIZIE DAL SOLE";"0,45";"KG";"1,69";"3,76";"0";"0";"0";"1,69";"8017596000163";"HRANA"
"JUHA ORTOLANA 620g";"080072301";"NO BRAND";"0,62";"KG";"2,69";"4,34";"0";"0";"0";"2,69";"9999999999994";"HRANA"
"JUHA ORTOLANA 620g";"080072301";"NO BRAND";"0,62";"KG";"2,69";"4,34";"0";"0";"0";"2,69";"8014190017108";"HRANA"
"JUHA TOSKANA 620g";"080052801";"NO BRAND";"0,62";"KG";"2,69";"4,34";"0";"0";"0";"2,69";"8014190017122";"HRANA"
"JUNEÆA JETRA";"070008901";"NO BRAND";"1";"KG";"3,99";"3,99";"0";"0";"0";"3,89";"";"HRANA"
"JUNEÆA JETRA.";"005641901";"NO BRAND";"1";"KG";"3,67";"3,67";"0";"0";"0";"3,67";"";"HRANA"
"JUNEÆA KOLJENICA BEZ KOSTI";"070004201";"NO BRAND";"1";"KG";"11,19";"11,19";"0";"0";"0";"11,19";"";"HRANA"
"JUNEÆA KOLJENICA BK";"005704001";"NO BRAND";"1";"KG";"12,06";"12,06";"0";"0";"0";"12,06";"";"HRANA"
"JUNEÆA KOLJENICA SK";"070052001";"NO BRAND";"1";"KG";"11,99";"11,99";"0";"0";"0";"10,69";"";"HRANA"
"JUNEÆA KOLJENICA SK.";"005482201";"NO BRAND";"1";"KG";"9,48";"9,48";"0";"0";"0";"9,48";"";"HRANA"
"JUNEÆA LEÐA BK U CHILI MARINADI";"070203101";"NO BRAND";"1";"KG";"10,99";"10,99";"0";"0";"0";"10,99";"";"HRANA"
"JUNEÆA LEÐA BK U MEDITERAN MARINADI";"070203201";"NO BRAND";"1";"KG";"10,99";"10,99";"0";"0";"0";"10,99";"";"HRANA"
"JUNEÆA LEÐA SK BB U CHILI MARINADI";"070204001";"NO BRAND";"1";"KG";"8,63";"8,63";"0";"0";"0";"8,63";"";"HRANA"
"JUNEÆA LEÐA SK BB U MEDIT.MARINADI";"070204101";"NO BRAND";"1";"KG";"8,63";"8,63";"0";"0";"0";"8,63";"";"HRANA"
"JUNEÆA LOPATICA BK";"005729601";"IL BRACIERE";"1";"KG";"13,36";"13,36";"0";"0";"0";"13,36";"";"HRANA"
"JUNEÆA LOPATICA BK";"070004301";"NO BRAND";"1";"KG";"13,99";"13,99";"0";"0";"0";"11,99";"";"HRANA"
"JUNEÆA PLJESKAVICA 100%";"070095401";"NO BRAND";"1";"KG";"11,09";"11,09";"0";"0";"0";"11,09";"";"HRANA"
"JUNEÆA POTRBUŠINA";"070003901";"NO BRAND";"1";"KG";"10,99";"10,99";"0";"0";"0";"10,39";"";"HRANA"
"JUNEÆA POTRBUŠINA MAP";"005729201";"IL BRACIERE";"1";"KG";"10,99";"10,99";"0";"0";"0";"10,99";"";"HRANA"
"JUNEÆA POTRBUŠINA.";"005639901";"NO BRAND";"1";"KG";"10,7";"10,7";"0";"0";"0";"10,7";"";"HRANA"
"JUNEÆA PREDNJA ÈETVRT S POTRBUŠINOM";"005639701";"NO BRAND";"1";"KG";"6,9";"6,9";"0";"0";"0";"9,17";"";"HRANA"
"JUNEÆA PRSA SK";"011544601";"NO BRAND";"1";"KG";"6,8";"6,8";"0";"0";"0";"6,8";"";"HRANA"
"JUNEÆA PRSA/REBRA SK";"070008301";"NO BRAND";"1";"KG";"8,99";"8,99";"0";"0";"0";"8,99";"";"HRANA"
"JUNEÆA PRSA/REBRA/POTRBUŠINA SK";"011785601";"NO BRAND";"1";"KG";"9,48";"9,48";"0";"0";"0";"9,48";"";"HRANA"
"JUNEÆA REBRA SK.";"010917501";"NO BRAND";"1";"KG";"9,17";"9,17";"0";"0";"0";"9,17";"";"HRANA"
"JUNEÆA SLABINA I LEÐA BEZ KOSTI";"070004801";"NO BRAND";"1";"KG";"15,39";"15,39";"0";"0";"0";"15,39";"";"HRANA"
"JUNEÆA SLABINA I LEÐA BK";"011367601";"NO BRAND";"1";"KG";"19,57";"19,57";"0";"0";"0";"19,57";"";"HRANA"
"JUNEÆA SLABINA I LEÐA BK ODREZAK";"070008001";"NO BRAND";"1";"KG";"15,99";"15,99";"0";"0";"0";"15,99";"";"HRANA"
"JUNEÆA SLABINA I LEÐA BK PANIRANA";"070202601";"NO BRAND";"1";"KG";"15,99";"15,99";"0";"0";"0";"15,99";"";"HRANA"
"JUNEÆA SLABINA I LEÐA SK BB ODREZAK";"070008401";"NO BRAND";"1";"KG";"9,99";"9,99";"0";"0";"0";"11,79";"";"HRANA"
"JUNEÆA SLABINA I LEÐA SK BF";"012168401";"NO BRAND";"1";"KG";"10,84";"10,84";"0";"0";"0";"10,84";"";"HRANA"
"JUNEÆA SLABINA I LEÐA SK BF KOM";"070046301";"NO BRAND";"1";"KG";"10,99";"10,99";"0";"0";"0";"10,99";"";"HRANA"
"JUNEÆE KOCKE ZA GULAŠ";"070005601";"NO BRAND";"1";"KG";"17,49";"17,49";"0";"0";"0";"14,39";"";"HRANA"
"JUNEÆE KOCKICE ZA GULAŠ 400g";"910167901";"NO BRAND";"0,4";"KG";"6,29";"15,73";"0";"0";"0";"5,99";"3858894667222";"HRANA"
"JUNEÆE KOSTI";"070010201";"NO BRAND";"1";"KG";"2,99";"2,99";"0";"0";"0";"2,99";"";"HRANA"
"JUNEÆE KOSTI.";"012306001";"NO BRAND";"1";"KG";"2,45";"2,45";"0";"0";"0";"2,45";"";"HRANA"
"JUNEÆE MESO 80/20";"012337101";"NO BRAND";"1";"KG";"10,24";"10,24";"0";"0";"0";"10,24";"";"HRANA"
"JUNEÆE MLJEVENO MESO";"070010301";"NO BRAND";"1";"KG";"11,99";"11,99";"0";"0";"0";"11,99";"";"HRANA"
"JUNEÆE MLJEVENO MESO 450g";"910073201";"NO BRAND";"0,45";"KG";"5,29";"11,76";"0";"0";"0";"4,69";"3859893068478";"HRANA"
"JUNEÆE MLJEVENO MESO 450g";"910073201";"NO BRAND";"0,45";"KG";"5,29";"11,76";"0";"0";"0";"4,69";"3858894667260";"HRANA"
"JUNEÆE MLJEVENO MESO OBITELJSKO PAK";"070204901";"NO BRAND";"1";"KG";"11,49";"11,49";"0";"0";"0";"11,09";"";"HRANA"
"JUNEÆE SRCE";"070009601";"NO BRAND";"1";"KG";"3,99";"3,99";"0";"0";"0";"3,99";"";"HRANA"
"JUNEÆE SRCE.";"005641801";"NO BRAND";"1";"KG";"2,81";"2,81";"0";"0";"0";"2,81";"";"HRANA"
"JUNEÆE TRIPICE KUHANE REZANE";"005641401";"NO BRAND";"1";"KG";"6,88";"6,88";"0";"0";"0";"6,88";"";"HRANA"
"JUNEÆE TRIPICE/FILEKI";"070087701";"NO BRAND";"1";"KG";"6,69";"6,69";"0";"0";"0";"6,69";"";"HRANA"
"JUNEÆI BIFTEK";"070008701";"NO BRAND";"1";"KG";"38,99";"38,99";"0";"0";"0";"38,99";"";"HRANA"
"JUNEÆI BURGER";"070011201";"NO BRAND";"1";"KG";"9,99";"9,99";"0";"0";"0";"8,99";"";"HRANA"
"JUNEÆI BUT BEZ KOSTI ODREZAK 450g";"910167701";"NO BRAND";"0,45";"KG";"8,49";"18,87";"0";"0";"0";"8,49";"3858894667208";"HRANA"
"JUNEÆI BUT BK";"005734101";"NO BRAND";"1";"KG";"15,2";"15,2";"0";"0";"0";"15,2";"";"HRANA"
"JUNEÆI BUT BK";"070004401";"NO BRAND";"1";"KG";"15,79";"15,79";"0";"0";"0";"13,99";"";"HRANA"
"JUNEÆI BUT BK OBITELJSKO PAKIRANJE";"070205701";"NO BRAND";"1";"KG";"14,79";"14,79";"0";"0";"0";"12,99";"";"HRANA"
"JUNEÆI BUT BK ODREZAK";"070012301";"NO BRAND";"1";"KG";"16,49";"16,49";"0";"0";"0";"15,69";"";"HRANA"
"JUNEÆI BUT BK PANIRANI";"070202701";"NO BRAND";"1";"KG";"16,99";"16,99";"0";"0";"0";"13,89";"";"HRANA"
"JUNEÆI BUT RUŽA MLADA JUNETINA";"910134401";"NO BRAND";"1";"KG";"17,12";"17,12";"0";"0";"0";"17,12";"";"HRANA"
"JUNEÆI BUT ZA PAŠTICADU";"070208901";"NO BRAND";"1";"KG";"15,99";"15,99";"0";"0";"0";"13,79";"";"HRANA"
"JUNEÆI FILE VP";"008568301";"NO BRAND";"1";"KG";"38,99";"38,99";"0";"0";"0";"37,9";"";"HRANA"
"JUNEÆI JEZIK";"005641701";"NO BRAND";"1";"KG";"5,69";"5,69";"0";"0";"0";"5,69";"";"HRANA"
"JUNEÆI JEZIK";"070009801";"NO BRAND";"1";"KG";"7,49";"7,49";"0";"0";"0";"6,99";"";"HRANA"
"JUNEÆI MIX ZA JUHU MAP";"910166001";"NO BRAND";"1";"KG";"9,39";"9,39";"0";"0";"0";"8,89";"";"HRANA"
"JUNEÆI OSSO BUCO MAP";"008275101";"NO BRAND";"1";"KG";"11,99";"11,99";"0";"0";"0";"11,29";"";"HRANA"
"JUNEÆI REP MAP";"910167801";"NO BRAND";"1";"KG";"14,49";"14,49";"0";"0";"0";"14,49";"";"HRANA"
"JUNEÆI RIBEYE ODREZAK VAK";"910165301";"NO BRAND";"1";"KG";"20,49";"20,49";"0";"0";"0";"19,99";"";"HRANA"
"JUNEÆI VRAT I ZAPLEÆAK BEZ KOSTI";"070005101";"NO BRAND";"1";"KG";"14,99";"14,99";"0";"0";"0";"11,99";"";"HRANA"
"JUNEÆI VRAT S KOSTIMA.";"910069001";"NO BRAND";"1";"KG";"9,78";"9,78";"0";"0";"0";"9,78";"";"HRANA"
"JUNEÆI VRAT SK";"070005801";"NO BRAND";"1";"KG";"6,99";"6,99";"0";"0";"0";"6,99";"";"HRANA"
"JUNEÆI VRAT/ZPLEÆAK (PODLOPATICA) B";"011827401";"NO BRAND";"1";"KG";"13,09";"13,09";"0";"0";"0";"13,09";"";"HRANA"
"JUŠNE OKRUGLICE 200G";"910156901";"NO BRAND";"0,2";"KG";"0,99";"4,95";"0";"0";"0";"0,95";"4000186806669";"HRANA"
"KADULJA 12g";"009313301";"DON JEREZ";"0,012";"KG";"0,99";"82,5";"0";"0";"0";"0,99";"80730989";"HRANA"
"KAJMAK NAMAZ 70%m.m. 250g";"900488301";"NO BRAND";"0,25";"KG";"2,49";"9,96";"0";"0";"0";"2,49";"3830060750310";"HRANA"
"KAJMAK NAMAZ 70%m.m. 250g";"900488301";"NO BRAND";"0,25";"KG";"2,49";"9,96";"0";"0";"0";"2,49";"3830060750525";"HRANA"
"KAJZERICA PECIVO 60g";"910120201";"NO BRAND";"0,06";"KG";"0,13";"2,17";"0";"0";"0";"0,13";"";"HRANA"
"KAKAO INSTANT NAPITAK 800g";"001955401";"DOLCIANDO";"0,8";"KG";"4,99";"6,24";"0";"0";"0";"3,99";"8004990181000";"HRANA"
"KAKAO INSTANT NAPITAK 800g";"001955401";"DOLCIANDO";"0,8";"KG";"4,99";"6,24";"0";"0";"0";"3,99";"8017596012685";"HRANA"
"KAKAO KEKS PUNJEN VANILIJOM 176g";"015789601";"DOLCIANDO";"0,176";"KG";"1,29";"7,33";"0,99";"5,63";"1,29";"1,15";"8017596110114";"HRANA"
"KAKAO NAPITAK 400g";"900496501";"DOLCIANDO";"0,4";"KG";"2,49";"6,23";"0";"0";"0";"2,29";"8017596110886";"HRANA"
"KAKAO ZA KOLAÈE 100g";"910219201";"NO BRAND";"0,1";"KG";"1,99";"19,9";"0";"0";"0";"1,99";"3858881776463";"HRANA"
"KAKI rfz";"080270901";"NO BRAND";"1";"KG";"2,99";"2,99";"1,95";"1,95";"2,99";"5,99";"";"HRANA"
"KAPARI 210g/120g";"008831501";"VARIAGUSTO";"0,12";"KG";"1,39";"11,58";"0";"0";"0";"1,39";"8017596008374";"HRANA"
"KAPLJICE TAMNE ÈOKOLADE 48% 200g";"018194101";"NO BRAND";"0,2";"KG";"2,59";"12,95";"0";"0";"0";"2,59";"8017596073495";"HRANA"
"KAPSULE CAFFE ESPRESSO 15kom 109,5g";"017654601";"NO BRAND";"0,1095";"KG";"3,99";"36,44";"0";"0";"0";"3,98";"8017596129895";"HRANA"
"KAPSULE KAVA BEZ KOFEINA 16kom 112g";"014682701";"DON JEREZ";"0,112";"KG";"3,99";"35,63";"0";"0";"0";"3,99";"8017596101563";"HRANA"
"KAPSULE KAVA CORTADO 16kom 100g";"014683201";"DON JEREZ";"0,1";"KG";"3,99";"39,9";"0";"0";"0";"3,99";"8017596101556";"HRANA"
"KAPSULE KAVA ESPRESSO 16kom 112g";"014683001";"DON JEREZ";"0,112";"KG";"3,99";"35,63";"0";"0";"0";"3,99";"8017596101549";"HRANA"
"KAPULICE 300g/180g";"015765701";"VARIAGUSTO";"0,18";"KG";"1,09";"6,06";"0";"0";"0";"1,09";"8017596109651";"HRANA"
"KARANFIL TURSKI";"014306801";"NO BRAND";"1";"PZ";"0,59";"0,59";"0";"0";"0";"0,59";"8001553804673";"HRANA"
"KARLA CRAFT KRUH 400g";"910199601";"NO BRAND";"0,4";"KG";"1,69";"4,23";"0";"0";"0";"1,69";"3858894930302";"HRANA"
"KASICA JABUKA BANANA BIO 100g";"018495601";"PRIME PAPPE";"0,1";"KG";"0,49";"4,9";"0";"0";"0";"0,49";"8017596117038";"HRANA"
"KASICA JABUKA KRUSKA BIO 100g";"018495401";"PRIME PAPPE";"0,1";"KG";"0,49";"4,9";"0";"0";"0";"0,49";"8017596117021";"HRANA"
"KASICA VOCNA BAN.MARE. BIO 100g";"018495701";"PRIME PAPPE";"0,1";"KG";"0,49";"4,9";"0";"0";"0";"0,49";"8017596126092";"HRANA"
"KASICA VOCNA JAB/KRU/BANA. BIO 100g";"018495301";"PRIME PAPPE";"0,1";"KG";"0,49";"4,9";"0";"0";"0";"0,49";"8017596117045";"HRANA"
"KASICA VOCNA JABUKA JAGODA BIO 100g";"018495501";"PRIME PAPPE";"0,1";"KG";"0,49";"4,9";"0";"0";"0";"0,49";"8017596117052";"HRANA"
"KASIICA KUKUR.,RI?A,TAPI. BIO 200g";"013655901";"PRIME PAPPE";"0,2";"KG";"1,89";"9,45";"0";"0";"0";"1,89";"8017596073341";"HRANA"
"KAVA 100% ARABICA 250g";"003763001";"DON JEREZ";"0,25";"KG";"4,49";"17,96";"0";"0";"0";"3,69";"8017596000545";"HRANA"
"KAVA BEZ KOFEINA DON JEREZ 250g";"001365601";"DON JEREZ";"0,25";"KG";"4,49";"17,96";"0";"0";"0";"3,99";"8017596000514";"HRANA"
"KAVA CLASSICO DON JEREZ 2kom 500g";"008170701";"DON JEREZ";"0,5";"KG";"6,89";"13,78";"0";"0";"0";"6,99";"8017596008404";"HRANA"
"KAVA CUOR D'AROMA 250g";"001363101";"DON JEREZ";"0,25";"KG";"3,99";"15,96";"0";"0";"0";"3,69";"8017596000538";"HRANA"
"KAVA ESPRESSO DON JEREZ 250g";"001364901";"DON JEREZ";"0,25";"KG";"3,99";"15,96";"0";"0";"0";"3,69";"8017596000521";"HRANA"
"KAVA KLASIK 250g";"900459201";"NO BRAND";"0,25";"KG";"2,99";"11,96";"0";"0";"0";"1,99";"8003012011035";"HRANA"
"KAVA MINAS MLJEVENA 200g";"900459801";"DON JEREZ";"0,2";"KG";"3,19";"15,95";"0";"0";"0";"2,89";"8017596111685";"HRANA"
"KAVA MINAS MLJEVENA 500g";"900460001";"DON JEREZ";"0,5";"KG";"6,69";"13,38";"0";"0";"0";"6,49";"8017596111692";"HRANA"
"KAVA TURSKA MLJEVENA 250g";"900459401";"DON JEREZ";"0,25";"KG";"3,19";"12,76";"0";"0";"0";"2,59";"8017596111715";"HRANA"
"KAVA TURSKA MLJEVENA 500g";"900459601";"DON JEREZ";"0,5";"KG";"5,99";"11,98";"0";"0";"0";"5,49";"8017596111722";"HRANA"
"KAVA U ZRNU DON JEREZ 1kg";"003893501";"DON JEREZ";"1";"KG";"14,99";"14,99";"0";"0";"0";"12,99";"8017596000552";"HRANA"
"KAVA U ZRNU KLASIK 1kg";"010805201";"NO BRAND";"1";"KG";"12,99";"12,99";"0";"0";"0";"9,99";"8003012011011";"HRANA"
"KAVOVINA JEÈAM KAVA 120g";"010864901";"DON JEREZ";"0,12";"KG";"2,29";"19,08";"0";"0";"0";"1,99";"8017596058898";"HRANA"
"KAVOVINA PRŽENI JEÈAM 200g";"003845501";"DON JEREZ";"0,2";"KG";"1,79";"8,95";"0";"0";"0";"1,79";"8007100045018";"HRANA"
"KAVOVINA PRŽENI JEÈAM 200g";"003845501";"DON JEREZ";"0,2";"KG";"1,79";"8,95";"0";"0";"0";"1,79";"8017596009005";"HRANA"
"KAVOVINA PRŽENI JEÈAM 200g";"003845501";"DON JEREZ";"0,2";"KG";"1,79";"8,95";"0";"0";"0";"1,79";"8017596051332";"HRANA"
"KAŠICA VOÆNA  JABUKA BIO 2X125g";"011467101";"PRIME PAPPE";"0,25";"KG";"1,39";"5,56";"0";"0";"0";"1,39";"8017596073686";"HRANA"
"KAŠICA VOÆNA  JABUKA BIO 2X125g";"011467101";"PRIME PAPPE";"0,25";"KG";"1,39";"5,56";"0";"0";"0";"1,39";"8017596062536";"HRANA"
"KAŠICA VOÆNA KRUŠKA BIO 2X125g";"011467102";"PRIME PAPPE";"0,25";"KG";"1,39";"5,56";"0";"0";"0";"1,39";"8017596073709";"HRANA"
"KAŠICA VOÆNA KRUŠKA BIO 2X125g";"011467102";"PRIME PAPPE";"0,25";"KG";"1,39";"5,56";"0";"0";"0";"1,39";"8017596062543";"HRANA"
"KAŠICA VOÆNA MIX VOÆA BIO 2X125g";"011467103";"PRIME PAPPE";"0,25";"KG";"1,39";"5,56";"0";"0";"0";"1,39";"8017596073556";"HRANA"
"KAŠICA VOÆNA MIX VOÆA BIO 2X125g";"011467103";"PRIME PAPPE";"0,25";"KG";"1,39";"5,56";"0";"0";"0";"1,39";"8017596062512";"HRANA"
"KAŠICA ŽITNA GRIZ I VIT.B1 BIO 200g";"013656101";"PRIME PAPPE";"0,2";"KG";"1,89";"9,45";"0";"0";"0";"1,89";"8017596073358";"HRANA"
"KAŠICA ŽITNA RIŽA BIO 200g";"013655801";"PRIME PAPPE";"0,2";"KG";"1,89";"9,45";"0";"0";"0";"1,89";"8017596073334";"HRANA"
"KAŠICA ŽITNA S VIT. B1 BIO 200g";"013656001";"PRIME PAPPE";"0,2";"KG";"1,79";"8,95";"0";"0";"0";"1,79";"8017596073327";"HRANA"
"KEFIR 2,8% m.m. 1kg";"910068401";"LAND";"1";"KG";"1,69";"1,69";"0";"0";"0";"1,59";"3870199001143";"HRANA"
"KEFIR 2,8% m.m. 1kg";"910068401";"LAND";"1";"KG";"1,69";"1,69";"0";"0";"0";"1,59";"3870199003611";"HRANA"
"KEFIR 2,8% m.m. 1kg";"910068401";"LAND";"1";"KG";"1,69";"1,69";"0";"0";"0";"1,59";"8017596133915";"HRANA"
"KEFIR 480g";"014860401";"LAND";"0,48";"KG";"1,29";"2,69";"0";"0";"0";"1,15";"3023290020142";"HRANA"
"KEFIR 480g";"014860401";"LAND";"0,48";"KG";"1,29";"2,69";"0";"0";"0";"1,15";"8017596103727";"HRANA"
"KEFIR KREMASTI VOÆNI V.OKUSA 150g";"016669501";"LAND";"0,15";"KG";"0,79";"5,27";"0";"0";"0";"0,79";"24101066";"HRANA"
"KEFIR KREMASTI VOÆNI V.OKUSA 150g";"016669501";"LAND";"0,15";"KG";"0,79";"5,27";"0";"0";"0";"0,79";"24101097";"HRANA"
"KEFIR KREMASTI VOÆNI V.OKUSA 150g";"016669501";"LAND";"0,15";"KG";"0,79";"5,27";"0";"0";"0";"0,79";"24101080";"HRANA"
"KEFIR KREMASTI VOÆNI V.OKUSA 150g";"016669501";"LAND";"0,15";"KG";"0,79";"5,27";"0";"0";"0";"0,79";"24101073";"HRANA"
"KEFIR MULTI/NARAN.ÐUMBIR 480g";"016243501";"LAND";"0,48";"KG";"1,19";"2,48";"0";"0";"0";"0,99";"8017596113993";"HRANA"
"KEFIR MULTI/NARAN.ÐUMBIR 480g";"016243501";"LAND";"0,48";"KG";"1,19";"2,48";"0";"0";"0";"0,99";"8017596113986";"HRANA"
"KEKS AMARETTI 200g";"011861801";"DOLCIANDO";"0,2";"KG";"1,49";"7,45";"0";"0";"0";"1,29";"8017596011930";"HRANA"
"KEKS BIO INTEGRALNI 5 ŽITAR. 300g";"014552001";"AMO ESSERE BIO";"0,3";"KG";"2,29";"7,63";"0";"0";"0";"2,29";"8017596079817";"HRANA"
"KEKS CANTUCCINI S BADEMOM 300g";"014295601";"AMO ESSERE ECCELLENTE";"0,3";"KG";"2,29";"7,63";"0";"0";"0";"1,99";"8017596013729";"HRANA"
"KEKS DIGESTIVE S ÈOKOLADOM 425g";"017542501";"DOLCIANDO";"0,425";"KG";"1,79";"4,21";"0";"0";"0";"1,79";"8017596129161";"HRANA"
"KEKS FROLLINI BEZ DOD.ŠEÆERA 330g";"016595801";"DOLCIANDO";"0,33";"KG";"1,79";"5,42";"0";"0";"0";"1,79";"8017596116734";"HRANA"
"KEKS FROLLINI OKRUGLI 700g";"017524601";"DOLCIANDO";"0,7";"KG";"2,29";"3,27";"0";"0";"0";"2,29";"8017596115812";"HRANA"
"KEKS FROLLINI S HELJDOM 700g";"011059401";"DOLCIANDO";"0,7";"KG";"2,69";"3,84";"0";"0";"0";"2,59";"8017596060716";"HRANA"
"KEKS FROLLINI S JABUKOM 350g";"016736101";"DOLCIANDO";"0,35";"KG";"2,19";"6,26";"0";"0";"0";"2,19";"8017596063601";"HRANA"
"KEKS FROLLINI S JAJIMA 700g";"014315301";"DOLCIANDO";"0,7";"KG";"2,19";"3,13";"0";"0";"0";"2,09";"8017596066381";"HRANA"
"KEKS NOCCIOBISK BOŽIÆ 500g";"018312101";"DOLCIANDO";"0,5";"KG";"4,59";"9,18";"0";"0";"0";"4,59";"8017596119209";"HRANA"
"KEKS OD ŽITARICA S ÈOKOLADOM 250g";"017361801";"DOLCIANDO";"0,25";"KG";"1,39";"5,56";"0";"0";"0";"1,39";"8017596127907";"HRANA"
"KEKS OSWEGO 250g";"004143401";"DOLCIANDO";"0,25";"KG";"0,99";"3,96";"0";"0";"0";"0,89";"8017596012326";"HRANA"
"KEKS S ÈOKOLADOM 10 kom 250g";"012337301";"DOLCIANDO";"0,25";"KG";"2,99";"11,96";"0";"0";"0";"2,69";"8017596065377";"HRANA"
"KEKS SA RIŽOM/CORNFLAKES 250g";"018233901";"DOLCIANDO";"0,25";"KG";"1,39";"5,56";"0";"0";"0";"1,29";"8017596135339";"HRANA"
"KEKS SA ŽITARICAMA 500g";"011687402";"DOLCIANDO";"0,5";"KG";"1,89";"3,78";"0";"0";"0";"1,79";"8017596063427";"HRANA"
"KEKS SA ŽITARICAMA HRSKAVI 250g";"011687403";"DOLCIANDO";"0,25";"KG";"1,29";"5,16";"0";"0";"0";"1,19";"8017596063410";"HRANA"
"KEKS SPECULAAS 600G";"910145801";"NO BRAND";"0,6";"KG";"1,99";"3,32";"0";"0";"0";"1,99";"4006529003061";"HRANA"
"KEKS ÈAJNI KOLUTIÆI 2 VRSTE 800g";"900534701";"NO BRAND";"0,8";"KG";"2,59";"3,24";"0";"0";"0";"2,59";"3830079801010";"HRANA"
"KEKS ÈAJNI KOLUTIÆI 2 VRSTE 800g";"900534701";"NO BRAND";"0,8";"KG";"2,59";"3,24";"0";"0";"0";"2,59";"3830079801126";"HRANA"
"KEKS ÈOKOLADNI ŠTAPIÆI 150g";"012471302";"DOLCIANDO";"0,15";"KG";"1,79";"11,93";"0";"0";"0";"1,49";"8017596006516";"HRANA"
"KEKSI 100% INTEGRALNI 350g";"015319501";"DOLCIANDO";"0,35";"KG";"1,59";"4,54";"0";"0";"0";"1,59";"8017596105165";"HRANA"
"KEKSI 4 ŽITARICE BEZ DOD.ŠEÆ. 300g";"016642401";"DOLCIANDO";"0,3";"KG";"1,79";"5,97";"0";"0";"0";"1,79";"8017596116109";"HRANA"
"KEKSI BEZ MLI/JAJA S ÈOK. 290g";"016559801";"DOLCIANDO";"0,29";"KG";"1,59";"5,48";"0";"0";"0";"1,49";"8017596115997";"HRANA"
"KEKSI BUON MATTINO 500g";"008439501";"DOLCIANDO";"0,5";"KG";"1,79";"3,58";"1,29";"2,58";"1,79";"1,79";"8017596010018";"HRANA"
"KEKSI BUON MATTINO 500g";"008439501";"DOLCIANDO";"0,5";"KG";"1,79";"3,58";"1,29";"2,58";"1,79";"1,79";"8017596051813";"HRANA"
"KEKSI CIOCOPIU 4X27g";"014616701";"DOLCIANDO";"0,108";"KG";"1,69";"15,65";"0";"0";"0";"1,59";"24100175";"HRANA"
"KEKSI DANSKI S MASLACEM 500g";"016854801";"NO BRAND";"0,5";"KG";"4,99";"9,98";"0";"0";"0";"4,99";"5776879000759";"HRANA"
"KEKSI DIGESTIVE 400g";"017542401";"DOLCIANDO";"0,4";"KG";"1,29";"3,23";"0,89";"2,23";"1,29";"1,19";"8017596062833";"HRANA"
"KEKSI DIGESTIVE 400g";"017542401";"DOLCIANDO";"0,4";"KG";"1,29";"3,23";"0,89";"2,23";"1,29";"1,19";"8017596129178";"HRANA"
"KEKSI DOUBLE CHOC 150g";"015936501";"DOLCIANDO";"0,15";"KG";"1,49";"9,93";"0";"0";"0";"1,49";"8017596110671";"HRANA"
"KEKSI FROLLINI 1kg";"010771401";"DOLCIANDO";"1";"KG";"2,59";"2,59";"0";"0";"0";"2,59";"8017596002938";"HRANA"
"KEKSI FROLLINI KAKAO I VRHNJE 700g";"010849301";"DOLCIANDO";"0,7";"KG";"2,69";"3,84";"0";"0";"0";"2,59";"8017596015372";"HRANA"
"KEKSI FROLLINI KAKAO LJEŠNJAK 700g";"010770901";"DOLCIANDO";"0,7";"KG";"2,49";"3,56";"0";"0";"0";"2,49";"8017596003133";"HRANA"
"KEKSI FROLLINI S KAPLJ. ÈOK.700g";"010771001";"DOLCIANDO";"0,7";"KG";"2,39";"3,41";"0";"0";"0";"2,29";"8017596003126";"HRANA"
"KEKSI FROLLINI S VRHNJEM 700g";"010848201";"DOLCIANDO";"0,7";"KG";"2,19";"3,13";"0";"0";"0";"2,09";"8017596003119";"HRANA"
"KEKSI FROLLINI S VRHNJEM 700g";"018571001";"DOLCIANDO";"0,7";"KG";"2,19";"3,13";"0";"0";"0";"2,19";"8017596003119";"HRANA"
"KEKSI GRAN GIORNO 500g";"009975001";"DOLCIANDO";"0,5";"KG";"1,79";"3,58";"1,29";"2,58";"1,79";"1,69";"8017596051806";"HRANA"
"KEKSI GRANELLI SA ŠEÆEROM 700g";"010997701";"DOLCIANDO";"0,7";"KG";"2,19";"3,13";"0";"0";"0";"2,19";"8017596018939";"HRANA"
"KEKSI INTEGRALNI 700g";"016158201";"DOLCIANDO";"0,7";"KG";"2,19";"3,13";"0";"0";"0";"2,09";"8017596004338";"HRANA"
"KEKSI INTEGRALNI 700g";"016158201";"DOLCIANDO";"0,7";"KG";"2,19";"3,13";"0";"0";"0";"2,09";"8032755320302";"HRANA"
"KEKSI LINCER KAKAO 400g";"900363801";"DOLCIANDO";"0,4";"KG";"2,59";"6,48";"0";"0";"0";"2,29";"3830056441048";"HRANA"
"KEKSI LINCER KAKAO 400g";"900363801";"DOLCIANDO";"0,4";"KG";"2,59";"6,48";"0";"0";"0";"2,29";"8017596133038";"HRANA"
"KEKSI LINCER MARELICA 400g";"900431801";"DOLCIANDO";"0,4";"KG";"2,59";"6,48";"0";"0";"0";"2,59";"3830013192167";"HRANA"
"KEKSI LINCER MARELICA 400g";"900431801";"DOLCIANDO";"0,4";"KG";"2,59";"6,48";"0";"0";"0";"2,59";"3830062580496";"HRANA"
"KEKSI LINCER MARELICA 400g";"900431801";"DOLCIANDO";"0,4";"KG";"2,59";"6,48";"0";"0";"0";"2,59";"3830042310945";"HRANA"
"KEKSI LINCER MARELICA 400g";"900431801";"DOLCIANDO";"0,4";"KG";"2,59";"6,48";"0";"0";"0";"2,59";"8017596133045";"HRANA"
"KEKSI MIJEŠANI 520g";"910121702";"NO BRAND";"0,52";"KG";"9,99";"19,21";"0";"0";"0";"8,99";"4006894564501";"HRANA"
"KEKSI NOVELLINI 350g";"017938101";"DOLCIANDO";"0,35";"KG";"1,29";"3,69";"0";"0";"0";"1,33";"8017596061942";"HRANA"
"KEKSI OD ŽITARICA S BRUSNICAMA 250g";"016642201";"DOLCIANDO";"0,25";"KG";"1,39";"5,56";"0";"0";"0";"1,29";"8017596116710";"HRANA"
"KEKSI PETIT 500g";"012210601";"DOLCIANDO";"0,5";"KG";"1,29";"2,58";"0";"0";"0";"1,29";"8017596012319";"HRANA"
"KEKSI PIŠKOTE 400g";"017981701";"DOLCIANDO";"0,4";"KG";"1,75";"4,38";"0";"0";"0";"1,75";"8017596011947";"HRANA"
"KEKSI PRELIVENI ÈOKOLADOM 250g";"900458601";"NO BRAND";"0,25";"KG";"1,89";"7,56";"0";"0";"0";"1,69";"5310005025737";"HRANA"
"KEKSI PUNJENI KAKAO KREMOM 150g";"016615101";"DOLCIANDO";"0,15";"KG";"1,39";"9,27";"0";"0";"0";"1,29";"8017596116918";"HRANA"
"KEKSI PUNJENI LIMUNOM 150g";"016749801";"DOLCIANDO";"0,15";"KG";"1,39";"9,27";"0";"0";"0";"1,29";"8017596116925";"HRANA"
"KEKSI PUNJENI LJEŠNJAK KREMOM 150g";"018051901";"DOLCIANDO";"0,15";"KG";"1,39";"9,27";"0";"0";"0";"1,29";"8017596130549";"HRANA"
"KEKSI PUNJENI ÈOKOLADOM 350g";"016433501";"DOLCIANDO";"0,35";"KG";"2,29";"6,54";"0";"0";"0";"1,99";"8017596106025";"HRANA"
"KEKSI S KAKAOM I KAPLJ. ÈOK. 400g";"013192801";"DOLCIANDO";"0,4";"KG";"2,09";"5,23";"0";"0";"0";"1,99";"8017596062857";"HRANA"
"KEKSI S KOKOSOM 600g";"910202101";"NO BRAND";"0,6";"KG";"3,99";"6,65";"2,99";"4,98";"3,99";"3,99";"4006529048130";"HRANA"
"KEKSI S KOKOSOM BEZ GLUTENA 250g";"016602801";"AMO ESSERE SENZA GLUTINE";"0,25";"KG";"1,99";"7,96";"0";"0";"0";"1,79";"8017596071880";"HRANA"
"KEKSI S MEDOM BEZ GLUTENA 250g";"016581201";"AMO ESSERE SENZA GLUTINE";"0,25";"KG";"1,99";"7,96";"0";"0";"0";"1,89";"8017596115898";"HRANA"
"KEKSI S OKUSOM LIMUNA 1kg";"910211201";"NO BRAND";"1";"KG";"4,99";"4,99";"3,99";"3,99";"4,99";"4,99";"4006529002101";"HRANA"
"KEKSI SA BADEMIMA U KUTIJI 600G";"910159501";"NO BRAND";"0,6";"KG";"3,99";"6,65";"0";"0";"0";"3,99";"4006529048116";"HRANA"
"KEKSI SA KARAMELOM I ÈOKOLADOM 350g";"017868201";"DOLCIANDO";"0,35";"KG";"1,89";"5,4";"0";"0";"0";"1,79";"8017596131942";"HRANA"
"KEKSI U METALNOJ KUGLICI 10g";"910216901";"NO BRAND";"0,01";"KG";"1,99";"199";"0";"0";"0";"1,99";"5901986031352";"HRANA"
"KEKSI U METALNOJ KUGLICI 10g";"910216901";"NO BRAND";"0,01";"KG";"1,99";"199";"0";"0";"0";"1,99";"5901986033349";"HRANA"
"KEKSI U METALNOJ KUGLICI 10g";"910216901";"NO BRAND";"0,01";"KG";"1,99";"199";"0";"0";"0";"1,99";"5901986033356";"HRANA"
"KEKSI U METALNOJ KUGLICI 10g";"910216901";"NO BRAND";"0,01";"KG";"1,99";"199";"0";"0";"0";"1,99";"5901986033370";"HRANA"
"KEKSI U METALNOJ KUGLICI 10g";"910216901";"NO BRAND";"0,01";"KG";"1,99";"199";"0";"0";"0";"1,99";"5901986036104";"HRANA"
"KEKSI U METALNOJ KUGLICI 10g";"910216901";"NO BRAND";"0,01";"KG";"1,99";"199";"0";"0";"0";"1,99";"5901986036555";"HRANA"
"KEKSI U METALNOJ KUGLICI 10g";"910216901";"NO BRAND";"0,01";"KG";"1,99";"199";"0";"0";"0";"1,99";"5901986037361";"HRANA"
"KEKSI U METALNOJ KUGLICI 10g";"910216901";"NO BRAND";"0,01";"KG";"1,99";"199";"0";"0";"0";"1,99";"5901986039433";"HRANA"
"KEKSI ZA DJECU BIO 320g";"013715401";"PRIME PAPPE";"0,32";"KG";"2,39";"7,47";"0";"0";"0";"2,39";"8017596073297";"HRANA"
"KEKSI ZA PSE PUNJENI 400g";"015188801";"RADAMES";"0,4";"KG";"1,29";"3,23";"0";"0";"0";"1,29";"8017596066664";"PROIZVODI ZA KUÆANSTVO"
"KEKSI ZA PSE U OBLIKU KOSTI 400g";"015188701";"RADAMES";"0,4";"KG";"1,29";"3,23";"0";"0";"0";"1,29";"8017596066657";"PROIZVODI ZA KUÆANSTVO"
"KELJ PUPÈAR 500g";"080211001";"NO BRAND";"0,5";"KG";"1,99";"3,98";"0";"0";"0";"1,99";"3859892561246";"HRANA"
"KELJ PUPÈAR 500g";"080211001";"NO BRAND";"0,5";"KG";"1,99";"3,98";"0";"0";"0";"1,99";"3859893696060";"HRANA"
"KELJ rfz";"080055601";"NO BRAND";"1";"KG";"1,29";"1,29";"0";"0";"0";"1,49";"";"HRANA"
"KEÈAP BLAGI 1000g";"900470001";"SUNNY NATURE";"1";"KG";"1,69";"1,69";"0";"0";"0";"1,69";"8017596112262";"HRANA"
"KEÈAP BLAGI 500g";"900469301";"SUNNY NATURE";"0,5";"KG";"1,39";"2,78";"0";"0";"0";"1,39";"8017596112248";"HRANA"
"KEÈAP HOT 500g";"900469401";"SUNNY NATURE";"0,5";"KG";"1,39";"2,78";"0";"0";"0";"1,39";"8017596112255";"HRANA"
"KIFLICE KAKAO-NARANÈA 225g";"910096701";"NO BRAND";"0,225";"KG";"2,39";"10,62";"0";"0";"0";"2,39";"3859888257238";"HRANA"
"KIFLICE S LJEŠNJAKOM I MASLACEM300g";"910174901";"NO BRAND";"0,3";"KG";"5,59";"18,63";"0";"0";"0";"5,59";"3830062492768";"HRANA"
"KIFLICE S MARMELADOM 300g";"910178701";"NO BRAND";"0,3";"KG";"4,29";"14,3";"0";"0";"0";"3,99";"3858894680566";"HRANA"
"KIKIRIKI PEÈENI U LJUSCI 750g";"014116401";"MISTER SIBAMBA";"0,75";"KG";"3,39";"4,52";"0";"0";"0";"3,39";"8017596063922";"HRANA"
"KIKIRIKI PEÈENI U LJUSCI 750g";"014116401";"MISTER SIBAMBA";"0,75";"KG";"3,39";"4,52";"0";"0";"0";"3,39";"8033247636475";"HRANA"
"KIKIRIKI PEÈENI U LJUSCI 750g";"014116401";"MISTER SIBAMBA";"0,75";"KG";"3,39";"4,52";"0";"0";"0";"3,39";"8057737403026";"HRANA"
"KIKIRIKI SLANI 250g";"018278801";"MISTER SIBAMBA";"0,25";"KG";"1,39";"5,56";"0";"0";"0";"1,39";"8017596014405";"HRANA"
"KIKIRIKI SLANI 750g";"018223401";"MISTER SIBAMBA";"0,75";"KG";"3,49";"4,65";"0";"0";"0";"3,99";"8017596017000";"HRANA"
"KIKIRIKI U LJUSCI 500g";"008696301";"MISTER SIBAMBA";"0,5";"KG";"2,09";"4,18";"0";"0";"0";"2,09";"8017596002686";"HRANA"
"KIKIRIKI U LJUSCI 500g";"008696301";"MISTER SIBAMBA";"0,5";"KG";"2,09";"4,18";"0";"0";"0";"2,09";"8057737403033";"HRANA"
"KIKIRIKI U OMOTAÈU OD PAPRIKE 150G";"910167501";"MAMBO KIDS";"0,15";"KG";"1,29";"8,6";"0";"0";"0";"1,29";"8017596132390";"HRANA"
"KIKIRIKI U OMOTAÈU VRHNJE/LUK 150G";"910167601";"MAMBO KIDS";"0,15";"KG";"1,29";"8,6";"0";"0";"0";"1,29";"8017596132383";"HRANA"
"KISELO VRHNJE 12% m.m. 400g";"910068601";"LAND";"0,4";"KG";"1,45";"3,63";"0";"0";"0";"1,45";"3870199001761";"HRANA"
"KISELO VRHNJE 12% m.m. 400g";"910068601";"LAND";"0,4";"KG";"1,45";"3,63";"0";"0";"0";"1,45";"8017596132024";"HRANA"
"KISELO VRHNJE 12% m.m.180g";"910010601";"LAND";"0,18";"KG";"0,65";"3,61";"0";"0";"0";"0,65";"3870199000337";"HRANA"
"KISELO VRHNJE 12% m.m.180g";"910010601";"LAND";"0,18";"KG";"0,65";"3,61";"0";"0";"0";"0,65";"8017596114242";"HRANA"
"KISELO VRHNJE 20% m.m. 400g";"910068502";"LAND";"0,4";"KG";"1,65";"4,13";"0";"0";"0";"1,65";"3870199001778";"HRANA"
"KISELO VRHNJE 20% m.m. 400g";"910068502";"LAND";"0,4";"KG";"1,65";"4,13";"0";"0";"0";"1,65";"8017596132031";"HRANA"
"KISELO VRHNJE 20% m.m. 850g";"910068501";"LAND";"0,85";"KG";"3,29";"3,87";"0";"0";"0";"3,29";"3870199001990";"HRANA"
"KISELO VRHNJE 20% m.m. 850g";"910068501";"LAND";"0,85";"KG";"3,29";"3,87";"0";"0";"0";"3,29";"8017596132048";"HRANA"
"KISELO VRHNJE 20% m.m.180g";"910010602";"LAND";"0,18";"KG";"0,69";"3,83";"0";"0";"0";"0,69";"3870199000061";"HRANA"
"KISELO VRHNJE 20% m.m.180g";"910010602";"LAND";"0,18";"KG";"0,69";"3,83";"0";"0";"0";"0,69";"8017596114259";"HRANA"
"KIWI 1kg";"080009701";"NO BRAND";"1";"KG";"2,49";"2,49";"0";"0";"0";"2,99";"9999999999994";"HRANA"
"KIWI 1kg";"080009701";"NO BRAND";"1";"KG";"2,49";"2,49";"0";"0";"0";"2,99";"3830050933495";"HRANA"
"KIWI 1kg";"080009701";"NO BRAND";"1";"KG";"2,49";"2,49";"0";"0";"0";"2,99";"8606021600438";"HRANA"
"KIWI 1kg";"080009701";"NO BRAND";"1";"KG";"2,49";"2,49";"0";"0";"0";"2,99";"3838900270394";"HRANA"
"KIWI 1kg";"080009701";"NO BRAND";"1";"KG";"2,49";"2,49";"0";"0";"0";"2,99";"8032449007595";"HRANA"
"KIWI 1kg";"080009701";"NO BRAND";"1";"KG";"2,49";"2,49";"0";"0";"0";"2,99";"8056736910689";"HRANA"
"KIWI 1kg";"080009701";"NO BRAND";"1";"KG";"2,49";"2,49";"0";"0";"0";"2,99";"8052478560038";"HRANA"
"KIWI rfz";"080023401";"NO BRAND";"1";"KG";"3,49";"3,49";"0";"0";"0";"3,99";"";"HRANA"
"KLEMENTINA rfz";"080028001";"NO BRAND";"1";"KG";"1,85";"1,85";"1,29";"1,29";"1,79";"1,79";"";"HRANA"
"KLINÈIÆ 28g";"009309501";"DON JEREZ";"0,028";"KG";"0,99";"35,36";"0";"0";"0";"0,99";"80731054";"HRANA"
"KOBASICA ZA KUHANJE 750g";"910099901";"MEAT APPETIT";"0,75";"KG";"4,69";"6,25";"0";"0";"0";"4,69";"3858892094174";"HRANA"
"KOBASICA ZA KUHANJE 750g";"910099901";"MEAT APPETIT";"0,75";"KG";"4,69";"6,25";"0";"0";"0";"4,69";"8017596129383";"HRANA"
"KOCK.POTP.VATRE PARAF.DRV32kom 188g";"017450701";"EUROGARDEN";"1";"PZ";"0,69";"0,69";"0,55";"0,55";"0,69";"0,69";"8017596069627";"PROIZVODI ZA KUÆANSTVO"
"KOCKA ZA JUHU POVRTNA 220g";"010587101";"DON JEREZ";"0,22";"KG";"1,19";"5,41";"0";"0";"0";"1,19";"8017596054968";"HRANA"
"KOCKA ZA JUHU SA MESOM 220g";"001483701";"DON JEREZ";"0,22";"KG";"1,19";"5,41";"0";"0";"0";"1,19";"8017596010377";"HRANA"
"KOCKA ZA JUHU SA MESOM 220g";"001483701";"DON JEREZ";"0,22";"KG";"1,19";"5,41";"0";"0";"0";"1,19";"8005650052302";"HRANA"
"KOCKE ZA POTPALU VATRE 48kom 273g";"001902601";"EUROGARDEN";"1";"PZ";"1,19";"1,19";"0";"0";"0";"1,19";"8008752000073";"PROIZVODI ZA KUÆANSTVO"
"KOCKE ZA POTPALU VATRE 48kom 273g";"001902601";"EUROGARDEN";"1";"PZ";"1,19";"1,19";"0";"0";"0";"1,19";"8018608000164";"PROIZVODI ZA KUÆANSTVO"
"KOCKE ZA POTPALU VATRE 48kom 273g";"001902601";"EUROGARDEN";"1";"PZ";"1,19";"1,19";"0";"0";"0";"1,19";"8017596069610";"PROIZVODI ZA KUÆANSTVO"
"KOCKICE PREPEÈENOG KRUHA 200g";"910151501";"NO BRAND";"0,2";"KG";"1,69";"8,45";"0";"0";"0";"1,59";"4000186233564";"HRANA"
"KOKICE ZA MIKROVALNU 3 kom 300g";"016357301";"MAMBO KIDS";"0,3";"KG";"1,39";"4,63";"0";"0";"0";"1,39";"8017596114334";"HRANA"
"KOKOS KOCKE XXL S&G 900g";"910189701";"NO BRAND";"0,9";"KG";"7,89";"8,77";"0";"0";"0";"7,89";"3830056445176";"HRANA"
"KOKOS kom";"080146601";"NO BRAND";"1";"PZ";"1,49";"1,49";"0";"0";"0";"1,49";"8022095003881";"HRANA"
"KOKOS kom";"080146601";"NO BRAND";"1";"PZ";"1,49";"1,49";"0";"0";"0";"1,49";"3022095001572";"HRANA"
"KOKOS ŠNITA S&G 800g";"910189801";"NO BRAND";"0,8";"KG";"6,19";"7,74";"0";"0";"0";"6,19";"3830056444896";"HRANA"
"KOLAC PANDORO BEZ LAKTOZE 700G";"018654301";"AMO ESSERE SENZA LATTOSIO";"0,7";"KG";"6,49";"9,27";"0";"0";"0";"6,49";"8017596139191";"HRANA"
"KOLAC PANETTONE BEZ LAKTOZE 700G";"018654201";"AMO ESSERE SENZA LATTOSIO";"0,7";"KG";"6,49";"9,27";"0";"0";"0";"6,49";"8017596139207";"HRANA"
"KOLAÈ JAFFA KOCKE 450g S&G";"910141701";"NO BRAND";"0,45";"KG";"4,79";"10,64";"0";"0";"0";"4,79";"3830056444605";"HRANA"
"KOLAÈ KREMŠNITA 340g";"910132201";"NO BRAND";"0,34";"KG";"3,59";"10,56";"2,49";"7,32";"3,59";"3,29";"3858894680450";"HRANA"
"KOLAÈ LEDENI VJETAR 420g";"910133201";"NO BRAND";"0,42";"KG";"5,29";"12,6";"0";"0";"0";"4,99";"3858894680146";"HRANA"
"KOLAÈ LIMUN ŠNITA 65g";"910203201";"NO BRAND";"0,065";"KG";"0,79";"12,15";"0";"0";"0";"0,79";"";"HRANA"
"KOLAÈ MAÐARICA 420g";"910132301";"NO BRAND";"0,42";"KG";"4,79";"11,4";"0";"0";"0";"4,19";"3858894680306";"HRANA"
"KOLAÈ MRAMORNI 400g";"017649401";"DOLCIANDO";"0,4";"KG";"2,29";"5,73";"0";"0";"0";"2,29";"4101540701610";"HRANA"
"KOLAÈ MRAMORNI 400g";"017649401";"DOLCIANDO";"0,4";"KG";"2,29";"5,73";"0";"0";"0";"2,29";"8017596130587";"HRANA"
"KOLAÈ PANDORO 1kg";"018193101";"DM DUCA MOSCATI";"1";"KG";"6,99";"6,99";"0";"0";"0";"6,49";"8017596105455";"HRANA"
"KOLAÈ PANDORO S KOMADIMA ÈOK.750g";"017823401";"DM DUCA MOSCATI";"0,75";"KG";"6,99";"9,32";"0";"0";"0";"5,99";"8017596105479";"HRANA"
"KOLAÈ PANDORO U VREÆICI 750g";"017453101";"DM DUCA MOSCATI";"0,75";"KG";"4,99";"6,65";"0";"0";"0";"4,49";"8017596052124";"HRANA"
"KOLAÈ PANETONE BEZ VOÆA 1kg";"018192901";"NO BRAND";"1";"KG";"6,99";"6,99";"0";"0";"0";"5,99";"8017596101204";"HRANA"
"KOLAÈ PANETONE U CEL.BEZ VOÆA 850g";"018221501";"DM DUCA MOSCATI";"0,85";"KG";"4,99";"5,87";"0";"0";"0";"4,49";"8017596054333";"HRANA"
"KOLAÈ PANETTONE 1Kg";"018192801";"NO BRAND";"1";"KG";"6,49";"6,49";"0";"0";"0";"5,99";"8017596017130";"HRANA"
"KOLAÈ PANETTONE S KOM.ÈOKO. 750g";"016902501";"DM DUCA MOSCATI";"0,75";"KG";"6,99";"9,32";"0";"0";"0";"5,99";"8017596105448";"HRANA"
"KOLAÈ PANETTONE VREÆICA KAND.850g";"017375401";"DM DUCA MOSCATI";"0,85";"KG";"4,99";"5,87";"0";"0";"0";"4,49";"8017596054326";"HRANA"
"KOLAÈ S JOGURTOM 400g";"014317701";"DOLCIANDO";"0,4";"KG";"2,29";"5,73";"0";"0";"0";"2,29";"8017596077585";"HRANA"
"KOLAÈ SOFT CAKE ÈOKOLADA 47g";"910209501";"NO BRAND";"0,047";"KG";"0,29";"6,17";"0";"0";"0";"0,29";"5310005033633";"HRANA"
"KOLAÈ STRACCIATELLA 400g";"005049202";"DOLCIANDO";"0,4";"KG";"2,19";"5,48";"0";"0";"0";"2,19";"42000198";"HRANA"
"KOLAÈ STRACCIATELLA 400g";"005049202";"DOLCIANDO";"0,4";"KG";"2,19";"5,48";"0";"0";"0";"2,19";"8017596009173";"HRANA"
"KOLAÈ ÈUPAVCI 480g";"910132101";"NO BRAND";"0,48";"KG";"5,49";"11,44";"0";"0";"0";"5,29";"3858894680368";"HRANA"
"KOLAÈ ŠARENE OBLATNE 250g";"910144001";"NO BRAND";"0,25";"KG";"4,79";"19,16";"0";"0";"0";"4,39";"3858894681150";"HRANA"
"KOLAÈ ŠNITA OD JABUKE 66g";"910203401";"NO BRAND";"0,066";"KG";"0,79";"11,97";"0";"0";"0";"0,79";"";"HRANA"
"KOLAÈ ŠNITA S JOGURT KREMOM 68g";"910203301";"NO BRAND";"0,068";"KG";"0,79";"11,62";"0";"0";"0";"0,79";"";"HRANA"
"KOLAÈ ŠUBARICE S&G 350g";"910209101";"NO BRAND";"0,35";"KG";"4,49";"12,83";"0";"0";"0";"4,49";"3830056445428";"HRANA"
"KOMORAÈ";"014306201";"NO BRAND";"1";"PZ";"0,59";"0,59";"0";"0";"0";"0,59";"8001553803171";"HRANA"
"KOMORAÈ rfz";"080056801";"NO BRAND";"1";"KG";"1,69";"1,69";"0";"0";"0";"1,69";"";"HRANA"
"KOMPOT ANANAS KOMADIÆI 565g/340g";"014866401";"PUERTOSOL";"0,34";"KG";"1,99";"5,85";"0";"0";"0";"1,79";"8017596103086";"HRANA"
"KOMPOT BRESKVA 825g/480g";"008476101";"PUERTOSOL";"0,48";"KG";"2,29";"4,77";"0";"0";"0";"2,29";"5203347011196";"HRANA"
"KOMPOT BRESKVA 825g/480g";"008476101";"PUERTOSOL";"0,48";"KG";"2,29";"4,77";"0";"0";"0";"2,29";"8017596014207";"HRANA"
"KOMPOT BRESKVA 825g/480g";"008476101";"PUERTOSOL";"0,48";"KG";"2,29";"4,77";"0";"0";"0";"2,29";"8017596103284";"HRANA"
"KOMPOT BRESKVA 825g/480g";"008476101";"PUERTOSOL";"0,48";"KG";"2,29";"4,77";"0";"0";"0";"2,29";"8017596122261";"HRANA"
"KOMPOT VIŠNJA 680g/340g";"900423401";"PUERTOSOL";"0,68";"KG";"1,85";"2,72";"0";"0";"0";"1,85";"3858885874059";"HRANA"
"KOMPOT VIŠNJA 680g/340g";"900423401";"PUERTOSOL";"0,68";"KG";"1,85";"2,72";"0";"0";"0";"1,85";"8017596110954";"HRANA"
"KOMPOT VO²NA SALATA 410g/250g";"018353401";"NO BRAND";"0,25";"KG";"1,39";"5,56";"0";"0";"0";"1,39";"8017596102966";"HRANA"
"KONDENZIRANO ZASLAÐENO MLIJEKO 300g";"016480002";"LAND";"0,3";"KG";"2,09";"6,97";"0";"0";"0";"2,09";"8017596119520";"HRANA"
"KONFETE BADEM 500g";"014853801";"DOLCIANDO";"0,5";"KG";"3,98";"7,96";"0";"0";"0";"3,98";"8017596102973";"HRANA"
"KONZERVANS 8g";"900475301";"NO BRAND";"0,01";"KG";"0,19";"19";"0";"0";"0";"0,19";"3859893282539";"HRANA"
"KORABA rfz";"080159701";"NO BRAND";"1";"KG";"1,89";"1,89";"0";"0";"0";"1,89";"";"HRANA"
"KORE ZA KREMŠNITE 400g";"900473301";"NO BRAND";"0,4";"KG";"2,59";"6,48";"0";"0";"0";"2,39";"8606015916217";"HRANA"
"KORE ZA MAÐARICU 420G";"910188301";"NO BRAND";"0,42";"KG";"2,59";"6,17";"2,19";"5,21";"2,59";"2,59";"5999885927135";"HRANA"
"KOREKTOR U STICKU";"016845601";"FIOR DI MAGNOLIA";"1";"PZ";"3,39";"3,39";"0";"0";"0";"3,39";"8017596104984";"KOZMETIKA"
"KOREKTOR U STICKU";"016845601";"FIOR DI MAGNOLIA";"1";"PZ";"3,39";"3,39";"0";"0";"0";"3,39";"8017596104977";"KOZMETIKA"
"KORNET BRUSSELS 180ml-110g";"910168801";"NO BRAND";"0,11";"KG";"1,29";"11,73";"0";"0";"0";"1,29";"5310079004089";"HRANA"
"KORNET MADAGASKAR 180ml-110g";"910168701";"NO BRAND";"0,11";"KG";"1,29";"11,73";"0";"0";"0";"1,29";"5310079004072";"HRANA"
"KORNET VANILIJA 125ml/67g";"910082901";"DOLCIANDO";"0,067";"KG";"0,59";"8,81";"0";"0";"0";"0,59";"3877000945221";"HRANA"
"KORNET VANILIJA 125ml/67g";"910082901";"DOLCIANDO";"0,067";"KG";"0,59";"8,81";"0";"0";"0";"0,59";"24103220";"HRANA"
"KORNET ÈOKOLADA 125ml/67g";"910083001";"DOLCIANDO";"0,067";"KG";"0,59";"8,81";"0";"0";"0";"0,59";"3877000945245";"HRANA"
"KORNET ÈOKOLADA 125ml/67g";"910083001";"DOLCIANDO";"0,067";"KG";"0,59";"8,81";"0";"0";"0";"0,59";"24103237";"HRANA"
"KORNET ŠUMSKO VOÆE 125ml/67g";"910083101";"DOLCIANDO";"0,067";"KG";"0,59";"8,81";"0";"0";"0";"0,59";"3877000945238";"HRANA"
"KORNET ŠUMSKO VOÆE 125ml/67g";"910083101";"DOLCIANDO";"0,067";"KG";"0,59";"8,81";"0";"0";"0";"0,59";"24103244";"HRANA"
"KORNETI  ZA SLADOLED 10KOM 50g";"910204801";"NO BRAND";"0,5";"KG";"0,69";"1,38";"0,59";"1,18";"0,69";"0,69";"3859892892999";"HRANA"
"KOZICE ARGENTINSKE 800g";"007792501";"ONDINA";"0,8";"KG";"12,99";"16,24";"0";"0";"0";"12,99";"5602489003395";"HRANA"
"KOZICE ARGENTINSKE 800g";"007792501";"ONDINA";"0,8";"KG";"12,99";"16,24";"0";"0";"0";"12,99";"5602489003333";"HRANA"
"KOZICE ARGENTINSKE 800g";"007792501";"ONDINA";"0,8";"KG";"12,99";"16,24";"0";"0";"0";"12,99";"5602489007461";"HRANA"
"KOZICE ARGENTINSKE 800g";"007792501";"ONDINA";"0,8";"KG";"12,99";"16,24";"0";"0";"0";"12,99";"5602489007454";"HRANA"
"KOZICE ARGENTINSKE 800g";"007792501";"ONDINA";"0,8";"KG";"12,99";"16,24";"0";"0";"0";"12,99";"5602489007485";"HRANA"
"KOZICE ARGENTINSKE 800g";"007792501";"ONDINA";"0,8";"KG";"12,99";"16,24";"0";"0";"0";"12,99";"5602489007294";"HRANA"
"KOZICE ARGENTINSKE 800g";"007792501";"ONDINA";"0,8";"KG";"12,99";"16,24";"0";"0";"0";"12,99";"5602489007270";"HRANA"
"KOZICE ARGENTINSKE 800g";"007792501";"ONDINA";"0,8";"KG";"12,99";"16,24";"0";"0";"0";"12,99";"5602489003166";"HRANA"
"KOZICE ARGENTINSKE 800g";"007792501";"ONDINA";"0,8";"KG";"12,99";"16,24";"0";"0";"0";"12,99";"8017596040121";"HRANA"
"KOZICE PROKUHANE 300g";"900446701";"NO BRAND";"0,3";"KG";"4,79";"15,97";"0";"0";"0";"4,79";"3857500084743";"HRANA"
"KOŠARICE ZA PRINCES KRAFNE 130G";"910188401";"NO BRAND";"0,13";"KG";"2,59";"19,92";"2,19";"16,85";"2,59";"2,59";"5999885927012";"HRANA"
"KRAFNA BOROVNICA 4kom 240g";"910177601";"NO BRAND";"0,24";"KG";"3,19";"13,29";"0";"0";"0";"3,19";"3830085170964";"HRANA"
"KRAFNA MARELICA 60g";"910202801";"NO BRAND";"0,06";"KG";"0,55";"9,17";"0";"0";"0";"0,55";"";"HRANA"
"KRAFNA TROJNI ÈOKO 4kom 300g";"910177501";"NO BRAND";"0,3";"KG";"3,69";"12,3";"0";"0";"0";"3,69";"3830085170513";"HRANA"
"KRAFNE 8KOM 300g";"013089101";"DOLCIANDO";"0,3";"KG";"2,19";"7,3";"0";"0";"0";"2,19";"8017596070463";"HRANA"
"KRAFNE S KREMOM 252g";"018078901";"DOLCIANDO";"0,252";"KG";"1,99";"7,9";"0";"0";"0";"1,99";"8017596130419";"HRANA"
"KRAFNE S ÈOKOLA.KREMOM 252g";"018079001";"DOLCIANDO";"0,252";"KG";"1,99";"7,9";"0";"0";"0";"1,99";"8017596130426";"HRANA"
"KRAKOVI HUMBOLDTOVOG LIGNJUNA 400g";"900510701";"NO BRAND";"0,4";"KG";"3,89";"9,73";"3,19";"7,98";"3,89";"3,89";"3859893776380";"HRANA"
"KRANJSKA KOBASICA 320g";"910085101";"MEAT APPETIT";"0,32";"KG";"2,79";"8,72";"0";"0";"0";"2,79";"3859893850080";"HRANA"
"KRANJSKA KOBASICA 320g";"910085101";"MEAT APPETIT";"0,32";"KG";"2,79";"8,72";"0";"0";"0";"2,79";"8017596129352";"HRANA"
"KRANJSKA KOBASICA 640g";"910085201";"MEAT APPETIT";"0,64";"KG";"4,99";"7,8";"0";"0";"0";"4,99";"3859893850097";"HRANA"
"KRANJSKA KOBASICA 640g";"910085201";"MEAT APPETIT";"0,64";"KG";"4,99";"7,8";"0";"0";"0";"4,99";"8017596129369";"HRANA"
"KRASTAVAC";"014304601";"NO BRAND";"1";"PZ";"0,59";"0,59";"0";"0";"0";"0,59";"8001553802600";"HRANA"
"KRASTAVAC";"014304801";"NO BRAND";"1";"PZ";"0,59";"0,59";"0";"0";"0";"0,59";"8001553802648";"HRANA"
"KRASTAVAC SALATAR kom";"080524301";"NO BRAND";"1";"PZ";"0,89";"0,89";"0";"0";"0";"0,89";"8033650133264";"HRANA"
"KRASTAVAC SALATAR kom";"080524301";"NO BRAND";"1";"PZ";"0,89";"0,89";"0";"0";"0";"0,89";"3859892765255";"HRANA"
"KRASTAVAC rfz";"080055801";"NO BRAND";"1";"KG";"1,49";"1,49";"0";"0";"0";"1,89";"";"HRANA"
"KRASTAVCI KISELI 670g/360g";"900419301";"SUNNY NATURE";"0,67";"KG";"1,59";"2,37";"0";"0";"0";"1,59";"8017596111548";"HRANA"
"KRASTAVCI KISELI 670g/360g";"900419301";"SUNNY NATURE";"0,67";"KG";"1,59";"2,37";"0";"0";"0";"1,59";"5310246001279";"HRANA"
"KRASTAVCI KISELI 670g/370g";"009232702";"VARIAGUSTO";"0,37";"KG";"1,89";"5,11";"0";"0";"0";"1,89";"8017596110749";"HRANA"
"KRASTAVCI KISELI U VIN.OC.545g/300g";"010465202";"VARIAGUSTO";"0,3";"KG";"1,79";"5,97";"1,49";"4,97";"1,79";"1,79";"8017596110732";"HRANA"
"KREKER OD RIŽE PREL.ÈOKOL.BIO 100g";"016203601";"AMO ESSERE BIO";"0,1";"KG";"2,29";"22,9";"0";"0";"0";"1,99";"8017596112699";"HRANA"
"KREKER OD RIŽE PREL.ÈOKOL.BIO 100g";"016203601";"AMO ESSERE BIO";"0,1";"KG";"2,29";"22,9";"0";"0";"0";"1,99";"8017596112705";"HRANA"
"KREKER OD RIŽE PREL.ÈOKOL.BIO 100g";"016203601";"AMO ESSERE BIO";"0,1";"KG";"2,29";"22,9";"0";"0";"0";"1,99";"8017596112712";"HRANA"
"KREKER SLANI 3 kom 300g";"011853001";"MAMBO KIDS";"0,3";"KG";"1,59";"5,3";"0";"0";"0";"1,49";"8017596063991";"HRANA"
"KREKERI BEZ GLUTENA 240g";"018029201";"AMO ESSERE SENZA GLUTINE";"0,24";"KG";"1,99";"8,29";"0";"0";"0";"1,99";"8017596107671";"HRANA"
"KREKERI BEZ ZRNA SOLI 500g";"010445301";"TRE MULINI";"0,5";"KG";"1,89";"3,78";"0";"0";"0";"1,79";"8017596053299";"HRANA"
"KREKERI CROSTINI MASLINOVO ULJE100g";"017151701";"TRE MULINI";"0,1";"KG";"1,29";"12,9";"0";"0";"0";"1,29";"8017596120342";"HRANA"
"KREKERI INTEGRALNI 500g";"006760301";"TRE MULINI";"0,5";"KG";"1,99";"3,98";"1,39";"2,78";"1,99";"1,89";"8017596005298";"HRANA"
"KREKERI MINI RAZLIÈITI OBLICI 250g";"016068901";"MAMBO KIDS";"0,25";"KG";"1,59";"6,36";"0";"0";"0";"1,39";"8017596113276";"HRANA"
"KREKERI OD HELJDE B/GLUTENA BIO100g";"018633601";"NO BRAND";"0,1";"KG";"1,69";"16,9";"0";"0";"0";"1,69";"8002885008388";"HRANA"
"KREKERI OD RIŽE BEZ GLUTENA 200g";"017592401";"AMO ESSERE SENZA GLUTINE";"0,2";"KG";"1,99";"9,95";"0";"0";"0";"1,89";"8017596124623";"HRANA"
"KREKERI RAŽENI SA SEZAMOM 250g";"013862001";"TRE MULINI";"0,25";"KG";"1,39";"5,56";"0";"0";"0";"1,29";"4009176041011";"HRANA"
"KREKERI RAŽENI SA SEZAMOM 250g";"013862001";"TRE MULINI";"0,25";"KG";"1,39";"5,56";"0";"0";"0";"1,29";"8017596107473";"HRANA"
"KREKERI S CIKLOM 130g";"910175901";"NO BRAND";"0,13";"KG";"2,29";"17,62";"0";"0";"0";"2,29";"4771218201751";"HRANA"
"KREKERI S MASLINOVIM ULJEM 250g";"012227201";"TRE MULINI";"0,25";"KG";"1,29";"5,16";"0";"0";"0";"1,29";"8017596066077";"HRANA"
"KREKERI S RAJÈICOM I BOSILJKOM 130g";"910176301";"NO BRAND";"0,13";"KG";"2,29";"17,62";"0";"0";"0";"2,29";"4771218200969";"HRANA"
"KREKERI SA SIROM I ÈEŠNJAKOM 130g";"910176001";"NO BRAND";"0,13";"KG";"2,29";"17,62";"0";"0";"0";"2,29";"4771218200198";"HRANA"
"KREKERI SA SJEMENKAMA SEZAMA 130g";"910176201";"NO BRAND";"0,13";"KG";"2,29";"17,62";"0";"0";"0";"2,29";"4771218201447";"HRANA"
"KREKERI SIR/ RAJÈICA/ BOSILJAK 130g";"910176101";"NO BRAND";"0,13";"KG";"2,29";"17,62";"0";"0";"0";"2,29";"4771218201935";"HRANA"
"KREKERI SLANI 500g";"006759501";"TRE MULINI";"0,5";"KG";"1,99";"3,98";"1,39";"2,78";"1,99";"1,89";"8017596005281";"HRANA"
"KREM JUHA BUNDEVA I MRKVA 600g";"015977201";"DELIZIE DAL SOLE";"0,6";"KG";"2,19";"3,65";"0";"0";"0";"2,19";"8017596046048";"HRANA"
"KREM JUHA OD BUNDEVE I MRKVE 620g";"080052901";"NO BRAND";"0,62";"KG";"2,69";"4,34";"0";"0";"0";"2,69";"9999999999994";"HRANA"
"KREM JUHA OD BUNDEVE I MRKVE 620g";"080052901";"NO BRAND";"0,62";"KG";"2,69";"4,34";"0";"0";"0";"2,69";"9999999999994";"HRANA"
"KREM JUHA OD BUNDEVE I MRKVE 620g";"080052901";"NO BRAND";"0,62";"KG";"2,69";"4,34";"0";"0";"0";"2,69";"8014190017092";"HRANA"
"KREM JUHA OD SPARGOGA 90g";"016978801";"TRE MULINI";"0,09";"KG";"0,89";"9,89";"0";"0";"0";"0,89";"8017596017079";"HRANA"
"KREM JUHA OD VRGANJA 70g";"910022001";"EAT EASY AND TASTY";"0,07";"KG";"0,69";"9,86";"0";"0";"0";"0,69";"8017596111401";"HRANA"
"KREM JUHA OD VRGANJA 90g";"016979301";"TRE MULINI";"0,09";"KG";"0,89";"9,89";"0";"0";"0";"0,89";"8017596017062";"HRANA"
"KREM JUHA OD ŠPAROGA 620g";"080052601";"NO BRAND";"0,62";"KG";"2,69";"4,34";"0";"0";"0";"2,69";"9999999999994";"HRANA"
"KREM JUHA OD ŠPAROGA 620g";"080052601";"NO BRAND";"0,62";"KG";"2,69";"4,34";"0";"0";"0";"2,69";"8014190017061";"HRANA"
"KREM NAMAZ DUO 400g";"004530201";"DOLCIANDO";"0,4";"KG";"1,99";"4,98";"0";"0";"0";"1,99";"80176565";"HRANA"
"KREM NAMAZ DUO 400g";"004530201";"DOLCIANDO";"0,4";"KG";"1,99";"4,98";"0";"0";"0";"1,99";"8017596009791";"HRANA"
"KREM NAMAZ DUO 400g";"910145901";"NO BRAND";"0,4";"KG";"1,99";"4,98";"0";"0";"0";"1,89";"3871071003934";"HRANA"
"KREM NAMAZ DUO 750g";"910146101";"NO BRAND";"0,75";"KG";"3,69";"4,92";"0";"0";"0";"3,69";"3871071003910";"HRANA"
"KREM NAMAZ KAKAO 750g";"910146201";"NO BRAND";"0,75";"KG";"3,69";"4,92";"0";"0";"0";"3,69";"3871071003927";"HRANA"
"KREM NAMAZ MLIJEÈNI 400g";"910146001";"NO BRAND";"0,4";"KG";"1,89";"4,73";"0";"0";"0";"1,89";"3871071003941";"HRANA"
"KREMA LIFTING/ANTIAGE 50ml";"011040101";"FIOR DI MAGNOLIA";"0,05";"LT";"3,59";"71,8";"0";"0";"0";"3,59";"8017596057860";"KOZMETIKA"
"KREMA LIFTING/ANTIAGE 50ml";"011040101";"FIOR DI MAGNOLIA";"0,05";"LT";"3,59";"71,8";"0";"0";"0";"3,59";"8017596057853";"KOZMETIKA"
"KREMA LJEŠNJAK I GRISINI 2 kom 110g";"017365801";"DOLCIANDO";"0,11";"KG";"1,59";"14,45";"0";"0";"0";"1,59";"8017596126825";"HRANA"
"KREMA SOFT TIJELO I RUKE V.V.300ml";"017640501";"FIOR DI MAGNOLIA";"0,3";"LT";"1,85";"6,17";"0";"0";"0";"1,85";"8017596130303";"KOZMETIKA"
"KREMA SOFT TIJELO I RUKE V.V.300ml";"017640501";"FIOR DI MAGNOLIA";"0,3";"LT";"1,85";"6,17";"0";"0";"0";"1,85";"8017596130297";"KOZMETIKA"
"KREMA ZA DJECU CINK OKSID BIO 100ml";"016982301";"HELLO BABY";"0,1";"LT";"2,49";"24,9";"0";"0";"0";"2,49";"8017596079305";"KOZMETIKA"
"KREMA ZA DJECU HIDRATANTNA ECO100ml";"016982401";"HELLO BABY";"0,1";"LT";"2,49";"24,9";"0";"0";"0";"2,49";"8017596079299";"KOZMETIKA"
"KREMA ZA LICE BIO ECO 50ml";"014319501";"AMO ESSERE ECO";"0,05";"LT";"2,59";"51,8";"0";"0";"0";"2,59";"8017596077806";"KOZMETIKA"
"KREMA ZA LICE HIDRAT/HRANJIV 50ml";"011040001";"FIOR DI MAGNOLIA";"0,05";"LT";"2,65";"53";"0";"0";"0";"2,65";"8017596057884";"KOZMETIKA"
"KREMA ZA LICE HIDRAT/HRANJIV 50ml";"011040001";"FIOR DI MAGNOLIA";"0,05";"LT";"2,65";"53";"0";"0";"0";"2,65";"8017596057877";"KOZMETIKA"
"KREMA ZA RAVNU/KOVRCAVU KOSU 200ml";"016407201";"COLOR LOOK";"0,2";"LT";"2,99";"14,95";"0";"0";"0";"2,65";"8017596115522";"KOZMETIKA"
"KREMA ZA RAVNU/KOVRCAVU KOSU 200ml";"016407201";"COLOR LOOK";"0,2";"LT";"2,99";"14,95";"0";"0";"0";"2,65";"8017596115539";"KOZMETIKA"
"KREMA ZA RUKE BIO 100ml";"014302901";"AMO ESSERE ECO";"0,1";"LT";"1,79";"17,9";"0";"0";"0";"1,79";"8017596077813";"KOZMETIKA"
"KREMA ZA RUKE BRZO UPIJANJE 125ml";"012486801";"FIOR DI MAGNOLIA";"0,125";"LT";"1,39";"11,12";"0";"0";"0";"1,39";"8017596067548";"KOZMETIKA"
"KREMA ZA RUKE SUHA KOŽA 100ml";"012664801";"FIOR DI MAGNOLIA";"0,1";"LT";"1,49";"14,9";"0";"0";"0";"1,49";"8017596067654";"KOZMETIKA"
"KREMA ZA STOPALA UREA 10% 100ml";"017600401";"LA NUOVA PHARMACIA";"0,1";"LT";"1,39";"13,9";"0";"0";"0";"1,39";"24102414";"KOZMETIKA"
"KREMA ZA TIJELO HIDRAT/HRANJ 400ml";"018600001";"FIOR DI MAGNOLIA";"0,4";"LT";"2,39";"5,98";"0";"0";"0";"2,39";"8017596138774";"KOZMETIKA"
"KREMA ZA TIJELO HIDRAT/HRANJ 400ml";"018600001";"FIOR DI MAGNOLIA";"0,4";"LT";"2,39";"5,98";"0";"0";"0";"2,39";"8017596138781";"KOZMETIKA"
"KREMA ZA ÈIŠÆENJE LIMUN 750ml";"016929301";"DEXAL";"0,75";"LT";"1,29";"1,72";"0";"0";"0";"1,29";"8017596071903";"SREDSTVA ZA ÈIŠÆENJE"
"KREMŠNITA XXL S&G 600g";"910189901";"NO BRAND";"0,6";"KG";"4,99";"8,32";"0";"0";"0";"4,99";"3830056444902";"HRANA"
"KROK.ZA MAÈKE PREMIUM 2 VRSTE 800g";"013360001";"RADAMES";"0,8";"KG";"2,79";"3,49";"0";"0";"0";"2,99";"8017596059147";"PROIZVODI ZA KUÆANSTVO"
"KROK.ZA MAÈKE PREMIUM 2 VRSTE 800g";"013360001";"RADAMES";"0,8";"KG";"2,79";"3,49";"0";"0";"0";"2,99";"8017596016768";"PROIZVODI ZA KUÆANSTVO"
"KROK.ZA MAÈKE PREMIUM 2 VRSTE 800g";"013360001";"RADAMES";"0,8";"KG";"2,79";"3,49";"0";"0";"0";"2,99";"8017596102713";"PROIZVODI ZA KUÆANSTVO"
"KROK.ZA MLADE PSE PREM.2-12mj.1,5kg";"014890301";"RADAMES";"1,5";"KG";"3,49";"2,33";"0";"0";"0";"3,19";"8017596102041";"PROIZVODI ZA KUÆANSTVO"
"KROKETI OD KRUMPIRA ZA PEÆNICU 600g";"015060501";"DELIZIE DAL SOLE";"0,6";"KG";"2,09";"3,48";"0";"0";"0";"2,09";"8017596042293";"HRANA"
"KROKETI PREMIUM STERIL.MAÈ.800g";"012678901";"RADAMES";"0,8";"KG";"2,79";"3,49";"0";"0";"0";"2,99";"8011789891712";"PROIZVODI ZA KUÆANSTVO"
"KROKETI PREMIUM STERIL.MAÈ.800g";"012678901";"RADAMES";"0,8";"KG";"2,79";"3,49";"0";"0";"0";"2,99";"8017596077851";"PROIZVODI ZA KUÆANSTVO"
"KROKETI ZA MACKE P.A.PASTRVA 800g";"018371001";"RADAMES";"0,8";"KG";"3,39";"4,24";"0";"0";"0";"3,39";"8017596136725";"PROIZVODI ZA KUÆANSTVO"
"KROKETI ZA MAÈKE PIL/PUR/POV 2kg";"010491501";"RADAMES";"2";"KG";"3,45";"1,73";"0";"0";"0";"3,45";"8017596010469";"PROIZVODI ZA KUÆANSTVO"
"KROKETI ZA MLADE MACKE 500g";"018371101";"RADAMES";"0,5";"KG";"1,69";"3,38";"0";"0";"0";"1,69";"8017596136732";"PROIZVODI ZA KUÆANSTVO"
"KROKETI ZA PSE 10kg";"010375301";"RADAMES";"10";"KG";"9,99";"1";"0";"0";"0";"9,99";"8017596052704";"PROIZVODI ZA KUÆANSTVO"
"KROKETI ZA PSE PREMIUM 5kg";"011339801";"RADAMES";"5";"KG";"8,49";"1,7";"0";"0";"0";"7,99";"8017596059390";"PROIZVODI ZA KUÆANSTVO"
"KROKETI ZA PSE PREMIUM 5kg";"011339801";"RADAMES";"5";"KG";"8,49";"1,7";"0";"0";"0";"7,99";"8017596059406";"PROIZVODI ZA KUÆANSTVO"
"KROKETI ZA PSE PREMIUM M 2kg";"009681101";"RADAMES";"2";"KG";"3,65";"1,83";"0";"0";"0";"3,59";"8017596018748";"PROIZVODI ZA KUÆANSTVO"
"KROKETI ZA PSE PREMIUM M 2kg";"009681101";"RADAMES";"2";"KG";"3,65";"1,83";"0";"0";"0";"3,59";"8017596102720";"PROIZVODI ZA KUÆANSTVO"
"KROKETI ZA PSE PREMIUM S 1,5kg";"012793101";"RADAMES";"1,5";"KG";"2,99";"1,99";"0";"0";"0";"2,99";"8017596114037";"PROIZVODI ZA KUÆANSTVO"
"KROKETI ZA PSE PREMIUM S 1,5kg";"012793101";"RADAMES";"1,5";"KG";"2,99";"1,99";"0";"0";"0";"2,99";"8001541003453";"PROIZVODI ZA KUÆANSTVO"
"KROKETI ZA PSE PREMIUM S 1,5kg";"012793101";"RADAMES";"1,5";"KG";"2,99";"1,99";"0";"0";"0";"2,99";"8017596077844";"PROIZVODI ZA KUÆANSTVO"
"KROKETI ZA STERIL.MAC.LOSOS 800g";"018373101";"RADAMES";"0,8";"KG";"2,79";"3,49";"0";"0";"0";"2,79";"8017596136770";"PROIZVODI ZA KUÆANSTVO"
"KRPA BRISA. PODA MICROF.ECO 40x60cm";"017417501";"SISTEMA CASA";"1";"PZ";"1,49";"1,49";"0";"0";"0";"1,49";"8017596123329";"PROIZVODI ZA KUÆANSTVO"
"KRPA ZA BRISANJE PODA CLASSICO";"015678001";"SISTEMA CASA";"1";"PZ";"1,09";"1,09";"0";"0";"0";"1,06";"8017596072252";"PROIZVODI ZA KUÆANSTVO"
"KRPE ZA BRISANJE DRVENIH POVR 12kom";"011729701";"SISTEMA CASA";"1";"PZ";"1,79";"1,79";"0";"0";"0";"1,79";"8017596063564";"PROIZVODI ZA KUÆANSTVO"
"KRPE ZA BRISANJE PODA 12kom";"011729201";"SISTEMA CASA";"1";"PZ";"1,79";"1,79";"0";"0";"0";"1,79";"8017596063540";"PROIZVODI ZA KUÆANSTVO"
"KRPE ZA BRISANJE PODA 40x50cm 3kom";"011966001";"SISTEMA CASA";"1";"PZ";"1,59";"1,59";"0";"0";"0";"1,59";"8017596066053";"PROIZVODI ZA KUÆANSTVO"
"KRPE ZA BRISANJE PRASINE 3D 24kom";"017900201";"SISTEMA CASA";"1";"PZ";"1,59";"1,59";"0";"0";"0";"1,59";"8017596106070";"PROIZVODI ZA KUÆANSTVO"
"KRPE ZA BRISANJE PRAŠINE 6kom";"011006801";"SISTEMA CASA";"1";"PZ";"1,09";"1,09";"0";"0";"0";"1,09";"8017596051745";"PROIZVODI ZA KUÆANSTVO"
"KRUH 5 ŽITARICA 500g";"910202601";"NO BRAND";"0,5";"KG";"1,49";"2,98";"0";"0";"0";"1,49";"3858884920276";"HRANA"
"KRUH BAGUETTE BIJELI 300g";"017628201";"NO BRAND";"0,25";"KG";"0,65";"2,6";"0";"0";"0";"0,65";"";"HRANA"
"KRUH BEZ GLUT.S RIŽA/HELJDA BR.250g";"017480701";"AMO ESSERE SENZA GLUTINE";"0,25";"KG";"2,29";"9,16";"0";"0";"0";"2,29";"8017596124678";"HRANA"
"KRUH BEZ GLUTENA 300g";"014028401";"AMO ESSERE SENZA GLUTINE";"0,3";"KG";"2,29";"7,63";"0";"0";"0";"1,99";"8017596075543";"HRANA"
"KRUH BEZ KVASCA BIJELI 400g";"910103101";"NO BRAND";"0,4";"KG";"1,39";"3,48";"0";"0";"0";"1,45";"";"HRANA"
"KRUH BEZ KVASCA KUKUR.MIJEŠANI 400g";"910102901";"NO BRAND";"0,4";"KG";"1,55";"3,88";"0";"0";"0";"1,45";"";"HRANA"
"KRUH BEZ KVASCA SA SJEMENKAMA 400g";"910103001";"NO BRAND";"0,4";"KG";"1,39";"3,48";"0,99";"2,48";"1,39";"1,39";"";"HRANA"
"KRUH BIJELI REZANI PAK 650g";"910032001";"NO BRAND";"0,65";"KG";"1,29";"1,98";"0";"0";"0";"1,29";"3859892986124";"HRANA"
"KRUH CIABATTA KUKURUZNA MIJEŠ 300g";"910119601";"NO BRAND";"0,3";"KG";"0,99";"3,3";"0";"0";"0";"0,93";"3859890755449";"HRANA"
"KRUH DOMAÆI RUSTIKALNI BIJELI 420g";"910160301";"NO BRAND";"0,42";"KG";"1,59";"3,79";"0";"0";"0";"1,59";"";"HRANA"
"KRUH DURUM 400g.";"910080001";"NO BRAND";"0,4";"KG";"1,89";"4,73";"0";"0";"0";"1,89";"";"HRANA"
"KRUH INTEGRALNI 400g";"011840801";"TRE MULINI";"0,4";"KG";"0,99";"2,48";"0";"0";"0";"0,99";"8017596053039";"HRANA"
"KRUH KUKURUZ.MIJEŠANI REZ.PAK 500g";"910032201";"NO BRAND";"0,5";"KG";"1,49";"2,98";"0";"0";"0";"1,39";"3859892986230";"HRANA"
"KRUH PANJ 400g";"910131701";"NO BRAND";"0,4";"KG";"1,79";"4,48";"0";"0";"0";"1,79";"";"HRANA"
"KRUH PLANINSKI 500g";"910155901";"NO BRAND";"0,5";"KG";"1,39";"2,78";"0";"0";"0";"1,39";"";"HRANA"
"KRUH POLUBIJELI REZANI PAK 700g";"910032101";"NO BRAND";"0,7";"KG";"1,19";"1,7";"0";"0";"0";"1,19";"3859892986209";"HRANA"
"KRUH RAŽENI 600g";"910156001";"NO BRAND";"0,6";"KG";"1,89";"3,15";"1,29";"2,15";"1,89";"1,89";"";"HRANA"
"KRUH RAŽENI MIJEŠANI REZANI 500g";"910032301";"NO BRAND";"0,5";"KG";"1,29";"2,58";"0";"0";"0";"1,29";"3859892986056";"HRANA"
"KRUH S INTEGRALNIM BRAŠNOM 350g";"017070301";"TRE MULINI";"0,35";"KG";"1,29";"3,69";"0";"0";"0";"1,29";"8017596122506";"HRANA"
"KRUH SA SJEMENKAMA 400g";"910020201";"NO BRAND";"0,4";"KG";"1,99";"4,98";"0";"0";"0";"1,99";"8606018739004";"HRANA"
"KRUH SA SJEMENKAMA 400g";"910020201";"NO BRAND";"0,4";"KG";"1,99";"4,98";"0";"0";"0";"1,99";"3858885563496";"HRANA"
"KRUH SA SJEMENKAMA S KIS. TIJ. 450g";"910218001";"NO BRAND";"0,45";"KG";"1,99";"4,42";"0";"0";"0";"1,99";"";"HRANA"
"KRUH ZA HOT DOG 4/1 250g";"008878301";"TRE MULINI";"0,25";"KG";"0,99";"3,96";"0";"0";"0";"0,99";"4009249022831";"HRANA"
"KRUH ZA HOT DOG 4/1 250g";"008878301";"TRE MULINI";"0,25";"KG";"0,99";"3,96";"0";"0";"0";"0,99";"8017596013699";"HRANA"
"KRUH ZA SENDVIÈE 250g";"011555701";"TRE MULINI";"0,25";"KG";"1,29";"5,16";"0";"0";"0";"1,29";"8017596000910";"HRANA"
"KRUH ZA SENDVIÈE AMERICAN 750g";"012671901";"TRE MULINI";"0,75";"KG";"1,69";"2,25";"0";"0";"0";"1,69";"8017596062253";"HRANA"
"KRUH ZLATNI KORIJEN 300g";"910019901";"NO BRAND";"0,3";"KG";"1,55";"5,17";"0";"0";"0";"1,55";"";"HRANA"
"KRUMPIR 2kg";"080085201";"NO BRAND";"2";"KG";"1,29";"0,65";"0";"0";"0";"1,79";"9999999999994";"HRANA"
"KRUMPIR 2kg";"080085201";"NO BRAND";"2";"KG";"1,29";"0,65";"0";"0";"0";"1,79";"3859891443710";"HRANA"
"KRUMPIR 2kg";"080085201";"NO BRAND";"2";"KG";"1,29";"0,65";"0";"0";"0";"1,79";"3859891949717";"HRANA"
"KRUMPIR 2kg";"080085201";"NO BRAND";"2";"KG";"1,29";"0,65";"0";"0";"0";"1,79";"3859891088027";"HRANA"
"KRUMPIR 4kg";"080041101";"NO BRAND";"4";"KG";"4,99";"1,25";"0";"0";"0";"4,99";"9999999999994";"HRANA"
"KRUMPIR 4kg";"080041101";"NO BRAND";"4";"KG";"4,99";"1,25";"0";"0";"0";"4,99";"7225";"HRANA"
"KRUMPIR 4kg";"080041101";"NO BRAND";"4";"KG";"4,99";"1,25";"0";"0";"0";"4,99";"3859891949724";"HRANA"
"KRUMPIR 4kg";"080041101";"NO BRAND";"4";"KG";"4,99";"1,25";"0";"0";"0";"4,99";"3859891088973";"HRANA"
"KRUMPIR 4kg";"080041101";"NO BRAND";"4";"KG";"4,99";"1,25";"0";"0";"0";"4,99";"8028772001904";"HRANA"
"KRUMPIR 5kg";"080220301";"NO BRAND";"5";"KG";"3,99";"0,8";"0";"0";"0";"3,99";"3859891443208";"HRANA"
"KRUMPIR 5kg";"080220301";"NO BRAND";"5";"KG";"3,99";"0,8";"0";"0";"0";"3,99";"3859891949052";"HRANA"
"KRUMPIR 5kg";"080220301";"NO BRAND";"5";"KG";"3,99";"0,8";"0";"0";"0";"3,99";"3859891088058";"HRANA"
"KRUMPIR 5kg";"080220301";"NO BRAND";"5";"KG";"3,99";"0,8";"0";"0";"0";"3,99";"3859893051050";"HRANA"
"KRUMPIR REZANI PREDPRŽENI 1kg";"011395501";"DELIZIE DAL SOLE";"1";"KG";"2,69";"2,69";"0";"0";"0";"2,49";"8017596042378";"HRANA"
"KRUMPIR RFS";"080059201";"NO BRAND";"1";"KG";"0,89";"0,89";"0";"0";"0";"0,79";"";"HRANA"
"KRUMPIR ZA KUHANJE 3kg";"080185901";"NO BRAND";"3";"KG";"2,79";"0,93";"0";"0";"0";"2,79";"9999999999994";"HRANA"
"KRUMPIR ZA KUHANJE 3kg";"080185901";"NO BRAND";"3";"KG";"2,79";"0,93";"0";"0";"0";"2,79";"3859891088980";"HRANA"
"KRUMPIR ZA KUHANJE 3kg";"080185901";"NO BRAND";"3";"KG";"2,79";"0,93";"0";"0";"0";"2,79";"3859891443482";"HRANA"
"KRUMPIR ZA KUHANJE 3kg";"080185901";"NO BRAND";"3";"KG";"2,79";"0,93";"0";"0";"0";"2,79";"3859891949564";"HRANA"
"KRUMPIR ZA KUHANJE 3kg";"080185901";"NO BRAND";"3";"KG";"2,79";"0,93";"0";"0";"0";"2,79";"3859893051371";"HRANA"
"KRUMPIR ZA PEÈENJE 3kg";"080464701";"NO BRAND";"3";"KG";"2,79";"0,93";"0";"0";"0";"2,79";"3859891088997";"HRANA"
"KRUMPIR ZA PEÈENJE 3kg";"080464701";"NO BRAND";"3";"KG";"2,79";"0,93";"0";"0";"0";"2,79";"3859891443314";"HRANA"
"KRUMPIR ZA PEÈENJE 3kg";"080464701";"NO BRAND";"3";"KG";"2,79";"0,93";"0";"0";"0";"2,79";"3859891443475";"HRANA"
"KRUMPIR ZA PEÈENJE 3kg";"080464701";"NO BRAND";"3";"KG";"2,79";"0,93";"0";"0";"0";"2,79";"3859891949571";"HRANA"
"KRUMPIR ZA PEÈENJE 3kg";"080464701";"NO BRAND";"3";"KG";"2,79";"0,93";"0";"0";"0";"2,79";"3859893051364";"HRANA"
"KRUMPIROV DOMAÆI KRUH 400g";"910020301";"NO BRAND";"0,4";"KG";"1,15";"2,88";"0";"0";"0";"1,15";"";"HRANA"
"KRUMPIROVO PECIVO 80g";"910208401";"NO BRAND";"0,08";"KG";"0,25";"3,13";"0";"0";"0";"0,35";"";"HRANA"
"KRUŠKA 1 kg";"080012601";"NO BRAND";"1";"KG";"1,99";"1,99";"0";"0";"0";"1,99";"9999999999994";"HRANA"
"KRUŠKA 1 kg";"080012601";"NO BRAND";"1";"KG";"1,99";"1,99";"0";"0";"0";"1,99";"3858885875100";"HRANA"
"KRUŠKA 1 kg";"080012601";"NO BRAND";"1";"KG";"1,99";"1,99";"0";"0";"0";"1,99";"3830050933846";"HRANA"
"KRUŠKA 1 kg";"080012601";"NO BRAND";"1";"KG";"1,99";"1,99";"0";"0";"0";"1,99";"3859893818264";"HRANA"
"KRUŠKA 1 kg";"080012601";"NO BRAND";"1";"KG";"1,99";"1,99";"0";"0";"0";"1,99";"3859893818295";"HRANA"
"KRUŠKA ABATA rfz";"080026101";"NO BRAND";"1";"KG";"2,49";"2,49";"0";"0";"0";"2,29";"";"HRANA"
"KRUŠKA LIMONERA";"080160102";"NO BRAND";"1";"KG";"2,49";"2,49";"0";"0";"0";"1,99";"";"HRANA"
"KRUŠKA WILLIAMS rfz";"080027201";"NO BRAND";"1";"KG";"2,49";"2,49";"0";"0";"0";"1,99";"";"HRANA"
"KRUŠKOVAC 25% 1000ml";"910009501";"NO BRAND";"1";"LT";"7,85";"7,85";"0";"0";"0";"7,85";"3850164243396";"PIÆE"
"KRUŠNE MRVICE 500g";"017123501";"TRE MULINI";"0,5";"KG";"0,99";"1,98";"0";"0";"0";"0,99";"8017596121493";"HRANA"
"KRUŠNE MRVICE BEZ GLUTENA 250g";"017418101";"AMO ESSERE SENZA GLUTINE";"0,25";"KG";"1,09";"4,36";"0";"0";"0";"1,09";"8017596123961";"HRANA"
"KRVAVICE";"016096701";"NO BRAND";"1";"KG";"6,89";"6,89";"0";"0";"0";"6,89";"";"HRANA"
"KRVAVICE";"070099001";"NO BRAND";"1";"KG";"6,89";"6,89";"0";"0";"0";"6,89";"";"HRANA"
"KUHANI SLANUTAK 350g";"080587501";"NO BRAND";"0,35";"KG";"1,59";"4,54";"0";"0";"0";"1,59";"3859891496839";"HRANA"
"KUKURUZ KOKIÈAR 500g";"080084701";"NO BRAND";"0,5";"KG";"1,09";"2,18";"0";"0";"0";"0,99";"9999999999994";"HRANA"
"KUKURUZ KOKIÈAR 500g";"080084701";"NO BRAND";"0,5";"KG";"1,09";"2,18";"0";"0";"0";"0,99";"8020204327378";"HRANA"
"KUKURUZ KOKIÈAR 500g";"080084701";"NO BRAND";"0,5";"KG";"1,09";"2,18";"0";"0";"0";"0,99";"9999999999994";"HRANA"
"KUKURUZ KOKIÈAR 500g";"080084701";"NO BRAND";"0,5";"KG";"1,09";"2,18";"0";"0";"0";"0,99";"3870885000368";"HRANA"
"KUKURUZ PRŽENI I SLANI 250g";"009834901";"MISTER SIBAMBA";"0,25";"KG";"1,19";"4,76";"0";"0";"0";"0,89";"8017596015778";"HRANA"
"KUKURUZ PRŽENI SLANI 125g";"080111601";"NO BRAND";"0,125";"KG";"0,99";"7,92";"0";"0";"0";"0,99";"9999999999994";"HRANA"
"KUKURUZ PRŽENI SLANI 125g";"080111601";"NO BRAND";"0,125";"KG";"0,99";"7,92";"0";"0";"0";"0,99";"8005912002359";"HRANA"
"KUKURUZ SLATKI 340g/285g";"015765901";"DELIZIE DAL SOLE";"0,285";"KG";"1,19";"4,18";"0";"0";"0";"1,09";"8017596108258";"HRANA"
"KUKURUZ SLATKI 3X150g/420g";"012064501";"DELIZIE DAL SOLE";"0,42";"KG";"2,29";"5,45";"0";"0";"0";"2,09";"8017596013965";"HRANA"
"KUKURUZ SLATKI 3X150g/420g";"012064501";"DELIZIE DAL SOLE";"0,42";"KG";"2,29";"5,45";"0";"0";"0";"2,09";"8017596115232";"HRANA"
"KUKURUZ ŠEÆERAC 400g";"080498101";"NO BRAND";"0,4";"KG";"1,99";"4,98";"0";"0";"0";"1,99";"3859891493371";"HRANA"
"KUKURUZNI KREKER BIO 120g";"018701601";"NO BRAND";"0,12";"KG";"0,99";"8,25";"0";"0";"0";"0,99";"8017759648294";"HRANA"
"KUKURUZNI MIJEŠANI 400g";"910019701";"NO BRAND";"0,4";"KG";"1,99";"4,98";"0";"0";"0";"1,99";"8606018738960";"HRANA"
"KUKURUZNI ŠKROB 250g";"012994101";"TRE MULINI";"0,25";"KG";"0,99";"3,96";"0";"0";"0";"0,99";"8017596069030";"HRANA"
"KUKURUZNO CIABATTA PECIVO 100g";"910215501";"NO BRAND";"0,1";"KG";"0,35";"3,5";"0";"0";"0";"0,35";"";"HRANA"
"KULEN 100g";"910014601";"PUTOVANJE KROZ OKUSE";"0,1";"KG";"2,49";"24,9";"0";"0";"0";"2,49";"3850133811441";"HRANA"
"KULEN 100g";"910014601";"PUTOVANJE KROZ OKUSE";"0,1";"KG";"2,49";"24,9";"0";"0";"0";"2,49";"8017596138057";"HRANA"
"KULEN GOVEÐI 460g";"900387801";"MEAT APPETIT";"0,46";"KG";"6,99";"15,2";"0";"0";"0";"6,99";"3830042431596";"HRANA"
"KULEN GOVEÐI 460g";"900387801";"MEAT APPETIT";"0,46";"KG";"6,99";"15,2";"0";"0";"0";"6,99";"3830041600450";"HRANA"
"KULEN GOVEÐI 460g";"900387801";"MEAT APPETIT";"0,46";"KG";"6,99";"15,2";"0";"0";"0";"6,99";"8017596130143";"HRANA"
"KULEN RAVNI 100g";"910211901";"PUTOVANJE KROZ OKUSE";"0,1";"KG";"1,99";"19,9";"0";"0";"0";"1,99";"8017596138040";"HRANA"
"KULEN TRADICIONALNI";"910014501";"PUTOVANJE KROZ OKUSE";"1";"KG";"20,99";"20,99";"0";"0";"0";"20,99";"";"HRANA"
"KUMIN SJEMENKE 30g";"900332801";"NO BRAND";"0,03";"KG";"0,89";"29,67";"0";"0";"0";"0,89";"8002136026338";"HRANA"
"KUNIÆ BEZ GLAVE RASJEÈEN";"070206901";"NO BRAND";"1";"KG";"10,79";"10,79";"0";"0";"0";"10,79";"";"HRANA"
"KUNIÆ S GLAVOM";"070206801";"NO BRAND";"1";"KG";"9,49";"9,49";"0";"0";"0";"9,49";"";"HRANA"
"KUNIÆ S GLAVOM";"910116001";"NO BRAND";"1";"KG";"10,67";"10,67";"0";"0";"0";"10,67";"";"HRANA"
"KUPINA 125g";"080016702";"NO BRAND";"0,125";"KG";"2,99";"23,92";"0";"0";"0";"2,99";"9999999999994";"HRANA"
"KUPINA 125g";"080016702";"NO BRAND";"0,125";"KG";"2,99";"23,92";"0";"0";"0";"2,99";"3858885875513";"HRANA"
"KUPINA 125g";"080016702";"NO BRAND";"0,125";"KG";"2,99";"23,92";"0";"0";"0";"2,99";"3859893161032";"HRANA"
"KUPINA 125g";"080016702";"NO BRAND";"0,125";"KG";"2,99";"23,92";"0";"0";"0";"2,99";"8436588100917";"HRANA"
"KUPINA 125g";"080016702";"NO BRAND";"0,125";"KG";"2,99";"23,92";"0";"0";"0";"2,99";"8058056197665";"HRANA"
"KUPUS BIJELI rfz";"080054901";"NO BRAND";"1";"KG";"0,69";"0,69";"0,39";"0,39";"0,69";"0,99";"";"HRANA"
"KUPUS CRVENI rfz";"080055001";"NO BRAND";"1";"KG";"0,79";"0,79";"0";"0";"0";"1,49";"";"HRANA"
"KUPUS KINESKI rfz";"080055101";"NO BRAND";"1";"KG";"1,79";"1,79";"0";"0";"0";"1,69";"";"HRANA"
"KUPUS KISELI  MIX ZA SARMU 1kg";"080465101";"NO BRAND";"1";"KG";"3,59";"3,59";"0";"0";"0";"3,39";"3859891493098";"HRANA"
"KUPUS KISELI  REZANI  OGULIN 500g.";"080465201";"NO BRAND";"0,5";"KG";"1";"2";"0";"0";"0";"1";"3859891493036";"HRANA"
"KUPUS KISELI GLAVE MADIG rfz";"080531901";"NO BRAND";"1";"KG";"1,99";"1,99";"0";"0";"0";"1,99";"";"HRANA"
"KUPUS KISELI GLAVE VARAŽDIN rfz";"080532001";"NO BRAND";"1";"KG";"1,99";"1,99";"0";"0";"0";"1,99";"";"HRANA"
"KUPUS KISELI REZANI VAR. 500g";"080465301";"NO BRAND";"0,5";"KG";"0,99";"1,98";"0";"0";"0";"0,99";"3859889634021";"HRANA"
"KUPUS RIBANI 250g";"080601001";"NO BRAND";"0,25";"KG";"0,99";"3,96";"0";"0";"0";"0,89";"3858893250395";"HRANA"
"KUPUS ZA KISELJENJE 15kg";"080465801";"NO BRAND";"15";"KG";"12,99";"0,87";"0";"0";"0";"12,99";"";"HRANA"
"KURKUMA 30g";"014697501";"DON JEREZ";"0,03";"KG";"0,99";"33";"0";"0";"0";"0,99";"24100144";"HRANA"
"KURKUMA MLJEVENA  80g";"080281501";"NO BRAND";"0,08";"KG";"2,29";"28,63";"0";"0";"0";"2,29";"8020204327309";"HRANA"
"KUS KUS 1kg";"010260301";"TRE MULINI";"1";"KG";"2,29";"2,29";"0";"0";"0";"2,29";"8017596078568";"HRANA"
"KUS KUS S POVRÈEM 130g";"017222801";"TRE MULINI";"0,13";"KG";"1,09";"8,38";"0";"0";"0";"1,09";"8017596100696";"HRANA"
"KUS KUS S POVRÈEM 220g";"017014701";"AMO ESSERE VEG";"0,22";"KG";"1,99";"9,05";"0";"0";"0";"1,99";"8017596119858";"HRANA"
"KUS KUS S POVRÈEM 220g";"017014701";"AMO ESSERE VEG";"0,22";"KG";"1,99";"9,05";"0";"0";"0";"1,99";"8017596127518";"HRANA"
"KVASAC SUHI PRIRODNI 3kom 105g";"016551401";"TRE MULINI";"0,105";"KG";"1,79";"17,05";"0";"0";"0";"1,59";"8017596117229";"HRANA"
"KVASAC SUHI PRIRODNI 3kom 105g";"016551401";"TRE MULINI";"0,105";"KG";"1,79";"17,05";"0";"0";"0";"1,59";"8018211903418";"HRANA"
"KVINOJA 500g";"080350501";"NO BRAND";"0,5";"KG";"2,69";"5,38";"0";"0";"0";"2,69";"8020204327392";"HRANA"
"LAK ZA KOSU EKSTRA JAK 400ml";"018566601";"NEAR YOUR XXX";"0,4";"LT";"1,98";"4,95";"0";"0";"0";"1,98";"8017596138231";"KOZMETIKA"
"LAMPION 48h";"910146701";"NO BRAND";"1";"PZ";"1,59";"1,59";"0";"0";"0";"1,59";"3858883233674";"PROIZVODI ZA KUÆANSTVO"
"LAMPION 5 DANA";"900143901";"NO BRAND";"1";"PZ";"2,69";"2,69";"1,99";"1,99";"2,69";"2,69";"8017596019585";"PROIZVODI ZA KUÆANSTVO"
"LAMPION 5 DANA";"900143901";"NO BRAND";"1";"PZ";"2,69";"2,69";"1,99";"1,99";"2,69";"2,69";"3830015023421";"PROIZVODI ZA KUÆANSTVO"
"LAMPION ELEKTRIÈNI 60 DANA";"900121701";"NO BRAND";"1";"PZ";"2,99";"2,99";"0";"0";"0";"2,99";"8017596054555";"PROIZVODI ZA KUÆANSTVO"
"LAMPION MALI 38h VIŠE VRSTA";"910146601";"NO BRAND";"1";"PZ";"0,99";"0,99";"0,79";"0,79";"0,99";"0,99";"3858883230673";"PROIZVODI ZA KUÆANSTVO"
"LAMPION SPIRALNI VELIKI";"900039701";"NO BRAND";"1";"PZ";"2,19";"2,19";"1,69";"1,69";"2,19";"2,19";"8017596014771";"PROIZVODI ZA KUÆANSTVO"
"LAMPION SRCE 2 DANA VIŠE VRSTA";"900560701";"NO BRAND";"1";"PZ";"1,99";"1,99";"0";"0";"0";"1,99";"3830015021380";"PROIZVODI ZA KUÆANSTVO"
"LASAGNE OD DURUM PŠENICE 500g";"009583801";"NO BRAND";"0,5";"KG";"1,49";"2,98";"0";"0";"0";"1,49";"8003541000050";"HRANA"
"LASAGNE OD DURUM PŠENICE 500g";"009583801";"NO BRAND";"0,5";"KG";"1,49";"2,98";"0";"0";"0";"1,49";"8016060412006";"HRANA"
"LASAGNE S JAJIMA 500g";"008934801";"TRE MULINI";"0,5";"KG";"1,79";"3,58";"0";"0";"0";"1,79";"8017596002655";"HRANA"
"LAZANJE BOLOGNESE 1kg";"016079901";"TRE MULINI";"1";"KG";"5,49";"5,49";"0";"0";"0";"5,29";"8002473015415";"HRANA"
"LAZANJE BOLOGNESE 1kg";"016079901";"TRE MULINI";"1";"KG";"5,49";"5,49";"0";"0";"0";"5,29";"8017596112347";"HRANA"
"LAZANJE BOLOGNESE 400g";"011106401";"TRE MULINI";"0,4";"KG";"2,79";"6,98";"0";"0";"0";"2,69";"8001439017197";"HRANA"
"LAZANJE BOLOGNESE 400g";"011106401";"TRE MULINI";"0,4";"KG";"2,79";"6,98";"0";"0";"0";"2,69";"8017596051462";"HRANA"
"LAZANJE BOLOGNESE 600g";"016570701";"TRE MULINI";"0,6";"KG";"3,49";"5,82";"0";"0";"0";"3,49";"8017596046062";"HRANA"
"LAZANJE S JAJIMA 500g";"010182601";"TRE MULINI";"0,5";"KG";"1,99";"3,98";"0";"0";"0";"1,99";"8017596014948";"HRANA"
"LAZANJE S JAJIMA 500g";"010182601";"TRE MULINI";"0,5";"KG";"1,99";"3,98";"0";"0";"0";"1,99";"8017596102331";"HRANA"
"LED KONZUMNI 1kg";"910195101";"NO BRAND";"1";"KG";"1,69";"1,69";"0";"0";"0";"1,69";"8717953068521";"HRANA"
"LED KONZUMNI 1kg";"910195101";"NO BRAND";"1";"KG";"1,69";"1,69";"0";"0";"0";"1,69";"8717953068538";"HRANA"
"LEDENA KAVA CAPPUCCINO 250ml";"017122601";"DON JEREZ";"0,25";"LT";"1,09";"4,36";"0";"0";"0";"1,09";"24101394";"HRANA"
"LEDENA KAVA ESPRESSO 250ml";"017122701";"DON JEREZ";"0,25";"LT";"1,09";"4,36";"0";"0";"0";"1,09";"24101387";"HRANA"
"LEDENA KAVA LATTE MACCHIATO 250ml";"018080901";"DON JEREZ";"0,25";"LT";"1,09";"4,36";"0";"0";"0";"1,09";"24103183";"HRANA"
"LEDENI ÈAJ BRESKVA 1,5l";"008516901";"BLUES";"1,5";"LT";"1,25";"0,83";"0";"0";"0";"1,05";"8017596005014";"PIÆE"
"LEDENI ÈAJ BRESKVA 500ml";"007197702";"BLUES";"0,5";"LT";"0,69";"1,38";"0";"0";"0";"0,59";"8017596073037";"PIÆE"
"LEDENI ÈAJ BRESKVA 500ml";"007197702";"BLUES";"0,5";"LT";"0,69";"1,38";"0";"0";"0";"0,59";"8017596005694";"PIÆE"
"LEDENI ÈAJ BRESKVA/LIMUN ZERO 1.5l";"015421801";"BLUES";"1,5";"LT";"0,89";"0,59";"0";"0";"0";"0,89";"8017596011299";"PIÆE"
"LEDENI ÈAJ BRESKVA/LIMUN ZERO 1.5l";"015421801";"BLUES";"1,5";"LT";"0,89";"0,59";"0";"0";"0";"0,89";"8017596011305";"PIÆE"
"LEDENI ÈAJ LIMUN 1,5l";"008517001";"BLUES";"1,5";"LT";"1,15";"0,77";"0";"0";"0";"1,05";"8017596005007";"PIÆE"
"LEDENI ÈAJ LIMUN 500ml";"007197701";"BLUES";"0,5";"LT";"0,69";"1,38";"0";"0";"0";"0,59";"8017596073020";"PIÆE"
"LEDENI ÈAJ LIMUN 500ml";"007197701";"BLUES";"0,5";"LT";"0,69";"1,38";"0";"0";"0";"0,59";"8017596005656";"PIÆE"
"LEDENI ÈAJ ŠUMSKO VOÈE 1500ml";"910126301";"NO BRAND";"1,5";"LT";"1,15";"0,77";"0";"0";"0";"1,05";"3858893550761";"PIÆE"
"LEDENI ŠTAPIÆ NARANÈA 105ml 100g";"910111901";"NO BRAND";"0,1";"KG";"0,69";"6,9";"0";"0";"0";"0,69";"5310079000364";"HRANA"
"LEDENI ŠTAPIÆI MIX 840g";"015964001";"DOLCIANDO";"0,84";"KG";"2,99";"3,56";"0";"0";"0";"2,99";"8017596043443";"HRANA"
"LEÆA CRVENA MIGNON 500g";"014533601";"DELIZIE DAL SOLE";"0,5";"KG";"1,19";"2,38";"0";"0";"0";"1,19";"8017596000583";"HRANA"
"LEÆA ZELENA 400g/240g";"010430001";"DELIZIE DAL SOLE";"0,24";"KG";"0,59";"2,46";"0";"0";"0";"0,59";"8017596014825";"HRANA"
"LEÆA ZELENA 500g";"013797101";"DELIZIE DAL SOLE";"0,5";"KG";"1,19";"2,38";"0";"0";"0";"1,19";"8017596000576";"HRANA"
"LIGNJA PATAGONIA 500g";"910029201";"NO BRAND";"0,5";"KG";"8,49";"16,98";"6,99";"13,98";"8,49";"8,39";"3858891990897";"HRANA"
"LIGNJE 400g";"900478901";"NO BRAND";"0,4";"KG";"6,49";"16,23";"0";"0";"0";"5,99";"3858891044224";"HRANA"
"LIGNJE KOLUTICI I KRAKOVI 400g";"016038001";"ONDINA";"0,4";"KG";"5,99";"14,98";"0";"0";"0";"5,49";"8017596040503";"HRANA"
"LIGNJUN KOLUTIÆI 500g";"014811501";"ONDINA";"0,5";"KG";"6,59";"13,18";"0";"0";"0";"6,59";"8017596040534";"HRANA"
"LIGNJUN KOLUTIÆI 500g";"014811501";"ONDINA";"0,5";"KG";"6,59";"13,18";"0";"0";"0";"6,59";"8420567018645";"HRANA"
"LIJEPA NISKA";"014306401";"NO BRAND";"1";"PZ";"0,59";"0,59";"0";"0";"0";"0,59";"8001553803522";"HRANA"
"LIKER CREAM DOHERTY 17% 700ml";"011411801";"NO BRAND";"0,7";"LT";"7,02";"10,03";"0";"0";"0";"7,02";"8001500008277";"PIÆE"
"LIKER CREAM DOHERTY 17% 700ml";"011411801";"NO BRAND";"0,7";"LT";"7,02";"10,03";"0";"0";"0";"7,02";"8001500009281";"PIÆE"
"LIKER LIMONCINO 22% 700ml";"011318501";"NO BRAND";"0,7";"LT";"5,99";"8,56";"0";"0";"0";"5,99";"8009710091300";"PIÆE"
"LIKER OD BOROVNICE 20% 1000ml";"910009401";"NO BRAND";"1";"LT";"7,99";"7,99";"0";"0";"0";"7,99";"3850164243419";"PIÆE"
"LIKER OD LJEŠNJAKA 20% 700ml";"910205201";"NO BRAND";"0,7";"LT";"9,99";"14,27";"0";"0";"0";"8,99";"3858891544922";"PIÆE"
"LIKER OD MEDA 25% 1000ml";"910009601";"NO BRAND";"1";"LT";"8,99";"8,99";"6,99";"6,99";"8,99";"8,99";"3850164243372";"PIÆE"
"LIKER OD ORAHA 24% 1000ml";"900479201";"NO BRAND";"1";"LT";"7,99";"7,99";"0";"0";"0";"7,99";"3830006259068";"PIÆE"
"LIKER OD VIŠNJE 20% 1000ml";"910009801";"NO BRAND";"1";"LT";"8,99";"8,99";"0";"0";"0";"7,99";"3850164243402";"PIÆE"
"LIKER OD ÈOKOLADE 16% 500ml";"016456601";"NO BRAND";"0,5";"LT";"6,99";"13,98";"0";"0";"0";"6,99";"8003695000814";"PIÆE"
"LIMETA rfz";"080028301";"NO BRAND";"1";"KG";"2,89";"2,89";"0";"0";"0";"2,39";"";"HRANA"
"LIMUN 750g";"080105102";"NO BRAND";"0,75";"KG";"1,99";"2,65";"0";"0";"0";"0,99";"9999999999994";"HRANA"
"LIMUN 750g";"080105102";"NO BRAND";"0,75";"KG";"1,99";"2,65";"0";"0";"0";"0,99";"8022095001788";"HRANA"
"LIMUN 750g";"080105102";"NO BRAND";"0,75";"KG";"1,99";"2,65";"0";"0";"0";"0,99";"8022095003072";"HRANA"
"LIMUN 750g";"080105102";"NO BRAND";"0,75";"KG";"1,99";"2,65";"0";"0";"0";"0,99";"3830050935352";"HRANA"
"LIMUN 750g";"080105102";"NO BRAND";"0,75";"KG";"1,99";"2,65";"0";"0";"0";"0,99";"3857500102102";"HRANA"
"LIMUN 750g";"080105102";"NO BRAND";"0,75";"KG";"1,99";"2,65";"0";"0";"0";"0,99";"3850334173737";"HRANA"
"LIMUNSKA KISELINA 200g";"900475101";"NO BRAND";"0,2";"KG";"1,39";"6,95";"0";"0";"0";"1,39";"3859893282553";"HRANA"
"LISNATI PRUTIÆI GLAZIRANI 200g";"014187401";"DOLCIANDO";"0,2";"KG";"0,99";"4,95";"0";"0";"0";"0,99";"8017596012593";"HRANA"
"LISNATI SNACK S LJEŠNJAK KRE.125g";"018133701";"DOLCIANDO";"0,125";"KG";"1,19";"9,52";"0";"0";"0";"1,19";"8017596079985";"HRANA"
"LISNATO PUŽ PECIVO S KAKAOM 115g";"910121401";"NO BRAND";"0,115";"KG";"0,69";"6";"0";"0";"0";"0,69";"5999006913597";"HRANA"
"LISNATO TIJESTO 500g";"900473501";"NO BRAND";"0,5";"KG";"1,29";"2,58";"0";"0";"0";"1,19";"8606015916019";"HRANA"
"LISNATO TIJESTO BEZ GLUTENA 280g";"017521201";"AMO ESSERE SENZA GLUTINE";"0,28";"KG";"2,49";"8,89";"0";"0";"0";"2,49";"8017596122056";"HRANA"
"LISNATO ŠTANGICA SIR-ŠUNKA 90g";"910003801";"NO BRAND";"0,09";"KG";"0,69";"7,67";"0";"0";"0";"0,69";"";"HRANA"
"LIZALICA MINI GIANT 30g (6KOM)";"900636601";"NO BRAND";"0,03";"KG";"1,59";"53";"0";"0";"0";"1,59";"5901986034568";"HRANA"
"LIZALICA POP UP 10G";"900598701";"NO BRAND";"0,01";"KG";"1,59";"159";"0";"0";"0";"1,49";"8714786297111";"HRANA"
"LIZALICE 250g";"011336001";"DOLCIANDO";"0,25";"KG";"2,49";"9,96";"0";"0";"0";"2,49";"4021144002640";"HRANA"
"LIZALICE 250g";"011336001";"DOLCIANDO";"0,25";"KG";"2,49";"9,96";"0";"0";"0";"2,49";"4021144000479";"HRANA"
"LIZALICE 250g";"011336001";"DOLCIANDO";"0,25";"KG";"2,49";"9,96";"0";"0";"0";"2,49";"5411376002935";"HRANA"
"LIZALICE 250g";"011336001";"DOLCIANDO";"0,25";"KG";"2,49";"9,96";"0";"0";"0";"2,49";"5411376003376";"HRANA"
"LIZALICE 250g";"011336001";"DOLCIANDO";"0,25";"KG";"2,49";"9,96";"0";"0";"0";"2,49";"8017596102690";"HRANA"
"LIZALICE MIX 48g";"900636501";"NO BRAND";"0,048";"KG";"1,49";"31,04";"0";"0";"0";"1,49";"5901986031482";"HRANA"
"LIZALICE PJENASTE CUPCAKE 60G";"900601801";"NO BRAND";"0,06";"KG";"1,99";"33,17";"0";"0";"0";"1,99";"8423236001092";"HRANA"
"LJEPLJIVA TRAKA PROTIV MUHA 4kom";"910112001";"NO BRAND";"0,044";"KG";"1,79";"40,68";"0";"0";"0";"1,79";"5904517068162";"PROIZVODI ZA KUÆANSTVO"
"LJEŠNJAK JEZGRA 100g";"012932301";"MISTER SIBAMBA";"0,1";"KG";"1,49";"14,9";"0";"0";"0";"1,49";"8017596002716";"HRANA"
"LJEŠNJAK JEZGRA 100g";"012932301";"MISTER SIBAMBA";"0,1";"KG";"1,49";"14,9";"0";"0";"0";"1,49";"8005750000791";"HRANA"
"LJEŠNJAK U ÈOKOLADI 150g";"080493001";"NO BRAND";"0,15";"KG";"3,99";"26,6";"0";"0";"0";"3,99";"8005912007200";"HRANA"
"LJEŠNJAK/KAKAO KRE.S KEKSIMA 350g";"018015701";"DOLCIANDO";"0,35";"KG";"2,39";"6,83";"0";"0";"0";"2,39";"8017596123305";"HRANA"
"LJUTA KOBASICA 500g";"900360601";"MEAT APPETIT";"0,5";"KG";"5,99";"11,98";"0";"0";"0";"5,49";"3830041600085";"HRANA"
"LJUTA KOBASICA 500g";"900360601";"MEAT APPETIT";"0,5";"KG";"5,99";"11,98";"0";"0";"0";"5,49";"8017596130136";"HRANA"
"LJUTENICA 360g";"900283101";"SUNNY NATURE";"0,36";"KG";"2,59";"7,19";"0";"0";"0";"2,59";"8017596111555";"HRANA"
"LJUTENICA 360g";"900283101";"SUNNY NATURE";"0,36";"KG";"2,59";"7,19";"0";"0";"0";"2,59";"5310246000555";"HRANA"
"LJUTIKA 250g";"080031901";"NO BRAND";"0,25";"KG";"1,09";"4,36";"0";"0";"0";"0,89";"9999999999994";"HRANA"
"LJUTIKA 250g";"080031901";"NO BRAND";"0,25";"KG";"1,09";"4,36";"0";"0";"0";"0,89";"3859891949663";"HRANA"
"LONDON DRY GIN PREMIUM 42 500ml";"017521901";"NO BRAND";"0,5";"LT";"6,99";"13,98";"0";"0";"0";"6,99";"8024158072629";"PIÆE"
"LOPATICA KUHANA NAREZAK 150g";"011500401";"LA BOTTEGA DEL GUSTO";"0,15";"KG";"1,59";"10,6";"0";"0";"0";"1,59";"8017596015884";"HRANA"
"LOPATICA S DUGIM DRŽAJEM ECO";"017187701";"AMO ESSERE ECO";"1";"PZ";"1,99";"1,99";"0";"0";"0";"1,72";"8017596121875";"PROIZVODI ZA KUÆANSTVO"
"LOSION PR.KOMARACA,KRPELJA 100ml";"910075701";"NO BRAND";"0,1";"LT";"4,39";"43,9";"0";"0";"0";"4,39";"5904517327078";"PROIZVODI ZA KUÆANSTVO"
"LOSION PR.KOMARACA,KRPELJA 100ml";"910075701";"NO BRAND";"0,1";"LT";"4,39";"43,9";"0";"0";"0";"4,39";"5904517247369";"PROIZVODI ZA KUÆANSTVO"
"LOSION PR.KOMARACA,KRPELJA 100ml";"910075701";"NO BRAND";"0,1";"LT";"4,39";"43,9";"0";"0";"0";"4,39";"5904517387607";"PROIZVODI ZA KUÆANSTVO"
"LOSION PROTIV KOMARACA DJECA 50ml";"910075801";"NO BRAND";"0,05";"LT";"3,49";"69,8";"0";"0";"0";"3,49";"5904517246256";"PROIZVODI ZA KUÆANSTVO"
"LOSOS DIMLJENI NORVEŠKI 150g";"013089501";"NO BRAND";"0,15";"KG";"5,29";"35,27";"0";"0";"0";"5,29";"5902627493423";"HRANA"
"LOSOS DIMLJENI NORVEŠKI 150g";"013089501";"NO BRAND";"0,15";"KG";"5,29";"35,27";"0";"0";"0";"5,29";"8019138521433";"HRANA"
"LOSOS DIMLJENI NORVEŠKI 150g";"013089501";"NO BRAND";"0,15";"KG";"5,29";"35,27";"0";"0";"0";"5,29";"8019138521419";"HRANA"
"LOSOS DIMLJENI NORVEŠKI 150g";"013089501";"NO BRAND";"0,15";"KG";"5,29";"35,27";"0";"0";"0";"5,29";"4770190119849";"HRANA"
"LOSOS DIMLJENI NORVEŠKI 150g";"013089501";"NO BRAND";"0,15";"KG";"5,29";"35,27";"0";"0";"0";"5,29";"4770190125390";"HRANA"
"LOSOS DIMLJENI NORVEŠKI 150g";"013089501";"NO BRAND";"0,15";"KG";"5,29";"35,27";"0";"0";"0";"5,29";"8019138522430";"HRANA"
"LOSOS DIMLJENI NORVEŠKI 150g";"013089501";"NO BRAND";"0,15";"KG";"5,29";"35,27";"0";"0";"0";"5,29";"8019138524434";"HRANA"
"LOVAÈKI DOMAÆI KRUH 400g";"910020401";"NO BRAND";"0,4";"KG";"1,05";"2,63";"0";"0";"0";"1,05";"";"HRANA"
"LOVOR LIST 5g";"900453701";"DON JEREZ";"0,005";"KG";"0,29";"58";"0";"0";"0";"0,29";"8017596109859";"HRANA"
"LUK   ŽUTI rfz";"080056301";"NO BRAND";"1";"KG";"0,84";"0,84";"0";"0";"0";"0,84";"";"HRANA"
"LUK  ŽUTI RUKAVAC  4/1";"080465901";"NO BRAND";"1";"PZ";"0,99";"0,99";"0";"0";"0";"0,99";"3856017200318";"HRANA"
"LUK  ŽUTI RUKAVAC  4/1";"080465901";"NO BRAND";"1";"PZ";"0,99";"0,99";"0";"0";"0";"0,99";"3858885875575";"HRANA"
"LUK  ŽUTI RUKAVAC  4/1";"080465901";"NO BRAND";"1";"PZ";"0,99";"0,99";"0";"0";"0";"0,99";"3859891949625";"HRANA"
"LUK  ŽUTI RUKAVAC  4/1";"080465901";"NO BRAND";"1";"PZ";"0,99";"0,99";"0";"0";"0";"0,99";"3857500102119";"HRANA"
"LUK LJUBIÈASTI 1kg";"080095801";"FOGLIA VERDE";"1";"KG";"1,29";"1,29";"0";"0";"0";"1,29";"9999999999994";"HRANA"
"LUK LJUBIÈASTI 1kg";"080095801";"FOGLIA VERDE";"1";"KG";"1,29";"1,29";"0";"0";"0";"1,29";"3858885875636";"HRANA"
"LUK LJUBIÈASTI 1kg";"080095801";"FOGLIA VERDE";"1";"KG";"1,29";"1,29";"0";"0";"0";"1,29";"8017596030450";"HRANA"
"LUK LJUBIÈASTI 1kg";"080095801";"FOGLIA VERDE";"1";"KG";"1,29";"1,29";"0";"0";"0";"1,29";"3859891949649";"HRANA"
"LUK LJUBIÈASTI 1kg";"080095801";"FOGLIA VERDE";"1";"KG";"1,29";"1,29";"0";"0";"0";"1,29";"3857500102164";"HRANA"
"LUK LJUBIÈASTI RUKAVAC 4/1";"080466001";"NO BRAND";"1";"PZ";"1,29";"1,29";"0";"0";"0";"1,29";"3856017200332";"HRANA"
"LUK LJUBIÈASTI RUKAVAC 4/1";"080466001";"NO BRAND";"1";"PZ";"1,29";"1,29";"0";"0";"0";"1,29";"3858885875629";"HRANA"
"LUK LJUBIÈASTI RUKAVAC 4/1";"080466001";"NO BRAND";"1";"PZ";"1,29";"1,29";"0";"0";"0";"1,29";"3859891949632";"HRANA"
"LUK LJUBIÈASTI RUKAVAC 4/1";"080466001";"NO BRAND";"1";"PZ";"1,29";"1,29";"0";"0";"0";"1,29";"3857500102133";"HRANA"
"LUK LJUBIÈASTI rfz";"080056501";"NO BRAND";"1";"KG";"1,29";"1,29";"0";"0";"0";"1,25";"";"HRANA"
"LUK MLADI kom";"080035801";"NO BRAND";"1";"PZ";"0,79";"0,79";"0";"0";"0";"0,79";"";"HRANA"
"LUK SREBRENAC RFS";"080222201";"NO BRAND";"1";"KG";"1,99";"1,99";"0";"0";"0";"1,99";"";"HRANA"
"LUK U GRANULAMA 55g";"009321301";"DON JEREZ";"0,045";"KG";"0,99";"22";"0";"0";"0";"0,99";"80730996";"HRANA"
"LUK ŽUTI 1kg";"080095601";"FOGLIA VERDE";"1";"KG";"1,65";"1,65";"0";"0";"0";"1,65";"9999999999994";"HRANA"
"LUK ŽUTI 1kg";"080095601";"FOGLIA VERDE";"1";"KG";"1,65";"1,65";"0";"0";"0";"1,65";"3858885875698";"HRANA"
"LUK ŽUTI 1kg";"080095601";"FOGLIA VERDE";"1";"KG";"1,65";"1,65";"0";"0";"0";"1,65";"3859871246793";"HRANA"
"LUK ŽUTI 1kg";"080095601";"FOGLIA VERDE";"1";"KG";"1,65";"1,65";"0";"0";"0";"1,65";"8017596030443";"HRANA"
"LUK ŽUTI 1kg";"080095601";"FOGLIA VERDE";"1";"KG";"1,65";"1,65";"0";"0";"0";"1,65";"3859891949595";"HRANA"
"LUK ŽUTI 1kg";"080095601";"FOGLIA VERDE";"1";"KG";"1,65";"1,65";"0";"0";"0";"1,65";"3857500102126";"HRANA"
"LUK ŽUTI 1kg";"080095601";"FOGLIA VERDE";"1";"KG";"1,65";"1,65";"0";"0";"0";"1,65";"8028772000204";"HRANA"
"LUK ŽUTI 2kg";"080132501";"NO BRAND";"2";"KG";"1,89";"0,95";"0";"0";"0";"1,64";"9999999999994";"HRANA"
"LUK ŽUTI 2kg";"080132501";"NO BRAND";"2";"KG";"1,89";"0,95";"0";"0";"0";"1,64";"3859891949601";"HRANA"
"LUK ŽUTI 2kg";"080132501";"NO BRAND";"2";"KG";"1,89";"0,95";"0";"0";"0";"1,64";"3859894214157";"HRANA"
"LUK ŽUTI 5kg";"080459701";"NO BRAND";"5";"KG";"4,19";"0,84";"0";"0";"0";"4,99";"3859891949557";"HRANA"
"LUK ŽUTI 5kg";"080459701";"NO BRAND";"5";"KG";"4,19";"0,84";"0";"0";"0";"4,99";"3859891088263";"HRANA"
"LUKOVICE U VINSKOM OCTU 565/340g";"006391701";"VARIAGUSTO";"0,34";"KG";"1,99";"5,85";"0";"0";"0";"1,99";"8017596008176";"HRANA"
"LUÈICE BIJELE 50kom";"010574201";"VICINO A TE";"1";"PZ";"3,49";"3,49";"0";"0";"0";"3,49";"8017596051523";"PROIZVODI ZA KUÆANSTVO"
"LUÈICE BIJELE 50kom";"010574201";"VICINO A TE";"1";"PZ";"3,49";"3,49";"0";"0";"0";"3,49";"8017596123749";"PROIZVODI ZA KUÆANSTVO"
"LUÈICE CITRONELA 20kom";"014537901";"NOOZE";"1";"PZ";"1,59";"1,59";"0";"0";"0";"1,59";"8005730029361";"PROIZVODI ZA KUÆANSTVO"
"LUÈICE CITRONELA 20kom";"014537901";"NOOZE";"1";"PZ";"1,59";"1,59";"0";"0";"0";"1,59";"8017596128461";"PROIZVODI ZA KUÆANSTVO"
"LUÈICE MIRISNE VIŠE VRSTA 24kom";"017440901";"VICINO A TE";"1";"PZ";"2,09";"2,09";"0";"0";"0";"2,09";"24101783";"PROIZVODI ZA KUÆANSTVO"
"LUÈICE MIRISNE VIŠE VRSTA 24kom";"017440901";"VICINO A TE";"1";"PZ";"2,09";"2,09";"0";"0";"0";"2,09";"24101776";"PROIZVODI ZA KUÆANSTVO"
"LUÈICE MIRISNE VIŠE VRSTA 24kom";"017440901";"VICINO A TE";"1";"PZ";"2,09";"2,09";"0";"0";"0";"2,09";"24101769";"PROIZVODI ZA KUÆANSTVO"
"LUÈICE MIRISNE VIŠE VRSTA 24kom";"017440901";"VICINO A TE";"1";"PZ";"2,09";"2,09";"0";"0";"0";"2,09";"24101752";"PROIZVODI ZA KUÆANSTVO"
"LUÈICE MIRISNE VIŠE VRSTA 24kom";"017440901";"VICINO A TE";"1";"PZ";"2,09";"2,09";"0";"0";"0";"2,09";"24101745";"PROIZVODI ZA KUÆANSTVO"
"LUÈICE MIRISNE VIŠE VRSTA 24kom";"017440901";"VICINO A TE";"1";"PZ";"2,09";"2,09";"0";"0";"0";"2,09";"24101738";"PROIZVODI ZA KUÆANSTVO"
"MAHUNARKE I ŽITARICE MIX 400g";"015588401";"DELIZIE DAL SOLE";"0,4";"KG";"1,59";"3,98";"0";"0";"0";"1,59";"8017596106124";"HRANA"
"MAHUNARKE I ŽITARICE MIX 500g";"013760801";"DELIZIE DAL SOLE";"0,5";"KG";"1,49";"2,98";"0";"0";"0";"1,49";"8017596000590";"HRANA"
"MAHUNE ZELENE 1kg";"900481501";"NO BRAND";"1";"KG";"2,35";"2,35";"0";"0";"0";"2,35";"3858891044194";"HRANA"
"MAHUNE ZELENE 400g";"016185202";"DELIZIE DAL SOLE";"0,22";"KG";"1,15";"5,23";"0";"0";"0";"1,09";"8017596131225";"HRANA"
"MAHUNE ZELENE 400g";"016185202";"DELIZIE DAL SOLE";"0,22";"KG";"1,15";"5,23";"0";"0";"0";"1,09";"8017596114075";"HRANA"
"MAHUNE ZELENE 500g";"080096102";"FOGLIA VERDE";"0,5";"KG";"2,49";"4,98";"0";"0";"0";"2,99";"9999999999994";"HRANA"
"MAHUNE ZELENE 500g";"080096102";"FOGLIA VERDE";"0,5";"KG";"2,49";"4,98";"0";"0";"0";"2,99";"3859892765194";"HRANA"
"MAHUNE ZELENE 500g";"080096102";"FOGLIA VERDE";"0,5";"KG";"2,49";"4,98";"0";"0";"0";"2,99";"8436588101013";"HRANA"
"MAHUNE ZELENE 500g";"080096102";"FOGLIA VERDE";"0,5";"KG";"2,49";"4,98";"0";"0";"0";"2,99";"3859891767830";"HRANA"
"MAHUNE ZELENE 500g";"080096102";"FOGLIA VERDE";"0,5";"KG";"2,49";"4,98";"0";"0";"0";"2,99";"8058056198181";"HRANA"
"MAHUNE ŽUTE 1kg";"900481601";"NO BRAND";"1";"KG";"2,35";"2,35";"0";"0";"0";"2,35";"3858891044200";"HRANA"
"MAJONEZA LIGHT 40% 620g";"900469801";"SUNNY NATURE";"0,62";"KG";"2,69";"4,34";"0";"0";"0";"2,69";"8017596112194";"HRANA"
"MAJONEZA STAKLENKA 620g";"900469901";"SUNNY NATURE";"0,62";"KG";"2,89";"4,66";"0";"0";"0";"2,89";"8017596112187";"HRANA"
"MAJONEZA TUBA 76% 165g";"900531301";"SUNNY NATURE";"0,165";"KG";"1,39";"8,42";"0";"0";"0";"1,39";"8017596112200";"HRANA"
"MAJONEZA VREÆICA 85g";"900469201";"SUNNY NATURE";"0,085";"KG";"0,55";"6,47";"0";"0";"0";"0,55";"8017596112217";"HRANA"
"MAKOVNJAÈA 500g S&G";"910144701";"NO BRAND";"0,5";"KG";"3,79";"7,58";"0";"0";"0";"3,79";"3830056444629";"HRANA"
"MALINA KOKOS KOLAÈ 85g";"910123701";"NO BRAND";"0,085";"KG";"1,19";"14";"0";"0";"0";"1,19";"5413476993762";"HRANA"
"MALINA SMRZNUTA 400g";"900494801";"NO BRAND";"0,4";"KG";"3,69";"9,23";"0";"0";"0";"3,49";"3858891045306";"HRANA"
"MALINE 125g";"080016402";"NO BRAND";"0,125";"KG";"2,49";"19,92";"1,99";"15,92";"2,49";"2,49";"9999999999994";"HRANA"
"MALINE 125g";"080016402";"NO BRAND";"0,125";"KG";"2,49";"19,92";"1,99";"15,92";"2,49";"2,49";"3858885875759";"HRANA"
"MALINE 125g";"080016402";"NO BRAND";"0,125";"KG";"2,49";"19,92";"1,99";"15,92";"2,49";"2,49";"3859880908991";"HRANA"
"MALINE 125g";"080016402";"NO BRAND";"0,125";"KG";"2,49";"19,92";"1,99";"15,92";"2,49";"2,49";"3859892924010";"HRANA"
"MALINE 125g";"080016402";"NO BRAND";"0,125";"KG";"2,49";"19,92";"1,99";"15,92";"2,49";"2,49";"3859893161001";"HRANA"
"MALINE 125g";"080016402";"NO BRAND";"0,125";"KG";"2,49";"19,92";"1,99";"15,92";"2,49";"2,49";"8436588100443";"HRANA"
"MALINE 125g";"080016402";"NO BRAND";"0,125";"KG";"2,49";"19,92";"1,99";"15,92";"2,49";"2,49";"3859889267243";"HRANA"
"MALINE 125g";"080016402";"NO BRAND";"0,125";"KG";"2,49";"19,92";"1,99";"15,92";"2,49";"2,49";"8058056197610";"HRANA"
"MANDARINA 2,3kg";"080524201";"NO BRAND";"2,3";"KG";"2,39";"1,04";"0";"0";"0";"2,89";"3859891767380";"HRANA"
"MANDARINA rfz";"080291402";"NO BRAND";"1";"KG";"1,29";"1,29";"0";"0";"0";"1,95";"";"HRANA"
"MANDARINE 2kg";"080377601";"NO BRAND";"2";"KG";"2,19";"1,1";"0";"0";"0";"2,49";"3858885875070";"HRANA"
"MANDARINE 2kg";"080377601";"NO BRAND";"2";"KG";"2,19";"1,1";"0";"0";"0";"2,49";"8436588101136";"HRANA"
"MANDARINE 2kg";"080377601";"NO BRAND";"2";"KG";"2,19";"1,1";"0";"0";"0";"2,49";"3859891767182";"HRANA"
"MANDARINE 2kg";"080377601";"NO BRAND";"2";"KG";"2,19";"1,1";"0";"0";"0";"2,49";"8436588102294";"HRANA"
"MANDROLE KARAMELIZIRANI BADEMI 150g";"013391801";"DOLCIANDO";"0,15";"KG";"1,99";"13,27";"0";"0";"0";"1,99";"8017596054128";"HRANA"
"MANGO kom";"080229401";"NO BRAND";"0,38";"KG";"1,29";"3,39";"0";"0";"0";"1,29";"8022095003201";"HRANA"
"MANTIJE SA SIROM 700g";"910198301";"EAT EASY AND TASTY";"0,7";"KG";"4,99";"7,13";"0";"0";"0";"4,99";"8017596046475";"HRANA"
"MANTIJE SA SIROM I ŠPINATOM 700g";"910198401";"EAT EASY AND TASTY";"0,7";"KG";"4,99";"7,13";"3,99";"5,7";"4,99";"4,99";"8017596046482";"HRANA"
"MARAMICE ZA UPIJANJE BOJE 36kom";"018030401";"DEXAL";"1";"PZ";"2,59";"2,59";"1,79";"1,79";"2,59";"2,59";"8017596125552";"SREDSTVA ZA ÈIŠÆENJE"
"MARELICA SUHA 100g";"080133901";"NO BRAND";"0,1";"KG";"0,99";"9,9";"0";"0";"0";"0,99";"9999999999994";"HRANA"
"MARELICA SUHA 100g";"080133901";"NO BRAND";"0,1";"KG";"0,99";"9,9";"0";"0";"0";"0,99";"8005912011245";"HRANA"
"MARELICE SUHE BEZ KOŠTICE 200g";"012976501";"MISTER SIBAMBA";"0,2";"KG";"3,49";"17,45";"0";"0";"0";"2,49";"8017596070203";"HRANA"
"MARGARIN 250G";"910186601";"COLLINA D'ORO";"0,25";"KG";"0,89";"3,56";"0";"0";"0";"0,89";"8017596068378";"HRANA"
"MARGARIN 500G";"910186701";"COLLINA D'ORO";"0,5";"KG";"1,49";"2,98";"0";"0";"0";"1,49";"8017596133090";"HRANA"
"MASKA ZA KOSU U SPRAYU 5u1 150ml";"017791801";"COLOR LOOK";"0,15";"LT";"3,49";"23,27";"0";"0";"0";"3,39";"8017596131508";"KOZMETIKA"
"MASKA ZA KOSU U SPRAYU 5u1 150ml";"017791801";"COLOR LOOK";"0,15";"LT";"3,49";"23,27";"0";"0";"0";"3,39";"8017596077042";"KOZMETIKA"
"MASKA ZA OBNOVU KOSE 500ml";"010198201";"NEAR YOUR XXX";"0,5";"LT";"1,99";"3,98";"0";"0";"0";"1,99";"8017596051967";"KOZMETIKA"
"MASKARA ZA VOLUMEN/DULJINU";"012782401";"FIOR DI MAGNOLIA";"1";"PZ";"3,32";"3,32";"0";"0";"0";"3,32";"8017596017970";"KOZMETIKA"
"MASKARA ZA VOLUMEN/DULJINU";"012782401";"FIOR DI MAGNOLIA";"1";"PZ";"3,32";"3,32";"0";"0";"0";"3,32";"8017596069528";"KOZMETIKA"
"MASKARA ZA VOLUMEN/DULJINU";"017437701";"FIOR DI MAGNOLIA";"1";"PZ";"3,49";"3,49";"0";"0";"0";"3,49";"8017596017970";"KOZMETIKA"
"MASKARA ZA VOLUMEN/DULJINU";"017437701";"FIOR DI MAGNOLIA";"1";"PZ";"3,49";"3,49";"0";"0";"0";"3,49";"8017596069528";"KOZMETIKA"
"MASLAC 10x10g";"012952801";"LAND";"0,1";"KG";"1,49";"14,9";"1,19";"11,9";"1,49";"1,49";"8001605015217";"HRANA"
"MASLAC 10x10g";"012952801";"LAND";"0,1";"KG";"1,49";"14,9";"1,19";"11,9";"1,49";"1,49";"8017596074508";"HRANA"
"MASLAC 250g";"900494901";"LAND";"0,25";"KG";"2,49";"9,96";"0";"0";"0";"2,79";"8017596112835";"HRANA"
"MASLAC 500g";"013804401";"LAND";"0,5";"KG";"4,95";"9,9";"0";"0";"0";"5,29";"8017596075079";"HRANA"
"MASLAC BAVARSKI 250g";"010685801";"LAND";"0,25";"KG";"2,49";"9,96";"0";"0";"0";"2,49";"4008432082812";"HRANA"
"MASLAC BAVARSKI 250g";"010685801";"LAND";"0,25";"KG";"2,49";"9,96";"0";"0";"0";"2,49";"8017596072429";"HRANA"
"MASLAC BEZ LAKTOZE 200g";"016719001";"AMO ESSERE SENZA LATTOSIO";"0,2";"KG";"2,69";"13,45";"0";"0";"0";"2,69";"8017596117960";"HRANA"
"MASLAC OD KIKIRIKIJA HRSKAVI 350g";"900452701";"NO BRAND";"0,35";"KG";"2,39";"6,83";"0";"0";"0";"2,39";"3870507004965";"HRANA"
"MASLAC OD KIKIRIKIJA KREMASTI 350g";"900452601";"NO BRAND";"0,35";"KG";"2,39";"6,83";"0";"0";"0";"2,39";"3870507004958";"HRANA"
"MASLAC ZA TIJELO 250ml";"014129601";"FIOR DI MAGNOLIA";"0,25";"LT";"2,99";"11,96";"0";"0";"0";"2,99";"8017596076168";"KOZMETIKA"
"MASLINE CRNE BEZ KOŠTICE 150g";"010344701";"VARIAGUSTO";"0,15";"KG";"1,39";"9,27";"0";"0";"0";"1,39";"8017596015150";"HRANA"
"MASLINE CRNE BEZ KOŠTICE 350g/150g";"008830701";"VARIAGUSTO";"0,15";"KG";"1,39";"9,27";"0";"0";"0";"1,39";"8017596013460";"HRANA"
"MASLINE VELIKE BEZ KOŠTICE 560/260g";"014761801";"VARIAGUSTO";"0,26";"KG";"2,39";"9,19";"0";"0";"0";"2,29";"8017596009111";"HRANA"
"MASLINE ZEL BEZ KOŠT VRE 350g/150g";"015023101";"VARIAGUSTO";"0,15";"KG";"1,39";"9,27";"0";"0";"0";"1,39";"8017596105257";"HRANA"
"MASLINE ZELENE 565g/340g";"001252601";"VARIAGUSTO";"0,34";"KG";"1,99";"5,85";"0";"0";"0";"1,99";"8002170406035";"HRANA"
"MASLINE ZELENE 565g/340g";"001252601";"VARIAGUSTO";"0,34";"KG";"1,99";"5,85";"0";"0";"0";"1,99";"8017596008237";"HRANA"
"MASLINE ZELENE BEZ KOŠT. 1675g/800g";"007113401";"VARIAGUSTO";"0,8";"KG";"5,99";"7,49";"0";"0";"0";"5,99";"8002170306373";"HRANA"
"MASLINE ZELENE BEZ KOŠT. 1675g/800g";"007113401";"VARIAGUSTO";"0,8";"KG";"5,99";"7,49";"0";"0";"0";"5,99";"8002170417512";"HRANA"
"MASLINE ZELENE BEZ KOŠT. 1675g/800g";"007113401";"VARIAGUSTO";"0,8";"KG";"5,99";"7,49";"0";"0";"0";"5,99";"8017596076540";"HRANA"
"MASLINE ZELENE BEZ KOŠTICE 150g";"010334001";"VARIAGUSTO";"0,15";"KG";"1,29";"8,6";"0";"0";"0";"1,29";"8017596052216";"HRANA"
"MASLINE ZELENE BEZ KOŠTICE 150g";"010334001";"VARIAGUSTO";"0,15";"KG";"1,29";"8,6";"0";"0";"0";"1,29";"8017596015143";"HRANA"
"MASLINE ZELENE BEZ KOŠTICE 545/250g";"001253401";"VARIAGUSTO";"0,25";"KG";"2,29";"9,16";"0";"0";"0";"1,99";"8002170407018";"HRANA"
"MASLINE ZELENE BEZ KOŠTICE 545/250g";"001253401";"VARIAGUSTO";"0,25";"KG";"2,29";"9,16";"0";"0";"0";"1,99";"8017596008244";"HRANA"
"MASLINOVO EKSTRADJEVIÈANSKO ULJE 1l";"910201801";"NO BRAND";"1";"LT";"8,49";"8,49";"0";"0";"0";"8,49";"8008460900566";"HRANA"
"MASLINOVO EKSTRADJEVIÈANSKO ULJE 1l";"910201801";"NO BRAND";"1";"LT";"8,49";"8,49";"0";"0";"0";"8,49";"8017596015556";"HRANA"
"MASLINOVO ULJE 1l";"017739501";"FRANTOIO LA ROCCA";"1";"LT";"6,99";"6,99";"0";"0";"0";"6,99";"8017596015549";"HRANA"
"MATOVILAC";"014302601";"NO BRAND";"1";"PZ";"0,59";"0,59";"0";"0";"0";"0,59";"8001553801764";"HRANA"
"MATOVILAC";"014302701";"NO BRAND";"1";"PZ";"0,59";"0,59";"0";"0";"0";"0,59";"8001553801795";"HRANA"
"MATOVILAC  100g";"080466101";"NO BRAND";"0,1";"KG";"1,09";"10,9";"0";"0";"0";"1,09";"8012566029533";"HRANA"
"MATOVILAC 250g";"080312101";"NO BRAND";"0,25";"KG";"2,39";"9,56";"0";"0";"0";"2,39";"8012566044776";"HRANA"
"MATOVILAC 250g";"080312101";"NO BRAND";"0,25";"KG";"2,39";"9,56";"0";"0";"0";"2,39";"8012566004776";"HRANA"
"MAXI KROKANT OD BADEMA 250g";"015771701";"DOLCIANDO";"0,25";"KG";"3,49";"13,96";"0";"0";"0";"3,49";"8017596109613";"HRANA"
"MAÆUHICA";"014307101";"NO BRAND";"1";"PZ";"0,59";"0,59";"0";"0";"0";"0,59";"8001553805304";"HRANA"
"MAŽURAN LIST 8g";"900333001";"NO BRAND";"0,008";"KG";"0,99";"123,75";"0";"0";"0";"0,99";"8002136025393";"HRANA"
"MED BAGREM 500g";"017655001";"DOLCIANDO";"0,5";"KG";"5,79";"11,58";"0";"0";"0";"5,79";"8017596017734";"HRANA"
"MED CVJETNI 500g";"001761601";"DOLCIANDO";"0,5";"KG";"3,98";"7,96";"0";"0";"0";"3,98";"8006099410920";"HRANA"
"MED CVJETNI 500g";"001761601";"DOLCIANDO";"0,5";"KG";"3,98";"7,96";"0";"0";"0";"3,98";"8006099413242";"HRANA"
"MED CVJETNI 500g";"001761601";"DOLCIANDO";"0,5";"KG";"3,98";"7,96";"0";"0";"0";"3,98";"8017596017741";"HRANA"
"MEDALJONI OD SVINJSKOG FILEA 400g";"910164901";"NO BRAND";"0,4";"KG";"4,99";"12,48";"0";"0";"0";"4,99";"5998002029769";"HRANA"
"MEDENJACI 800g";"910214901";"NO BRAND";"0,8";"KG";"2,69";"3,36";"0";"0";"0";"2,69";"5900658758603";"HRANA"
"MEDENJACI GLAZIRANI S ÈOKO.800g";"910215001";"NO BRAND";"0,8";"KG";"3,99";"4,99";"0";"0";"0";"3,99";"5900658758504";"HRANA"
"MEDENJACI MIX BIJELI/ÈOKOLADNI 600g";"910214801";"NO BRAND";"0,6";"KG";"3,49";"5,82";"0";"0";"0";"3,49";"5900658736908";"HRANA"
"MEDENJACI MLIJEÈNA ÈOKOLADA 400g";"910202201";"DOLCIANDO";"0,4";"KG";"2,89";"7,23";"0";"0";"0";"2,89";"8017596135469";"HRANA"
"MEDENJACI S VOÈNIM PUNJENJEM 200g";"910202401";"DOLCIANDO";"0,2";"KG";"1,49";"7,45";"0";"0";"0";"1,49";"8017596135452";"HRANA"
"MEDENJACI SWEET TIME 700g";"910202301";"NO BRAND";"0,7";"KG";"5,79";"8,27";"3,99";"5,7";"5,79";"5,99";"5900881737901";"HRANA"
"MEDITERAN GIN 37,5% 700ml";"900543501";"NO BRAND";"0,7";"LT";"8,99";"12,84";"0";"0";"0";"8,99";"3830006253011";"PIÆE"
"MEDITERANSKI CRAFT KRUH 400g";"910199701";"NO BRAND";"0,4";"KG";"1,79";"4,48";"1,29";"3,23";"1,79";"1,79";"3858894930289";"HRANA"
"MEKI BISKVIT KAK. KRE. ZVJEZD. 300g";"017934601";"DOLCIANDO";"0,3";"KG";"2,29";"7,63";"0";"0";"0";"2,29";"8017596132956";"HRANA"
"MEKI BISKVIT KAK. SA MLI.KRE. 390g";"016180201";"DOLCIANDO";"0,39";"KG";"3,29";"8,44";"0";"0";"0";"3,29";"8017596112286";"HRANA"
"MEKI BISKVIT PUNJEN KAKAOM 280g";"008392201";"DOLCIANDO";"0,28";"KG";"1,69";"6,04";"0";"0";"0";"1,69";"8017596008756";"HRANA"
"MEKI BISKVIT PUNJEN MLIJ.KREM. 280g";"008392001";"DOLCIANDO";"0,28";"KG";"1,69";"6,04";"0";"0";"0";"1,69";"8017596008732";"HRANA"
"MEKI BISKVIT PUNJEN NARANÈOM 350g";"017362501";"DOLCIANDO";"0,35";"KG";"1,99";"5,69";"0";"0";"0";"1,99";"8017596018472";"HRANA"
"MEKI BISKVIT PUNJEN ÈOKOLADOM 350g";"016368901";"DOLCIANDO";"0,35";"KG";"1,99";"5,69";"0";"0";"0";"1,99";"8017596008763";"HRANA"
"MEKI BISKVIT ŽITARICE/KREMA 270g";"018009201";"DOLCIANDO";"0,27";"KG";"2,79";"10,33";"0";"0";"0";"2,79";"8017596133489";"HRANA"
"MEKSIÈKA PITA 110g";"910089501";"NO BRAND";"0,11";"KG";"0,99";"9";"0";"0";"0";"0,99";"";"HRANA"
"MESNE POLPETE";"070043101";"NO BRAND";"1";"KG";"7,99";"7,99";"0";"0";"0";"7,29";"";"HRANA"
"MESNI NAREZAK DORUÈAK 150g";"900471901";"EAT EASY AND TASTY";"0,15";"KG";"1,09";"7,27";"0";"0";"0";"1,09";"8017596113078";"HRANA"
"MESNI NAREZAK GOVEÐI150g";"900471801";"EAT EASY AND TASTY";"0,15";"KG";"1,09";"7,27";"0";"0";"0";"1,09";"8017596113061";"HRANA"
"MESNI UŠTIPCI SA SIROM 300g";"910139101";"NO BRAND";"0,3";"KG";"3,49";"11,63";"0";"0";"0";"3,39";"3850139522884";"HRANA"
"MESNI UŠTIPCI SA SIROM 300g";"910139101";"NO BRAND";"0,3";"KG";"3,49";"11,63";"0";"0";"0";"3,39";"3850139250589";"HRANA"
"METALNA ŠKRINJICA 20G";"900599401";"NO BRAND";"0,02";"KG";"5,49";"274,5";"0";"0";"0";"3,99";"5903175686459";"HRANA"
"METLA S DRŽAÈEM ZA KRPU ECO";"017223801";"AMO ESSERE ECO";"1";"PZ";"1,99";"1,99";"0";"0";"0";"1,99";"8017596121943";"PROIZVODI ZA KUÆANSTVO"
"METLA ZA UNUT. I VANJSKE POVR. ECO";"017233001";"AMO ESSERE ECO";"1";"PZ";"1,99";"1,99";"0";"0";"0";"1,99";"8017596121905";"PROIZVODI ZA KUÆANSTVO"
"METLA ZA UNUTARNJE POVRŠINE ECO";"017276601";"AMO ESSERE ECO";"1";"PZ";"1,99";"1,99";"0";"0";"0";"1,99";"8017596121912";"PROIZVODI ZA KUÆANSTVO"
"MEXICO LISNATO PECIVO 90g";"910121301";"NO BRAND";"0,09";"KG";"0,69";"7,67";"0";"0";"0";"0,69";"5999006914259";"HRANA"
"MICELARNA VODICA ECO 200ml";"014301501";"AMO ESSERE ECO";"0,2";"LT";"2,19";"10,95";"0";"0";"0";"1,99";"8017596077820";"KOZMETIKA"
"MIJEŠ.MLJEVENO MESO-RESTORAN";"070205301";"NO BRAND";"1";"KG";"6,79";"6,79";"0";"0";"0";"6,79";"";"HRANA"
"MIJEŠANA SALATA FETA 180g";"080615701";"NO BRAND";"0,18";"KG";"2,99";"16,61";"0";"0";"0";"2,99";"3858893250616";"HRANA"
"MIJEŠANA SALATA FETA 180g";"080615701";"NO BRAND";"0,18";"KG";"2,99";"16,61";"0";"0";"0";"2,99";"3858893250579";"HRANA"
"MIJEŠANA SALATA MOZZARELLA 170g";"080616101";"NO BRAND";"0,17";"KG";"2,99";"17,59";"0";"0";"0";"2,99";"3858893250593";"HRANA"
"MIJEŠANA SALATA PILETINA 175g";"080616301";"NO BRAND";"0,175";"KG";"2,99";"17,09";"0";"0";"0";"2,99";"3858893253020";"HRANA"
"MIJEŠANA SALATA TUNA 170g";"080616201";"NO BRAND";"0,17";"KG";"2,99";"17,59";"0";"0";"0";"2,99";"3858893250555";"HRANA"
"MIJEŠANI KEKSI 200g";"910202501";"DOLCIANDO";"0,2";"KG";"2,69";"13,45";"0";"0";"0";"2,69";"8017596135445";"HRANA"
"MIJEŠANO MLJEV.MESO OBITELJ.PAK";"070201001";"NO BRAND";"1";"KG";"7,05";"7,05";"0";"0";"0";"7,05";"";"HRANA"
"MIJEŠANO MLJEVENO MESO";"070010501";"NO BRAND";"1";"KG";"7,99";"7,99";"5,99";"5,99";"7,99";"7,99";"";"HRANA"
"MIJEŠANO MLJEVENO MESO 450g";"910073301";"NO BRAND";"0,45";"KG";"4,19";"9,31";"0";"0";"0";"4,19";"3859893068461";"HRANA"
"MIJEŠANO MLJEVENO MESO 450g";"910073301";"NO BRAND";"0,45";"KG";"4,19";"9,31";"0";"0";"0";"4,19";"3858894667277";"HRANA"
"MIJEŠANO MLJEVENO MESO 450g";"910073301";"NO BRAND";"0,45";"KG";"4,19";"9,31";"0";"0";"0";"4,19";"3830053938701";"HRANA"
"MIJEŠANO MLJEVENO MESO 850g";"910073401";"NO BRAND";"0,85";"KG";"7,49";"8,81";"0";"0";"0";"6,89";"3859893068485";"HRANA"
"MIJEŠANO MLJEVENO MESO 850g";"910073401";"NO BRAND";"0,85";"KG";"7,49";"8,81";"0";"0";"0";"6,89";"3858894667284";"HRANA"
"MIJEŠANO MLJEVENO MESO 850g";"910073401";"NO BRAND";"0,85";"KG";"7,49";"8,81";"0";"0";"0";"6,89";"3830053938725";"HRANA"
"MIJEŠANO MLJEVENO MESO PREMIUM";"070211001";"NO BRAND";"1";"KG";"8,99";"8,99";"0";"0";"0";"9,99";"";"HRANA"
"MIKS SJEMENJA ZA STALAK";"014299901";"NO BRAND";"1";"PZ";"401,49";"401,49";"0";"0";"0";"401,49";"";"HRANA"
"MILANO SALAMA 100g";"018590601";"FRESCHE FETTE";"0,1";"KG";"1,89";"18,9";"0";"0";"0";"1,89";"8017596075703";"HRANA"
"MILANO SALAMA 150g";"011371001";"LA BOTTEGA DEL GUSTO";"0,15";"KG";"2,19";"14,6";"1,49";"9,93";"2,19";"2,19";"8017596007131";"HRANA"
"MILANO SALAMA 150g";"011371001";"LA BOTTEGA DEL GUSTO";"0,15";"KG";"2,19";"14,6";"1,49";"9,93";"2,19";"2,19";"8005214000336";"HRANA"
"MILANO SALAMA 350g";"010754301";"LA BOTTEGA DEL GUSTO";"0,35";"KG";"4,49";"12,83";"0";"0";"0";"4,49";"8017596057587";"HRANA"
"MILK SNACK KAKAO/MED 4X30g";"016381301";"DOLCIANDO";"0,12";"KG";"1,45";"12,08";"0";"0";"0";"1,39";"24100700";"HRANA"
"MILK SNACK KAKAO/MED 4X30g";"016381301";"DOLCIANDO";"0,12";"KG";"1,45";"12,08";"0";"0";"0";"1,39";"24100717";"HRANA"
"MILK ŠNITA S&G 700g";"910190101";"NO BRAND";"0,7";"KG";"5,99";"8,56";"0";"0";"0";"5,99";"3830056444889";"HRANA"
"MINESTRONE 10 MINUTA 450g";"011608401";"DELIZIE DAL SOLE";"0,45";"KG";"1,69";"3,76";"0";"0";"0";"1,99";"8017596042187";"HRANA"
"MINESTRONE MIKS 14 VRSTA POVR 1,5kg";"009053801";"DELIZIE DAL SOLE";"1,5";"KG";"2,89";"1,93";"0";"0";"0";"2,89";"8017596042088";"HRANA"
"MINESTRONE MIKS LAGANI 600g";"011743501";"DELIZIE DAL SOLE";"0,6";"KG";"1,29";"2,15";"0";"0";"0";"1,29";"8017596042309";"HRANA"
"MINESTRONE MIX 16 VRSTA POVRÆA 600g";"008803701";"DELIZIE DAL SOLE";"0,6";"KG";"1,59";"2,65";"0";"0";"0";"1,59";"8017596042040";"HRANA"
"MINI CROISSANT 1kg";"900473601";"NO BRAND";"1";"KG";"2,19";"2,19";"0";"0";"0";"2,19";"8606015916033";"HRANA"
"MINI KRAFNA SPECULICIOUS 25g";"910218201";"NO BRAND";"0,025";"KG";"0,49";"19,6";"0";"0";"0";"0,49";"";"HRANA"
"MINI KRAFNA ÈOKO-LJEŠNJAK 25g";"910151601";"NO BRAND";"0,025";"KG";"0,39";"15,6";"0";"0";"0";"0,39";"";"HRANA"
"MINI KRAFNA ŠUMSKO VOÆE 25g";"910177401";"NO BRAND";"0,025";"KG";"0,39";"15,6";"0";"0";"0";"0,39";"";"HRANA"
"MINI KREKER CHIA/KVINOJA 250g";"018076101";"MAMBO KIDS";"0,25";"KG";"1,59";"6,36";"0";"0";"0";"1,59";"8017596133960";"HRANA"
"MINI KREKERI 250g";"016304701";"MAMBO KIDS";"0,25";"KG";"1,59";"6,36";"0";"0";"0";"1,39";"8017596113269";"HRANA"
"MINI KREKERI KUKUR/ŽITARICE BIO 80g";"018200801";"AMO ESSERE BIO";"0,08";"KG";"0,99";"12,38";"0";"0";"0";"0,99";"8017596112682";"HRANA"
"MINI KUKURUZNI KREKERI BIO 100g";"018200701";"AMO ESSERE BIO";"0,1";"KG";"0,99";"9,9";"0";"0";"0";"0,99";"8017596112675";"HRANA"
"MINI PITE S MARELICOM 6 kom 240g";"017481701";"DOLCIANDO";"0,24";"KG";"1,39";"5,79";"0";"0";"0";"1,39";"8017596129031";"HRANA"
"MINI PITE S ÈOKOLADOM 6 kom 240g";"017481601";"DOLCIANDO";"0,24";"KG";"1,39";"5,79";"0";"0";"0";"1,39";"8017596065698";"HRANA"
"MINI PIZZE MARGHERITA 12kom 1080g";"009409201";"TRE MULINI";"1,08";"KG";"7,99";"7,4";"0";"0";"0";"7,99";"8017596041210";"HRANA"
"MINI PIZZE MARGHERITA 4kom 360g";"017685001";"TRE MULINI";"0,36";"KG";"2,49";"6,92";"0";"0";"0";"2,49";"8017596041401";"HRANA"
"MINI RAJÈICA BUMBLEBEE 200g";"080620201";"NO BRAND";"0,2";"KG";"2,79";"13,95";"0";"0";"0";"2,99";"3859890369141";"HRANA"
"MINI RAJÈICA SUNSTREAM 250g";"080620101";"NO BRAND";"0,25";"KG";"2,79";"11,16";"0";"0";"0";"2,99";"3856021228551";"HRANA"
"MINI RAJÈICA SUNSTREAM 250g";"080620101";"NO BRAND";"0,25";"KG";"2,79";"11,16";"0";"0";"0";"2,99";"3859890369042";"HRANA"
"MINI ÈOKOLADE 4X15g";"900633001";"NO BRAND";"0,06";"KG";"1,69";"28,17";"0";"0";"0";"1,69";"5907443604701";"HRANA"
"MINI ÈOKOLADE 4X15g";"900633001";"NO BRAND";"0,06";"KG";"1,69";"28,17";"0";"0";"0";"1,69";"5905858674852";"HRANA"
"MINI ŠPINAT 250g";"080503001";"NO BRAND";"0,25";"KG";"2,39";"9,56";"0";"0";"0";"2,39";"8012566005063";"HRANA"
"MIRIS ZA RUBLJE I TVRDE POV. 250ml";"015922901";"DEXAL";"0,25";"LT";"3,09";"12,36";"0";"0";"0";"3,09";"24100977";"SREDSTVA ZA ÈIŠÆENJE"
"MIRIS ZA RUBLJE I TVRDE POV. 250ml";"015922901";"DEXAL";"0,25";"LT";"3,09";"12,36";"0";"0";"0";"3,09";"24101004";"SREDSTVA ZA ÈIŠÆENJE"
"MIRIS ZA RUBLJE I TVRDE POV. 250ml";"015922901";"DEXAL";"0,25";"LT";"3,09";"12,36";"0";"0";"0";"3,09";"24100984";"SREDSTVA ZA ÈIŠÆENJE"
"MIRIS ZA RUBLJE I TVRDE POV. 250ml";"015922901";"DEXAL";"0,25";"LT";"3,09";"12,36";"0";"0";"0";"3,09";"24100991";"SREDSTVA ZA ÈIŠÆENJE"
"MIRIS ZA RUBLJE I TVRDE POV. 250ml";"015922901";"DEXAL";"0,25";"LT";"3,09";"12,36";"0";"0";"0";"3,09";"8000903770118";"SREDSTVA ZA ÈIŠÆENJE"
"MIRIS ZA RUBLJE I TVRDE POV. 250ml";"015922901";"DEXAL";"0,25";"LT";"3,09";"12,36";"0";"0";"0";"3,09";"8000903770132";"SREDSTVA ZA ÈIŠÆENJE"
"MIRIS ZA RUBLJE I TVRDE POV. 250ml";"015922901";"DEXAL";"0,25";"LT";"3,09";"12,36";"0";"0";"0";"3,09";"8000903770125";"SREDSTVA ZA ÈIŠÆENJE"
"MIRIS ZA RUBLJE I TVRDE POV. 250ml";"015922901";"DEXAL";"0,25";"LT";"3,09";"12,36";"0";"0";"0";"3,09";"8000903770149";"SREDSTVA ZA ÈIŠÆENJE"
"MIRIS ZA RUBLJE I TVRDE POV. 250ml";"015922901";"DEXAL";"0,25";"LT";"3,09";"12,36";"0";"0";"0";"3,09";"8000903712057";"SREDSTVA ZA ÈIŠÆENJE"
"MIRIS ZA RUBLJE I TVRDE POV. 250ml";"015922901";"DEXAL";"0,25";"LT";"3,09";"12,36";"0";"0";"0";"3,09";"8000903712071";"SREDSTVA ZA ÈIŠÆENJE"
"MIRIS ZA RUBLJE I TVRDE POV. 250ml";"015922901";"DEXAL";"0,25";"LT";"3,09";"12,36";"0";"0";"0";"3,09";"8000903712064";"SREDSTVA ZA ÈIŠÆENJE"
"MIRIS ZA RUBLJE I TVRDE POV. 250ml";"015922901";"DEXAL";"0,25";"LT";"3,09";"12,36";"0";"0";"0";"3,09";"8000903712088";"SREDSTVA ZA ÈIŠÆENJE"
"MIRISNA VODA ZA TIJELO 200ml";"011850201";"FIOR DI MAGNOLIA";"0,2";"LT";"3,99";"19,95";"0";"0";"0";"3,99";"8017596075826";"KOZMETIKA"
"MIRISNA VODA ZA TIJELO 200ml";"011850201";"FIOR DI MAGNOLIA";"0,2";"LT";"3,99";"19,95";"0";"0";"0";"3,99";"8017596075796";"KOZMETIKA"
"MIRISNA VODA ZA TIJELO 200ml";"011850201";"FIOR DI MAGNOLIA";"0,2";"LT";"3,99";"19,95";"0";"0";"0";"3,99";"8017596075802";"KOZMETIKA"
"MIRISNA VODA ZA TIJELO 200ml";"011850201";"FIOR DI MAGNOLIA";"0,2";"LT";"3,99";"19,95";"0";"0";"0";"3,99";"8017596075819";"KOZMETIKA"
"MIRISNA VODA ZA TIJELO 200ml";"011850201";"FIOR DI MAGNOLIA";"0,2";"LT";"3,99";"19,95";"0";"0";"0";"3,99";"8017596075864";"KOZMETIKA"
"MIRISNA VODA ZA TIJELO 200ml";"011850201";"FIOR DI MAGNOLIA";"0,2";"LT";"3,99";"19,95";"0";"0";"0";"3,99";"8017596075871";"KOZMETIKA"
"MIRISNA VODA ZA TIJELO 200ml";"011850201";"FIOR DI MAGNOLIA";"0,2";"LT";"3,99";"19,95";"0";"0";"0";"3,99";"8017596075840";"KOZMETIKA"
"MIRISNA VODA ZA TIJELO 200ml";"011850201";"FIOR DI MAGNOLIA";"0,2";"LT";"3,99";"19,95";"0";"0";"0";"3,99";"8017596075857";"KOZMETIKA"
"MIRISNA VODA ZA TIJELO 200ml";"011850201";"FIOR DI MAGNOLIA";"0,2";"LT";"3,99";"19,95";"0";"0";"0";"3,99";"8017596065971";"KOZMETIKA"
"MIRISNA VODA ZA TIJELO 200ml";"011850201";"FIOR DI MAGNOLIA";"0,2";"LT";"3,99";"19,95";"0";"0";"0";"3,99";"8017596065957";"KOZMETIKA"
"MIRISNA VODA ZA TIJELO 200ml";"011850201";"FIOR DI MAGNOLIA";"0,2";"LT";"3,99";"19,95";"0";"0";"0";"3,99";"8017596065964";"KOZMETIKA"
"MIRISNA VODA ZA TIJELO 200ml";"011850201";"FIOR DI MAGNOLIA";"0,2";"LT";"3,99";"19,95";"0";"0";"0";"3,99";"8017596065988";"KOZMETIKA"
"MIRISNE PERL. ZA PRANJE RUBLJA 185g";"017183801";"DEXAL";"0,185";"KG";"4,19";"22,65";"2,99";"16,16";"4,19";"4,19";"8017596121431";"SREDSTVA ZA ÈIŠÆENJE"
"MIRISNE PERL. ZA PRANJE RUBLJA 185g";"017183801";"DEXAL";"0,185";"KG";"4,19";"22,65";"2,99";"16,16";"4,19";"4,19";"8017596121448";"SREDSTVA ZA ÈIŠÆENJE"
"MIRISNE PERL. ZA PRANJE RUBLJA 185g";"017183801";"DEXAL";"0,185";"KG";"4,19";"22,65";"2,99";"16,16";"4,19";"4,19";"8017596121455";"SREDSTVA ZA ÈIŠÆENJE"
"MIRISNE PERL. ZA PRANJE RUBLJA 185g";"017183801";"DEXAL";"0,185";"KG";"4,19";"22,65";"2,99";"16,16";"4,19";"4,19";"8008090608030";"SREDSTVA ZA ÈIŠÆENJE"
"MIRISNE PERL. ZA PRANJE RUBLJA 185g";"017183801";"DEXAL";"0,185";"KG";"4,19";"22,65";"2,99";"16,16";"4,19";"4,19";"8008090608047";"SREDSTVA ZA ÈIŠÆENJE"
"MIRISNE PERL. ZA PRANJE RUBLJA 185g";"017183801";"DEXAL";"0,185";"KG";"4,19";"22,65";"2,99";"16,16";"4,19";"4,19";"8008090608023";"SREDSTVA ZA ÈIŠÆENJE"
"MIRISNE PERL. ZA PRANJE RUBLJA 185g";"017183801";"DEXAL";"0,185";"KG";"4,19";"22,65";"2,99";"16,16";"4,19";"4,19";"8008090608917";"SREDSTVA ZA ÈIŠÆENJE"
"MIRISNE PERL. ZA PRANJE RUBLJA 185g";"017183801";"DEXAL";"0,185";"KG";"4,19";"22,65";"2,99";"16,16";"4,19";"4,19";"8008090608931";"SREDSTVA ZA ÈIŠÆENJE"
"MIX BOMBONA 400 G";"900590201";"NO BRAND";"0,4";"KG";"2,99";"7,48";"0";"0";"0";"2,65";"3838700389586";"HRANA"
"MIX BOŽIÆNIH SVJEŽIH KOLAÈA 420g";"910213201";"NO BRAND";"0,42";"PZ";"6,99";"16,64";"0";"0";"0";"6,99";"3858894682348";"HRANA"
"MIX BOŽIÆNIH SVJEŽIH KOLAÈA 500g";"910213301";"NO BRAND";"0,5";"PZ";"9,99";"19,98";"0";"0";"0";"9,99";"3858894682355";"HRANA"
"MIX BOŽIÆNIH SVJEŽIH KOLAÈA 550g";"910213401";"NO BRAND";"0,55";"PZ";"8,99";"16,35";"0";"0";"0";"8,99";"3858894682300";"HRANA"
"MIX CVIJEÆA";"014307001";"NO BRAND";"1";"PZ";"0,59";"0,59";"0";"0";"0";"0,59";"8001553805175";"HRANA"
"MIX DOMAÆIH SUHIH KOLAÈA 500g";"910004901";"NO BRAND";"0,5";"KG";"4,89";"9,78";"0";"0";"0";"4,89";"3859888257221";"HRANA"
"MIX DOMAÆIH SVJEŽIH KOLAÆA 400g";"910132701";"NO BRAND";"0,4";"KG";"4,99";"12,48";"0";"0";"0";"4,59";"3858894680757";"HRANA"
"MIX DOMAÆIH SVJEŽIH KOLAÈA 1000g";"910132601";"NO BRAND";"1";"KG";"9,99";"9,99";"0";"0";"0";"8,99";"3858894680733";"HRANA"
"MIX JUNETINE ZA JUHU";"070029101";"NO BRAND";"1";"KG";"7,99";"7,99";"0";"0";"0";"7,99";"";"HRANA"
"MIX JUNETINE ZA JUHU (S REBRIMA)";"910164401";"NO BRAND";"1";"KG";"7,59";"7,59";"0";"0";"0";"7,59";"";"HRANA"
"MIX LEDENI DESERT 6KOM 450g";"016243301";"DOLCIANDO";"0,45";"KG";"2,99";"6,64";"0";"0";"0";"2,99";"8017596044280";"HRANA"
"MIX MEKUŠCI, RIBE I RAKOVI 500g";"015935201";"ATHENA";"0,5";"KG";"6,99";"13,98";"0";"0";"0";"6,79";"8017596040428";"HRANA"
"MIX MORSKI NAREZAN 800g";"006188701";"ONDINA";"0,8";"KG";"6,49";"8,11";"0";"0";"0";"6,39";"8017596001313";"HRANA"
"MIX MORSKI NAREZAN 800g";"006188701";"ONDINA";"0,8";"KG";"6,49";"8,11";"0";"0";"0";"6,39";"8017596001191";"HRANA"
"MIX ORAŠASTOG VOÆA PRŽ.SL.250g";"018305801";"MISTER SIBAMBA";"0,25";"KG";"2,19";"8,76";"0";"0";"0";"2,19";"8017596014238";"HRANA"
"MIX POVRÆA ZA FRANCUSKU SALATU 1kg";"900481301";"NO BRAND";"1";"KG";"2,39";"2,39";"0";"0";"0";"2,39";"3858891044187";"HRANA"
"MIX PRALINA 300g";"016948901";"DOLCIANDO";"0,3";"KG";"4,99";"16,63";"0";"0";"0";"4,49";"8017596121271";"HRANA"
"MIX SUHO VOÆE 150g";"012993501";"MISTER SIBAMBA";"0,15";"KG";"1,99";"13,27";"0";"0";"0";"1,99";"8017596108609";"HRANA"
"MIX SUHO VOÆE 150g";"012993501";"MISTER SIBAMBA";"0,15";"KG";"1,99";"13,27";"0";"0";"0";"1,99";"8028618003208";"HRANA"
"MIX SUHO VOÆE FITNESS 150g";"013843701";"MISTER SIBAMBA";"0,15";"KG";"1,86";"12,4";"0";"0";"0";"1,86";"8017596071729";"HRANA"
"MIX ZAÈINA PAPRIKA I SARMA 60g";"910023101";"EAT EASY AND TASTY";"0,06";"KG";"0,69";"11,5";"0";"0";"0";"0,69";"8017596111869";"HRANA"
"MIX ZAÈINA PLJESKAVICE I ÈEVAPI 50g";"910022901";"EAT EASY AND TASTY";"0,05";"KG";"0,69";"13,8";"0";"0";"0";"0,69";"8017596111883";"HRANA"
"MIX ZAÈINA ZA GULAŠ I PAPRIKAŠ 50g";"910022601";"EAT EASY AND TASTY";"0,05";"KG";"0,69";"13,8";"0";"0";"0";"0,69";"8017596111876";"HRANA"
"MJE.PRIPR.KOLAÈA BEZ GLUT 400g";"013452301";"AMO ESSERE SENZA GLUTINE";"0,4";"KG";"1,89";"4,73";"0";"0";"0";"1,89";"8017596072924";"HRANA"
"MJEŠAV. PLODOVA MORA I POVRÆA 300g";"008170301";"ATHENA";"0,3";"KG";"2,99";"9,97";"0";"0";"0";"2,89";"8000489002160";"HRANA"
"MJEŠAV. PLODOVA MORA I POVRÆA 300g";"008170301";"ATHENA";"0,3";"KG";"2,99";"9,97";"0";"0";"0";"2,89";"8017596001382";"HRANA"
"MJEŠAV. PLODOVA MORA I POVRÆA 300g";"008170301";"ATHENA";"0,3";"KG";"2,99";"9,97";"0";"0";"0";"2,89";"5602489006709";"HRANA"
"MJEŠAVINA EGZOTIÈNOG VOÆA";"080121301";"NO BRAND";"0,1";"KG";"0,99";"9,9";"0";"0";"0";"0,99";"9999999999994";"HRANA"
"MJEŠAVINA EGZOTIÈNOG VOÆA";"080121301";"NO BRAND";"0,1";"KG";"0,99";"9,9";"0";"0";"0";"0,99";"8005912012693";"HRANA"
"MJEŠAVINA MOR. PLOD. ZA RIŽOTO 300g";"008187601";"ATHENA";"0,3";"KG";"3,69";"12,3";"2,49";"8,3";"3,69";"3,69";"8017596001047";"HRANA"
"MJEŠAVINA MOR. PLOD. ZA RIŽOTO 300g";"008187601";"ATHENA";"0,3";"KG";"3,69";"12,3";"2,49";"8,3";"3,69";"3,69";"5602489006716";"HRANA"
"MJEŠAVINA PIKANT 100g";"080120901";"MISTER SIBAMBA";"0,1";"KG";"0,99";"9,9";"0";"0";"0";"0,99";"9999999999994";"HRANA"
"MJEŠAVINA PIKANT 100g";"080120901";"MISTER SIBAMBA";"0,1";"KG";"0,99";"9,9";"0";"0";"0";"0,99";"8005912008245";"HRANA"
"MJEŠAVINA POVRÆA ZA DINSTANJE 300g";"015245701";"DELIZIE DAL SOLE";"0,3";"KG";"0,89";"2,97";"0";"0";"0";"0,89";"8017596042316";"HRANA"
"MJEŠAVINA ZA BOLOGNESE UMAK 60g";"900483701";"EAT EASY AND TASTY";"0,06";"KG";"0,69";"11,5";"0";"0";"0";"0,69";"8017596111852";"HRANA"
"MJEŠAVINA ZAÈINA SVINJETINA 40g";"900454201";"DON JEREZ";"0,04";"KG";"0,45";"11,25";"0";"0";"0";"0,45";"8017596109910";"HRANA"
"MJEŠAVINA ZAÈINA ZA GRAH 60g";"910021901";"EAT EASY AND TASTY";"0,06";"KG";"0,69";"11,5";"0";"0";"0";"0,69";"8017596111845";"HRANA"
"MJEŠAVINA ZAÈINA ZA KRUMPIR 40g";"900454001";"DON JEREZ";"0,04";"KG";"0,45";"11,25";"0";"0";"0";"0,45";"8017596109903";"HRANA"
"MJEŠAVINA ZAÈINA ZA PILETINU 170g";"900453901";"DON JEREZ";"0,17";"KG";"1,49";"8,76";"0";"0";"0";"1,39";"8017596109880";"HRANA"
"MJEŠAVINA ZAÈINA ZA RIBU 40g";"900454101";"DON JEREZ";"0,04";"KG";"0,45";"11,25";"0";"0";"0";"0,45";"8017596109897";"HRANA"
"MJEŠAVINA ZAÈINA ZA ROŠTILJ 170g";"900453801";"TRE MULINI";"0,17";"KG";"1,39";"8,18";"0";"0";"0";"1,39";"8017596109873";"HRANA"
"MLADA JANJETINA BEZ GLAVE";"070085601";"NO BRAND";"1";"KG";"14,99";"14,99";"0";"0";"0";"14,99";"";"HRANA"
"MLADA JANJETINA S GLAVOM";"070206201";"NO BRAND";"1";"KG";"12,99";"12,99";"0";"0";"0";"12,99";"";"HRANA"
"MLADA JUNETINA BUT RUŽA BK";"070209001";"NO BRAND";"1";"KG";"15,99";"15,99";"0";"0";"0";"14,29";"";"HRANA"
"MLADA TELEÆA JETRICA";"070039501";"NO BRAND";"1";"KG";"11,99";"11,99";"0";"0";"0";"11,99";"";"HRANA"
"MLIJEKO BEZ LAKTOZE 1l";"011683001";"AMO ESSERE SENZA LATTOSIO";"1";"LT";"1,39";"1,39";"0";"0";"0";"1,39";"8017596073938";"HRANA"
"MLIJEKO TRAJNO 1,5% m.m. ÈEP 1l";"900277201";"LAND";"1";"LT";"0,95";"0,95";"0";"0";"0";"0,95";"9006207069001";"HRANA"
"MLIJEKO TRAJNO 1,5% m.m. ÈEP 1l";"900277201";"LAND";"1";"LT";"0,95";"0,95";"0";"0";"0";"0,95";"8017596074621";"HRANA"
"MLIJEKO TRAJNO 2,8% m.m.1l";"910051501";"LAND";"1";"LT";"0,79";"0,79";"0";"0";"0";"0,79";"8017596112910";"HRANA"
"MLIJEKO TRAJNO 2,8% m.m.ÈEP 1L";"910213101";"LAND";"1";"LT";"0,83";"0,83";"0";"0";"0";"0,82";"8017596136282";"HRANA"
"MLIJEKO TRAJNO 3,5% m.m. ÈEP 1l";"900277301";"LAND";"1";"LT";"1,09";"1,09";"0";"0";"0";"1,05";"9006207069100";"HRANA"
"MLIJEKO TRAJNO 3,5% m.m. ÈEP 1l";"900277301";"LAND";"1";"LT";"1,09";"1,09";"0";"0";"0";"1,05";"8017596074614";"HRANA"
"MLIJEKO TRAJNO BEZ LAKT.PROTEIN 1l";"017279801";"PASCOLI ITALIANI";"1";"LT";"1,59";"1,59";"1,25";"1,25";"1,59";"1,59";"8017596123602";"HRANA"
"MLIJEKO ZA SUNÈANJE SPF30 250ml";"018432901";"NEAR YOUR XXX";"0,25";"LT";"4,99";"19,96";"0";"0";"0";"4,99";"8017596137005";"KOZMETIKA"
"MLIJEKO ZA ÈIŠÆENJE LICA 250ml";"014431001";"FIOR DI MAGNOLIA";"0,25";"LT";"1,79";"7,16";"0";"0";"0";"1,79";"8017596000873";"KOZMETIKA"
"MLIJEKO ÈOKOLADNO 3X200ml";"013947901";"LAND";"0,6";"LT";"1,45";"2,42";"0";"0";"0";"1,45";"8017596074560";"HRANA"
"MLIJEÈNA ROLADA 6 kom 222g";"017362601";"DOLCIANDO";"0,222";"KG";"1,49";"6,71";"0";"0";"0";"1,49";"8017596110008";"HRANA"
"MLIJEÈNI DESERT CARAMEL 6X100g";"018431701";"DOLCIANDO";"0,6";"KG";"1,69";"2,82";"0";"0";"0";"1,69";"8017596133885";"HRANA"
"MLIJEÈNI N. FERMENTI.VOÆNI 6X100g";"010289801";"LAND";"0,6";"KG";"1,79";"2,98";"0";"0";"0";"1,69";"8017596018571";"HRANA"
"MLIJEÈNI N.FERMENTI.JAGODA 6X100g";"008494201";"LAND";"0,6";"KG";"1,79";"2,98";"0";"0";"0";"1,59";"8017596010575";"HRANA"
"MLIJEÈNI NAMAZ 30% m.m. 70g";"910077002";"NO BRAND";"0,07";"KG";"0,49";"7";"0";"0";"0";"0,55";"3870199003017";"HRANA"
"MLIJEÈNI NAMAZ 30% m.m. 70g";"910077002";"NO BRAND";"0,07";"KG";"0,49";"7";"0";"0";"0";"0,55";"3870199000993";"HRANA"
"MLINCI BEZ JAJA 400g";"900334101";"TRE MULINI";"0,4";"KG";"1,79";"4,48";"1,49";"3,73";"1,79";"1,79";"3830013190200";"HRANA"
"MLINCI BEZ JAJA 400g";"900334101";"TRE MULINI";"0,4";"KG";"1,79";"4,48";"1,49";"3,73";"1,79";"1,79";"8017596111357";"HRANA"
"MLINCI S JAJIMA 250G";"910128901";"NO BRAND";"0,25";"KG";"1,09";"4,36";"0";"0";"0";"1,09";"3856016906686";"HRANA"
"MLINCI S JAJIMA 250G";"910128901";"NO BRAND";"0,25";"KG";"1,09";"4,36";"0";"0";"0";"1,09";"3856016905580";"HRANA"
"MLJEVENA PAPRIKA SLATKA 100g";"900459501";"DON JEREZ";"0,1";"KG";"1,29";"12,9";"0";"0";"0";"1,29";"8017596109705";"HRANA"
"MLJEVENA PAPRIKA SLATKA 200g";"900459701";"DON JEREZ";"0,2";"KG";"1,99";"9,95";"0";"0";"0";"1,99";"8017596109712";"HRANA"
"MLJEVENI BADEM 200G";"080155701";"NO BRAND";"0,2";"KG";"3,19";"15,95";"0";"0";"0";"3,19";"9999999999994";"HRANA"
"MLJEVENI BADEM 200G";"080155701";"NO BRAND";"0,2";"KG";"3,19";"15,95";"0";"0";"0";"3,19";"8005912011412";"HRANA"
"MLJEVENI MAK 200g";"900464601";"NO BRAND";"0,2";"KG";"1,49";"7,45";"0";"0";"0";"1,49";"3859893282522";"HRANA"
"MLJEVENI ROGAÈ 200g";"900464801";"NO BRAND";"0,2";"KG";"0,8";"4";"0";"0";"0";"0,8";"3859893282492";"HRANA"
"MONO STUDENT MIX 75g";"080587201";"NO BRAND";"0,075";"KG";"0,99";"13,2";"0";"0";"0";"0,99";"8005912014697";"HRANA"
"MONTE TORTA 950g";"910197301";"NO BRAND";"0,95";"KG";"15,9";"16,74";"0";"0";"0";"15,9";"3858894681907";"HRANA"
"MOP NASTAVAK ZA POD OD MICROVLAKANA";"017223901";"AMO ESSERE ECO";"1";"PZ";"1,99";"1,99";"0";"0";"0";"1,59";"8017596121950";"PROIZVODI ZA KUÆANSTVO"
"MOP REZERVNI PAMUÈNI ECO 1kom";"016163301";"SISTEMA CASA";"1";"PZ";"2,99";"2,99";"0";"0";"0";"3,05";"8017596161505";"PROIZVODI ZA KUÆANSTVO"
"MOP REZERVNI ZA POD VIŠENAMJENSKI";"015886901";"SISTEMA CASA";"1";"PZ";"1,79";"1,79";"0";"0";"0";"1,79";"8017596110428";"PROIZVODI ZA KUÆANSTVO"
"MORTADELA 150g";"010931201";"LA BOTTEGA DEL GUSTO";"0,15";"KG";"1,79";"11,93";"1,25";"8,33";"1,79";"1,79";"8017596007117";"HRANA"
"MORTADELA 150g";"010931201";"LA BOTTEGA DEL GUSTO";"0,15";"KG";"1,79";"11,93";"1,25";"8,33";"1,79";"1,79";"8005214000305";"HRANA"
"MORTADELA 700g";"015688401";"LA BOTTEGA DEL GUSTO";"0,7";"KG";"4,49";"6,41";"0";"0";"0";"4,49";"8017596052612";"HRANA"
"MORTADELA S MASLINAMA 150g";"910024701";"MEAT APPETIT";"0,15";"KG";"1,79";"11,93";"0";"0";"0";"1,79";"3850139520279";"HRANA"
"MORTADELA S MASLINAMA 150g";"910024701";"MEAT APPETIT";"0,15";"KG";"1,79";"11,93";"0";"0";"0";"1,79";"8017596129406";"HRANA"
"MORTADELA S MASLINAMA 700g";"900478601";"NO BRAND";"0,7";"KG";"4,49";"6,41";"0";"0";"0";"4,49";"8018896661535";"HRANA"
"MORTADELA S PISTACIJAMA 500g";"900478701";"NO BRAND";"0,5";"KG";"3,39";"6,78";"0";"0";"0";"3,39";"8018896661177";"HRANA"
"MORTADELLA BOLOGNA IGP FF 150g";"018528901";"FRESCHE FETTE";"0,15";"KG";"2,35";"15,67";"0";"0";"0";"2,35";"8017596052452";"HRANA"
"MOUSSE PROTEIN ÈOKOLADA 170g";"017627901";"DOLCIANDO";"0,17";"KG";"1,19";"7";"0";"0";"0";"1,19";"24101660";"HRANA"
"MOUSSE VOÆNI 125g";"009023601";"LAND";"0,125";"KG";"0,59";"4,72";"0";"0";"0";"0,55";"8017596008947";"HRANA"
"MOUSSE VOÆNI 125g";"009023601";"LAND";"0,125";"KG";"0,59";"4,72";"0";"0";"0";"0,55";"8017596102782";"HRANA"
"MOUSSE VOÆNI 125g";"009023601";"LAND";"0,125";"KG";"0,59";"4,72";"0";"0";"0";"0,55";"8017596070029";"HRANA"
"MOUSSE VOÆNI 125g";"009023601";"LAND";"0,125";"KG";"0,59";"4,72";"0";"0";"0";"0,55";"8017596070012";"HRANA"
"MOUSSE ZA MAÈKE PREMIUM 8x85g 680g";"015613901";"RADAMES";"0,68";"KG";"4,89";"7,19";"3,49";"5,13";"4,89";"4,89";"8017596106858";"PROIZVODI ZA KUÆANSTVO"
"MRKVA";"014300101";"NO BRAND";"1";"PZ";"0,59";"0,59";"0";"0";"0";"0,59";"8001553801207";"HRANA"
"MRKVA";"014300201";"NO BRAND";"1";"PZ";"0,59";"0,59";"0";"0";"0";"0,59";"8001553801269";"HRANA"
"MRKVA 1kg";"080034201";"NO BRAND";"1";"KG";"1,19";"1,19";"0";"0";"0";"1,25";"9999999999994";"HRANA"
"MRKVA 1kg";"080034201";"NO BRAND";"1";"KG";"1,19";"1,19";"0";"0";"0";"1,25";"3850334021243";"HRANA"
"MRKVA 1kg";"080034201";"NO BRAND";"1";"KG";"1,19";"1,19";"0";"0";"0";"1,25";"3858885875162";"HRANA"
"MRKVA 1kg";"080034201";"NO BRAND";"1";"KG";"1,19";"1,19";"0";"0";"0";"1,25";"3858885875766";"HRANA"
"MRKVA 1kg";"080034201";"NO BRAND";"1";"KG";"1,19";"1,19";"0";"0";"0";"1,25";"3859891767007";"HRANA"
"MRKVA 1kg";"080034201";"NO BRAND";"1";"KG";"1,19";"1,19";"0";"0";"0";"1,25";"3859894093004";"HRANA"
"MRKVA 1kg";"080034201";"NO BRAND";"1";"KG";"1,19";"1,19";"0";"0";"0";"1,25";"3857500102157";"HRANA"
"MRKVA 1kg";"080034201";"NO BRAND";"1";"KG";"1,19";"1,19";"0";"0";"0";"1,25";"3859893211270";"HRANA"
"MRKVA BABY 200g";"080191801";"NO BRAND";"0,2";"KG";"1,39";"6,95";"0";"0";"0";"1,39";"9999999999994";"HRANA"
"MRKVA BABY 200g";"080191801";"NO BRAND";"0,2";"KG";"1,39";"6,95";"0";"0";"0";"1,39";"9999999999994";"HRANA"
"MRKVA BABY 200g";"080191801";"NO BRAND";"0,2";"KG";"1,39";"6,95";"0";"0";"0";"1,39";"8012566035497";"HRANA"
"MRKVA JULIENNE 200g";"080600901";"NO BRAND";"0,2";"KG";"0,89";"4,45";"0";"0";"0";"0,79";"3858893250456";"HRANA"
"MRKVA rfz";"080054401";"NO BRAND";"1";"KG";"0,79";"0,79";"0";"0";"0";"0,79";"";"HRANA"
"MUESLI HRSKAVI ZOBENI 400g";"016683201";"TRE MULINI";"0,4";"KG";"2,29";"5,73";"0";"0";"0";"2,29";"8017596115287";"HRANA"
"MUESLI SA GROŽÐ/ORAŠ.VOÆEM 1KG";"910190301";"TRE MULINI";"1";"KG";"3,39";"3,39";"0";"0";"0";"3,39";"8017596134073";"HRANA"
"MUESLI SA SUHIM VOÆEM 1KG";"910190401";"TRE MULINI";"1";"KG";"3,39";"3,39";"0";"0";"0";"3,39";"8017596134080";"HRANA"
"MUESLI TAMNA ÈOKO. LJEŠNJACI 375g";"017554301";"TRE MULINI";"0,375";"KG";"2,59";"6,91";"0";"0";"0";"2,59";"8017596129758";"HRANA"
"MUESLI ÈOKOLADA 400g";"016939201";"TRE MULINI";"0,4";"KG";"2,39";"5,98";"0";"0";"0";"2,39";"8017596115300";"HRANA"
"MUFFIN 300g";"010969801";"DOLCIANDO";"0,3";"KG";"2,29";"7,63";"0";"0";"0";"2,29";"8017596060990";"HRANA"
"MUFFIN 300g";"010969801";"DOLCIANDO";"0,3";"KG";"2,29";"7,63";"0";"0";"0";"2,29";"8017596061003";"HRANA"
"MUFFIN BEZ GLUTENA KAPLJ.ÈOKO.252g";"018094901";"AMO ESSERE SENZA GLUTINE";"0,252";"KG";"2,29";"9,09";"0";"0";"0";"2,29";"8017596078162";"HRANA"
"MUFFIN S BELGIJSKOM ÈOKOLADOM 252g";"014486501";"DOLCIANDO";"0,252";"KG";"2,19";"8,69";"0";"0";"0";"2,19";"8017596100016";"HRANA"
"MUFFINI ÈOK.KAP.BEZ GLUTENA 140g";"016615001";"AMO ESSERE SENZA GLUTINE";"0,14";"KG";"1,79";"12,79";"0";"0";"0";"1,79";"8017596115911";"HRANA"
"MUŠKATNI ORAŠÈIÆ 40g";"009313401";"DON JEREZ";"0,04";"KG";"1,09";"27,25";"0";"0";"0";"1,09";"80731030";"HRANA"
"NACHO UMAK SA SIROM PIKANTNI 435g";"900330801";"NO BRAND";"0,435";"KG";"2,69";"6,18";"0";"0";"0";"2,69";"3830000998819";"HRANA"
"NAMAZ OD LJEŠNJAKA 750g";"018413301";"DOLCIANDO";"0,75";"KG";"3,79";"5,05";"0";"0";"0";"3,79";"8017596133472";"HRANA"
"NAMAZ OD SLANINE 250g";"900290401";"MEAT APPETIT";"0,25";"KG";"1,79";"7,16";"0";"0";"0";"1,79";"3830011820475";"HRANA"
"NAMAZ OD SLANINE 250g";"900290401";"MEAT APPETIT";"0,25";"KG";"1,79";"7,16";"0";"0";"0";"1,79";"8017596129918";"HRANA"
"NAMAZ OD ÈVARAKA 200g";"910129601";"PUTOVANJE KROZ OKUSE";"0,2";"KG";"2,29";"11,45";"0";"0";"0";"2,29";"3859891884452";"HRANA"
"NAMAZ OD ÈVARAKA 200g";"910129601";"PUTOVANJE KROZ OKUSE";"0,2";"KG";"2,29";"11,45";"0";"0";"0";"2,29";"8017596135810";"HRANA"
"NAMAZ SA PAPRIKOM 330g";"900418901";"NO BRAND";"0,33";"KG";"2,19";"6,64";"0";"0";"0";"2,09";"3831029516640";"HRANA"
"NAPITAK NA BAZI KOKOSA I RIŽE 1l";"018101202";"AMO ESSERE VEG";"1";"LT";"1,69";"1,69";"1,29";"1,29";"1,69";"1,69";"8017596133274";"PIÆE"
"NAPITAK NA BAZI KOKOSA I RIŽE 1l";"018695301";"AMO ESSERE VEG";"1";"LT";"1,69";"1,69";"0";"0";"0";"1,69";"8017596133274";"PIÆE"
"NAPITAK NARANÈE/ÐUMBIRA BIO 500ml";"016656601";"AMO ESSERE BIO";"0,5";"LT";"1,99";"3,98";"0";"0";"0";"1,99";"8017596116765";"PIÆE"
"NAPITAK OD BADEMA BEZ ŠEÈERA BIO 1l";"018396201";"AMO ESSERE BIO";"1";"LT";"1,39";"1,39";"0";"0";"0";"1,39";"8017596133250";"PIÆE"
"NAPITAK OD BIO ZOBI BEZ ŠEÈERA 1l";"018100601";"AMO ESSERE VEG";"1";"LT";"1,39";"1,39";"0,95";"0,95";"1,39";"1,39";"8017596133243";"PIÆE"
"NAPITAK OD RIŽE BIO 1l";"012449201";"AMO ESSERE BIO";"1";"LT";"1,15";"1,15";"0";"0";"0";"1,15";"8017596066701";"PIÆE"
"NAPITAK OD RIŽE BIO 1l";"012449201";"AMO ESSERE BIO";"1";"LT";"1,15";"1,15";"0";"0";"0";"1,15";"8017596100122";"PIÆE"
"NAPITAK OD SOJE BIO 1l";"015864101";"AMO ESSERE BIO";"1";"LT";"1,39";"1,39";"0";"0";"0";"1,39";"8017596108036";"PIÆE"
"NAPITAK OD ZOBI BIO 1l";"018396101";"AMO ESSERE BIO";"1";"LT";"1,39";"1,39";"0";"0";"0";"1,39";"8017596079664";"PIÆE"
"NAPITAK SOJA KALCIJ I VITAMINI 1l";"015920801";"AMO ESSERE VEG";"1";"LT";"1,39";"1,39";"0";"0";"0";"1,39";"8017596101600";"PIÆE"
"NAPITAK SOJA KALCIJ I VITAMINI 1l";"015920801";"AMO ESSERE VEG";"1";"LT";"1,39";"1,39";"0";"0";"0";"1,39";"8017596126443";"PIÆE"
"NAPOLITANKE KAKAO 300g";"008594901";"DOLCIANDO";"0,3";"KG";"1,49";"4,97";"0";"0";"0";"1,39";"8017596010131";"HRANA"
"NAPOLITANKE KAKAO 900g";"900141702";"DOLCIANDO";"0,9";"KG";"3,69";"4,1";"3,09";"3,43";"3,69";"3,59";"8017596054623";"HRANA"
"NAPOLITANKE LJEŠNJAK 300g";"008594801";"DOLCIANDO";"0,3";"KG";"1,49";"4,97";"0";"0";"0";"1,39";"8017596010124";"HRANA"
"NAPOLITANKE LJEŠNJAK 900g";"900141701";"DOLCIANDO";"0,9";"KG";"3,69";"4,1";"0";"0";"0";"3,59";"8017596054616";"HRANA"
"NAPOLITANKE PUNJENJE LJEŠNJAK 700g";"900534901";"NO BRAND";"0,7";"KG";"2,19";"3,13";"0";"0";"0";"2,19";"3830079801034";"HRANA"
"NAPOLITANKE S KAKAO I MLJ.KREM.700g";"900535001";"NO BRAND";"0,7";"KG";"2,19";"3,13";"0";"0";"0";"2,19";"3830079801027";"HRANA"
"NAPOLITANKE S KAKAOM 5 kom 240g";"016316701";"DOLCIANDO";"0,24";"KG";"1,49";"6,21";"0";"0";"0";"1,39";"8017596114358";"HRANA"
"NAPOLITANKE S LJEŠNJAKOM 5 kom 240g";"012909601";"DOLCIANDO";"0,24";"KG";"1,49";"6,21";"0";"0";"0";"1,39";"8017596068675";"HRANA"
"NAPOLITANKE VANILIJA 200g";"018527301";"DOLCIANDO";"0,2";"KG";"1,09";"5,45";"0";"0";"0";"1,09";"8017596065261";"HRANA"
"NARANÈA 2kg";"080006701";"NO BRAND";"2";"KG";"2,99";"1,5";"0";"0";"0";"2,58";"9999999999994";"HRANA"
"NARANÈA 2kg";"080006701";"NO BRAND";"2";"KG";"2,99";"1,5";"0";"0";"0";"2,58";"3859890192060";"HRANA"
"NARANÈA 2kg";"080006701";"NO BRAND";"2";"KG";"2,99";"1,5";"0";"0";"0";"2,58";"3859892806149";"HRANA"
"NARANÈA 2kg";"080006701";"NO BRAND";"2";"KG";"2,99";"1,5";"0";"0";"0";"2,58";"8056736998601";"HRANA"
"NARANÈA 2kg";"080006701";"NO BRAND";"2";"KG";"2,99";"1,5";"0";"0";"0";"2,58";"3830050933488";"HRANA"
"NARANÈA 2kg";"080006701";"NO BRAND";"2";"KG";"2,99";"1,5";"0";"0";"0";"2,58";"8436588101808";"HRANA"
"NARANÈA 2kg";"080006701";"NO BRAND";"2";"KG";"2,99";"1,5";"0";"0";"0";"2,58";"3859892668006";"HRANA"
"NARANÈA 2kg";"080006701";"NO BRAND";"2";"KG";"2,99";"1,5";"0";"0";"0";"2,58";"3830034710043";"HRANA"
"NARANÈA 2kg";"080006701";"NO BRAND";"2";"KG";"2,99";"1,5";"0";"0";"0";"2,58";"8437022068022";"HRANA"
"NARANÈA 2kg";"080006701";"NO BRAND";"2";"KG";"2,99";"1,5";"0";"0";"0";"2,58";"8437022068206";"HRANA"
"NARANÈA 2kg";"080006701";"NO BRAND";"2";"KG";"2,99";"1,5";"0";"0";"0";"2,58";"8437022068053";"HRANA"
"NARANÈA 2kg";"080006701";"NO BRAND";"2";"KG";"2,99";"1,5";"0";"0";"0";"2,58";"8437022068084";"HRANA"
"NARANÈA 2kg";"080006701";"NO BRAND";"2";"KG";"2,99";"1,5";"0";"0";"0";"2,58";"8437022068138";"HRANA"
"NARANÈA 2kg";"080006701";"NO BRAND";"2";"KG";"2,99";"1,5";"0";"0";"0";"2,58";"8437022068060";"HRANA"
"NARANÈA 2kg";"080006701";"NO BRAND";"2";"KG";"2,99";"1,5";"0";"0";"0";"2,58";"8437022068114";"HRANA"
"NARANÈA 2kg";"080006701";"NO BRAND";"2";"KG";"2,99";"1,5";"0";"0";"0";"2,58";"8437022068190";"HRANA"
"NARANÈA rfz";"080021701";"NO BRAND";"1";"KG";"1,49";"1,49";"0";"0";"0";"1,29";"";"HRANA"
"NARANÈADA 12% 1,5l";"910195401";"NO BRAND";"1,5";"LT";"0,89";"0,59";"0,59";"0,39";"0,89";"0,79";"8009980895172";"PIÆE"
"NEGAZIRANO PIÆE ACE 1,5l";"910026101";"PUERTOSOL";"1,5";"LT";"1,75";"1,17";"0";"0";"0";"1,69";"8017596011442";"PIÆE"
"NEGAZIRANO PIÆE ANANAS I KOKOS 1l";"016098801";"PUERTOSOL";"1";"LT";"1,49";"1,49";"0";"0";"0";"1,49";"8017596111739";"PIÆE"
"NEGAZIRANO PIÆE BCE 1,5l";"910026201";"PUERTOSOL";"1,5";"LT";"1,75";"1,17";"0";"0";"0";"1,69";"8017596060228";"PIÆE"
"NEGAZIRANO PIÆE BOROVNICA 1l";"015479101";"PUERTOSOL";"1";"LT";"1,59";"1,59";"0";"0";"0";"1,59";"8017596107398";"PIÆE"
"NEGAZIRANO PIÆE BOROVNICA 1l";"015479101";"PUERTOSOL";"1";"LT";"1,59";"1,59";"0";"0";"0";"1,59";"9006900224097";"PIÆE"
"NEGAZIRANO PIÆE CRNI RIBIZ 1L";"900554301";"NO BRAND";"1";"LT";"1,59";"1,59";"0";"0";"0";"1,59";"3830055525978";"PIÆE"
"NEGAZIRANO PIÆE CRVENA NARANÈA 1,5l";"910025801";"PUERTOSOL";"1,5";"LT";"1,69";"1,13";"0";"0";"0";"1,69";"8017596051820";"PIÆE"
"NEGAZIRANO PIÆE LIMUN I LIMETA 1l";"015479001";"PUERTOSOL";"1";"LT";"1,59";"1,59";"0";"0";"0";"1,59";"8017596107374";"PIÆE"
"NEGAZIRANO PIÆE LIMUN I LIMETA 1l";"015479001";"PUERTOSOL";"1";"LT";"1,59";"1,59";"0";"0";"0";"1,59";"9006900224134";"PIÆE"
"NEGAZIRANO PIÆE ŠIPAK 1l";"015479201";"PUERTOSOL";"1";"LT";"1,49";"1,49";"0";"0";"0";"1,49";"8017596107381";"PIÆE"
"NEGAZIRANO PIÆE ŠIPAK 1l";"015479201";"PUERTOSOL";"1";"LT";"1,49";"1,49";"0";"0";"0";"1,49";"9006900224110";"PIÆE"
"NEKTAR BOROVNICA 6X125ml";"013159201";"PUERTOSOL";"0,75";"LT";"3,49";"4,65";"0";"0";"0";"3,49";"8017596071446";"PIÆE"
"NEKTAR BRESKVA 1l";"016178601";"PUERTOSOL";"1";"LT";"1,59";"1,59";"0";"0";"0";"1,59";"8017596015112";"PIÆE"
"NEKTAR BRESKVA 6X200ml";"010339501";"PUERTOSOL";"1,2";"LT";"2,29";"1,91";"0";"0";"0";"2,29";"8017596050281";"PIÆE"
"NEKTAR BRESKVA 6X200ml";"910212601";"PUERTOSOL";"1,2";"LT";"2,29";"1,91";"0";"0";"0";"2,29";"8017596050281";"PIÆE"
"NEKTAR JABUKA 2l";"910208001";"PUERTOSOL";"2";"LT";"1,79";"0,9";"0";"0";"0";"1,75";"8017596137401";"PIÆE"
"NEKTAR JABUKA I KRUŠKA 2l";"900475501";"NO BRAND";"2";"LT";"1,75";"0,88";"0";"0";"0";"1,69";"3859892735395";"PIÆE"
"NEKTAR JABUKA/BANANA 6X200ml";"014584001";"PUERTOSOL";"1,2";"LT";"2,29";"1,91";"0";"0";"0";"2,29";"8017596101679";"PIÆE"
"NEKTAR JAGODA 1l";"900349801";"NO BRAND";"1";"LT";"1,69";"1,69";"0";"0";"0";"1,69";"3830055525411";"PIÆE"
"NEKTAR KRUŠKA 1l";"016178501";"PUERTOSOL";"1";"LT";"1,59";"1,59";"0";"0";"0";"1,59";"8017596015105";"PIÆE"
"NEKTAR KRUŠKA 6X200ml";"010339401";"PUERTOSOL";"1,2";"LT";"2,29";"1,91";"0";"0";"0";"2,29";"8017596050298";"PIÆE"
"NEKTAR KRUŠKA 6X200ml";"910212701";"PUERTOSOL";"1,2";"LT";"2,29";"1,91";"0";"0";"0";"2,29";"8017596050298";"PIÆE"
"NEKTAR MARELICA 1l";"016178201";"PUERTOSOL";"1";"LT";"1,59";"1,59";"0";"0";"0";"1,59";"8017596015129";"PIÆE"
"NEKTAR MARELICA 6X200ml";"010350601";"PUERTOSOL";"1,2";"LT";"2,29";"1,91";"0";"0";"0";"2,29";"8017596050304";"PIÆE"
"NEKTAR MARELICA 6X200ml";"910212501";"PUERTOSOL";"1,2";"LT";"2,29";"1,91";"0";"0";"0";"2,29";"8017596050304";"PIÆE"
"NEKTAR MULTIVITAMIN 2L";"910208101";"PUERTOSOL";"2";"LT";"1,79";"0,9";"0";"0";"0";"1,75";"8017596137418";"PIÆE"
"NEKTAR MULTIVITAMIN 2l";"900475401";"NO BRAND";"2";"LT";"1,75";"0,88";"0";"0";"0";"1,69";"3859892735418";"PIÆE"
"NEKTAR NARANÈA 2l";"910207901";"PUERTOSOL";"2";"LT";"1,79";"0,9";"0";"0";"0";"1,75";"8017596137395";"PIÆE"
"NEKTAR ŠUMSKO VOÆE 2l";"900475601";"NO BRAND";"2";"LT";"1,75";"0,88";"0";"0";"0";"1,69";"3859892735401";"PIÆE"
"NORVEŠKI LOSOS FILETI 2x125g 250g";"016038101";"ONDINA";"0,25";"KG";"5,99";"23,96";"0";"0";"0";"5,99";"8017596040527";"HRANA"
"NOŽEVI DRVENI 15kom";"900515801";"NO BRAND";"1";"PZ";"0,79";"0,79";"0";"0";"0";"0,79";"8032764016920";"PROIZVODI ZA KUÆANSTVO"
"NOŽEVI DRVENI 15kom";"900624601";"NO BRAND";"1";"PZ";"0,79";"0,79";"0";"0";"0";"0,79";"8001511134149";"PROIZVODI ZA KUÆANSTVO"
"NUTTY MIX 400g";"910205601";"NO BRAND";"0,4";"KG";"4,59";"11,48";"0";"0";"0";"4,49";"3858893920823";"HRANA"
"OBLATNE 200g";"900473201";"NO BRAND";"0,2";"KG";"0,89";"4,45";"0";"0";"0";"0,69";"8606015916194";"HRANA"
"OCAT ALKOHOLNI (9%) 1l";"910208501";"NO BRAND";"1";"LT";"0,69";"0,69";"0";"0";"0";"0,69";"3859891093007";"HRANA"
"OCAT BALZAMIÈNI IZ MODENE 500ml";"003212801";"ANTICA ACETAIA";"0,5";"LT";"1,89";"3,78";"0";"0";"0";"1,89";"80102878";"HRANA"
"OCAT BALZAMIÈNI IZ MODENE 500ml";"003212801";"ANTICA ACETAIA";"0,5";"LT";"1,89";"3,78";"0";"0";"0";"1,89";"80102915";"HRANA"
"OCAT BALZAMIÈNI IZ MODENE 500ml";"003212801";"ANTICA ACETAIA";"0,5";"LT";"1,89";"3,78";"0";"0";"0";"1,89";"8017596014986";"HRANA"
"OCAT JABUÈNI (5%) 1l";"910208601";"NO BRAND";"1";"LT";"0,99";"0,99";"0";"0";"0";"0,99";"3859891093106";"HRANA"
"OCAT VINSKI CRVENI 1l";"900270501";"NO BRAND";"1";"LT";"1,05";"1,05";"0";"0";"0";"1,05";"3838967121493";"HRANA"
"ODMAŠÆIVAÈ SPREJ MARSIGLIA 1l";"014153901";"DEXAL";"1";"LT";"1,99";"1,99";"0";"0";"0";"1,99";"8017596075932";"SREDSTVA ZA ÈIŠÆENJE"
"ODMAŠÆIVAÈ U SPREJU ECO 1l";"017384801";"AMO ESSERE ECO";"1";"LT";"1,99";"1,99";"0";"0";"0";"1,99";"8017596128379";"SREDSTVA ZA ÈIŠÆENJE"
"ODMAŠÆIVAÈ U SPREJU LAVANDA 1l";"017457301";"DEXAL";"1";"LT";"1,99";"1,99";"1,29";"1,29";"1,99";"1,99";"8017596128553";"SREDSTVA ZA ÈIŠÆENJE"
"ODOJAK";"010846801";"NO BRAND";"1";"KG";"6,73";"6,73";"0";"0";"0";"6,73";"";"HRANA"
"ODOJAK";"070003201";"NO BRAND";"1";"KG";"7,99";"7,99";"0";"0";"0";"7,99";"";"HRANA"
"ODOJAK I PRASETINA";"070210801";"NO BRAND";"1";"KG";"7,99";"7,99";"0";"0";"0";"7,99";"";"HRANA"
"ODOJAK PREMIUM";"070210201";"NO BRAND";"1";"KG";"9,49";"9,49";"0";"0";"0";"9,49";"";"HRANA"
"ODREZAK LOSOSA 400g";"910043101";"NO BRAND";"0,4";"KG";"8,99";"22,48";"0";"0";"0";"8,99";"3857500084729";"HRANA"
"OKRUGL SOJA/ FALAFEL SLANUT.200g";"013231601";"AMO ESSERE VEG";"0,2";"KG";"2,49";"12,45";"0";"0";"0";"2,49";"8023788006707";"HRANA"
"OKRUGL SOJA/ FALAFEL SLANUT.200g";"013231601";"AMO ESSERE VEG";"0,2";"KG";"2,49";"12,45";"0";"0";"0";"2,49";"8023788006684";"HRANA"
"OKRUGL SOJA/ FALAFEL SLANUT.200g";"013231601";"AMO ESSERE VEG";"0,2";"KG";"2,49";"12,45";"0";"0";"0";"2,49";"8017596101259";"HRANA"
"OKRUGL SOJA/ FALAFEL SLANUT.200g";"013231601";"AMO ESSERE VEG";"0,2";"KG";"2,49";"12,45";"0";"0";"0";"2,49";"8017596101266";"HRANA"
"OKRUGL SOJA/ FALAFEL SLANUT.200g";"013231601";"AMO ESSERE VEG";"0,2";"KG";"2,49";"12,45";"0";"0";"0";"2,49";"8017596128126";"HRANA"
"OKRUGL SOJA/ FALAFEL SLANUT.200g";"013231601";"AMO ESSERE VEG";"0,2";"KG";"2,49";"12,45";"0";"0";"0";"2,49";"8017596128133";"HRANA"
"OKRUGLICE SA ŠLJIVAMA 500g";"900474001";"NO BRAND";"0,5";"KG";"1,33";"2,66";"0";"0";"0";"1,33";"8606015916118";"HRANA"
"OMEKŠ.RUB. PRIM/ARMONIE ROSA 4l 54p";"017474101";"DEXAL";"4";"LT";"2,65";"0,66";"0";"0";"0";"2,65";"8017596002754";"SREDSTVA ZA ÈIŠÆENJE"
"OMEKŠ.RUB. PRIM/ARMONIE ROSA 4l 54p";"017474101";"DEXAL";"4";"LT";"2,65";"0,66";"0";"0";"0";"2,65";"8017596069252";"SREDSTVA ZA ÈIŠÆENJE"
"OMEKŠ.RUBLJA JASMIN/GARDENIJA 750ml";"018117901";"DEXAL";"0,75";"LT";"1,39";"1,85";"0";"0";"0";"1,39";"8017596067616";"SREDSTVA ZA ÈIŠÆENJE"
"OMEKŠ.RUBLJA JASMIN/GARDENIJA 750ml";"018117901";"DEXAL";"0,75";"LT";"1,39";"1,85";"0";"0";"0";"1,39";"8017596067593";"SREDSTVA ZA ÈIŠÆENJE"
"OMEKŠIVAÈ MICROPERLE 1,5l 60P";"018607201";"DEXAL";"1,5";"LT";"2,09";"1,39";"0";"0";"0";"2,09";"8017596138637";"SREDSTVA ZA ÈIŠÆENJE"
"OMEKŠIVAÈ MICROPERLE 1,5l 60P";"018607201";"DEXAL";"1,5";"LT";"2,09";"1,39";"0";"0";"0";"2,09";"8017596138620";"SREDSTVA ZA ÈIŠÆENJE"
"OMEKŠIVAÈ MICROPERLE 1,5l 60P";"018607201";"DEXAL";"1,5";"LT";"2,09";"1,39";"0";"0";"0";"2,09";"8017596118721";"SREDSTVA ZA ÈIŠÆENJE"
"OMEKŠIVAÈ RUBLJA ECO 1.5l 30p";"017435401";"AMO ESSERE ECO";"1,5";"LT";"2,09";"1,39";"0";"0";"0";"2,09";"8017596128683";"SREDSTVA ZA ÈIŠÆENJE"
"OMEKŠIVAÈ ZA RUB.VIŠE VRSTA 2l 40p";"018591901";"DEXAL";"2";"LT";"1,49";"0,75";"0";"0";"0";"1,49";"8017596138354";"SREDSTVA ZA ÈIŠÆENJE"
"OMEKŠIVAÈ ZA RUB.VIŠE VRSTA 2l 40p";"018591901";"DEXAL";"2";"LT";"1,49";"0,75";"0";"0";"0";"1,49";"8017596138347";"SREDSTVA ZA ÈIŠÆENJE"
"OMEKŠIVAÈ ZA RUB.VIŠE VRSTA 2l 40p";"018591901";"DEXAL";"2";"LT";"1,49";"0,75";"0";"0";"0";"1,49";"8017596138361";"SREDSTVA ZA ÈIŠÆENJE"
"ONIGIRI LOSOS CURRY 100g";"910203601";"NO BRAND";"0,1";"KG";"2,59";"25,9";"0";"0";"0";"2,59";"4069384000019";"HRANA"
"ONIGIRI LOSOS TERIYAKI 100g";"910203701";"NO BRAND";"0,1";"KG";"2,29";"22,9";"0";"0";"0";"2,29";"4069384000026";"HRANA"
"ORADA OÈIŠÆENA SVJEŽA MAP 650g";"910084201";"NO BRAND";"0,65";"KG";"10,99";"16,91";"0";"0";"0";"9,19";"3858891991207";"HRANA"
"ORADA SVJEŽI FILETI 200g";"910135001";"NO BRAND";"0,2";"KG";"6,79";"33,95";"0";"0";"0";"5,89";"3858891991085";"HRANA"
"ORAH JEZGRA 100g";"014807601";"MISTER SIBAMBA";"0,1";"KG";"1,59";"15,9";"0";"0";"0";"1,59";"8017596103406";"HRANA"
"ORAH JEZGRA 40g";"080120501";"MISTER SIBAMBA";"0,04";"KG";"0,99";"24,75";"0";"0";"0";"0,99";"9999999999994";"HRANA"
"ORAH JEZGRA 40g";"080120501";"MISTER SIBAMBA";"0,04";"KG";"0,99";"24,75";"0";"0";"0";"0,99";"8005912005909";"HRANA"
"ORAH JEZGRA 800g SIBAMBA";"017145901";"MISTER SIBAMBA";"0,8";"KG";"9,99";"12,49";"0";"0";"0";"9,99";"8005912014666";"HRANA"
"ORAH JEZGRA 800g SIBAMBA";"017145901";"MISTER SIBAMBA";"0,8";"KG";"9,99";"12,49";"0";"0";"0";"9,99";"8017596124494";"HRANA"
"ORAH KIFLICE S&G 1000g";"910189601";"NO BRAND";"1";"KG";"5,49";"5,49";"0";"0";"0";"5,49";"3830056445190";"HRANA"
"ORAHNJAÈA 500g S&G";"910144801";"NO BRAND";"0,5";"KG";"3,79";"7,58";"0";"0";"0";"3,79";"3830056444636";"HRANA"
"ORASI U LJUSCI 750g(pallbox 120)";"017181401";"MISTER SIBAMBA";"0,75";"KG";"5,99";"7,99";"0";"0";"0";"5,99";"8005912006395";"HRANA"
"ORASI U LJUSCI 750g(pallbox 120)";"017181401";"MISTER SIBAMBA";"0,75";"KG";"5,99";"7,99";"0";"0";"0";"5,99";"8017596124487";"HRANA"
"ORHIDEA U KERAMIÈKOJ TEGLI 12cm";"080223002";"NO BRAND";"1";"PZ";"7,79";"7,79";"0";"0";"0";"7,79";"3830045971556";"HRANA"
"ORHIDEJA 1 GRANA";"080338501";"NO BRAND";"1";"PZ";"6,49";"6,49";"0";"0";"0";"6,49";"3830045971709";"HRANA"
"ORHIDEJA 2 GRANE";"080291801";"NO BRAND";"1";"PZ";"7,99";"7,99";"0";"0";"0";"7,99";"3830045972577";"HRANA"
"ORHIDEJA 2 GRANE U KERAMICKOJ TEGLI";"080453901";"NO BRAND";"1";"PZ";"8,99";"8,99";"0";"0";"0";"8,99";"3830045971532";"HRANA"
"ORIGANO 12g";"900484101";"DON JEREZ";"0,012";"KG";"0,99";"82,5";"0";"0";"0";"0,99";"8017596004826";"HRANA"
"OSVJ. WC ŠKOLJKE IZBJ./CVJET. 2x33g";"015528201";"SISTEMA CASA";"0,066";"KG";"1,69";"25,61";"0";"0";"0";"1,69";"8017596114983";"PROIZVODI ZA KUÆANSTVO"
"OSVJ. WC ŠKOLJKE IZBJ./CVJET. 2x33g";"015528201";"SISTEMA CASA";"0,066";"KG";"1,69";"25,61";"0";"0";"0";"1,69";"8017596104991";"PROIZVODI ZA KUÆANSTVO"
"OSVJ. WC ŠKOLJKE IZBJELJ.SODA 2x40g";"016199201";"SISTEMA CASA";"1";"PZ";"0,79";"0,79";"0";"0";"0";"0,79";"8017596059307";"PROIZVODI ZA KUÆANSTVO"
"OSVJ. WC ŠKOLJKE OC./LAV./LIM.2x55g";"014625601";"SISTEMA CASA";"0,11";"KG";"1,89";"17,18";"0";"0";"0";"1,89";"8017596078827";"PROIZVODI ZA KUÆANSTVO"
"OSVJ. WC ŠKOLJKE OC./LAV./LIM.2x55g";"014625601";"SISTEMA CASA";"0,11";"KG";"1,89";"17,18";"0";"0";"0";"1,89";"8017596078810";"PROIZVODI ZA KUÆANSTVO"
"OSVJ. WC ŠKOLJKE OC./LAV./LIM.2x55g";"014625601";"SISTEMA CASA";"0,11";"KG";"1,89";"17,18";"0";"0";"0";"1,89";"8017596078834";"PROIZVODI ZA KUÆANSTVO"
"OSVJEŽIVAÈ EL. PUNJENJE 75DANA 25ml";"017385901";"VICINO A TE";"0,025";"LT";"2,49";"99,6";"0";"0";"0";"2,49";"8017596122438";"PROIZVODI ZA KUÆANSTVO"
"OSVJEŽIVAÈ EL. PUNJENJE 75DANA 25ml";"017385901";"VICINO A TE";"0,025";"LT";"2,49";"99,6";"0";"0";"0";"2,49";"8017596122421";"PROIZVODI ZA KUÆANSTVO"
"OSVJEŽIVAÈ EL. PUNJENJE 75DANA 25ml";"017385901";"VICINO A TE";"0,025";"LT";"2,49";"99,6";"0";"0";"0";"2,49";"8017596122445";"PROIZVODI ZA KUÆANSTVO"
"OSVJEŽIVAÈ EL. PUNJENJE 75DANA 25ml";"017385901";"VICINO A TE";"0,025";"LT";"2,49";"99,6";"0";"0";"0";"2,49";"8017596122414";"PROIZVODI ZA KUÆANSTVO"
"OSVJEŽIVAÈ EL. S PUNJENJEM 25ml";"017385801";"VICINO A TE";"0,025";"LT";"3,99";"159,6";"0";"0";"0";"3,99";"8017596122377";"PROIZVODI ZA KUÆANSTVO"
"OSVJEŽIVAÈ EL. S PUNJENJEM 25ml";"017385801";"VICINO A TE";"0,025";"LT";"3,99";"159,6";"0";"0";"0";"3,99";"8017596122407";"PROIZVODI ZA KUÆANSTVO"
"OSVJEŽIVAÈ EL. S PUNJENJEM 25ml";"017385801";"VICINO A TE";"0,025";"LT";"3,99";"159,6";"0";"0";"0";"3,99";"8017596122384";"PROIZVODI ZA KUÆANSTVO"
"OSVJEŽIVAÈ EL. S PUNJENJEM 25ml";"017385801";"VICINO A TE";"0,025";"LT";"3,99";"159,6";"0";"0";"0";"3,99";"8017596122391";"PROIZVODI ZA KUÆANSTVO"
"OSVJEŽIVAÈ GEL VIŠE VRSTA 150g";"012660101";"SISTEMA CASA";"0,15";"KG";"0,99";"6,6";"0";"0";"0";"0,99";"8017596053732";"PROIZVODI ZA KUÆANSTVO"
"OSVJEŽIVAÈ GEL VIŠE VRSTA 150g";"012660101";"SISTEMA CASA";"0,15";"KG";"0,99";"6,6";"0";"0";"0";"0,99";"8017596053749";"PROIZVODI ZA KUÆANSTVO"
"OSVJEŽIVAÈ GEL VIŠE VRSTA 150g";"012660101";"SISTEMA CASA";"0,15";"KG";"0,99";"6,6";"0";"0";"0";"0,99";"8017596053725";"PROIZVODI ZA KUÆANSTVO"
"OSVJEŽIVAÈ GEL VIŠE VRSTA 150g";"012660101";"SISTEMA CASA";"0,15";"KG";"0,99";"6,6";"0";"0";"0";"0,99";"8017596053770";"PROIZVODI ZA KUÆANSTVO"
"OSVJEŽIVAÈ GEL VIŠE VRSTA 150g";"012660101";"SISTEMA CASA";"0,15";"KG";"0,99";"6,6";"0";"0";"0";"0,99";"80849001";"PROIZVODI ZA KUÆANSTVO"
"OSVJEŽIVAÈ GEL VIŠE VRSTA 150g";"012660101";"SISTEMA CASA";"0,15";"KG";"0,99";"6,6";"0";"0";"0";"0,99";"80792802";"PROIZVODI ZA KUÆANSTVO"
"OSVJEŽIVAÈ GEL VIŠE VRSTA 150g";"012660101";"SISTEMA CASA";"0,15";"KG";"0,99";"6,6";"0";"0";"0";"0,99";"80784302";"PROIZVODI ZA KUÆANSTVO"
"OSVJEŽIVAÈ GEL VIŠE VRSTA 150g";"012660101";"SISTEMA CASA";"0,15";"KG";"0,99";"6,6";"0";"0";"0";"0,99";"80766193";"PROIZVODI ZA KUÆANSTVO"
"OSVJEŽIVAÈ PROSTORA I TKANINA 300ml";"016238601";"SISTEMA CASA";"0,3";"LT";"2,19";"7,3";"0";"0";"0";"2,19";"8017596106261";"PROIZVODI ZA KUÆANSTVO"
"OSVJEŽIVAÈ PROSTORA I TKANINA 300ml";"016238601";"SISTEMA CASA";"0,3";"LT";"2,19";"7,3";"0";"0";"0";"2,19";"8017596106278";"PROIZVODI ZA KUÆANSTVO"
"OSVJEŽIVAÈ PROSTORA I TKANINA 300ml";"016238601";"SISTEMA CASA";"0,3";"LT";"2,19";"7,3";"0";"0";"0";"2,19";"8017596106254";"PROIZVODI ZA KUÆANSTVO"
"OSVJEŽIVAÈ PROSTORA I TKANINA 300ml";"016238601";"SISTEMA CASA";"0,3";"LT";"2,19";"7,3";"0";"0";"0";"2,19";"8017596124203";"PROIZVODI ZA KUÆANSTVO"
"OSVJEŽIVAÈ PROSTORA I TKANINA 300ml";"016238601";"SISTEMA CASA";"0,3";"LT";"2,19";"7,3";"0";"0";"0";"2,19";"8017596124197";"PROIZVODI ZA KUÆANSTVO"
"OSVJEŽIVAÈ PROSTORA I TKANINA 300ml";"016238601";"SISTEMA CASA";"0,3";"LT";"2,19";"7,3";"0";"0";"0";"2,19";"8017596124210";"PROIZVODI ZA KUÆANSTVO"
"OSVJEŽIVAÈ PROSTORA SPREJ V.V.400ml";"014186401";"SISTEMA CASA";"0,4";"LT";"1,59";"3,98";"0";"0";"0";"1,59";"8017596076502";"PROIZVODI ZA KUÆANSTVO"
"OSVJEŽIVAÈ PROSTORA SPREJ V.V.400ml";"014186401";"SISTEMA CASA";"0,4";"LT";"1,59";"3,98";"0";"0";"0";"1,59";"8017596076472";"PROIZVODI ZA KUÆANSTVO"
"OSVJEŽIVAÈ PROSTORA SPREJ V.V.400ml";"014186401";"SISTEMA CASA";"0,4";"LT";"1,59";"3,98";"0";"0";"0";"1,59";"8017596076496";"PROIZVODI ZA KUÆANSTVO"
"OSVJEŽIVAÈ PROSTORA SPREJ V.V.400ml";"014186401";"SISTEMA CASA";"0,4";"LT";"1,59";"3,98";"0";"0";"0";"1,59";"8017596076489";"PROIZVODI ZA KUÆANSTVO"
"OSVJEŽIVAÈ PROSTORA V.V. 150ml";"017839101";"VICINO A TE";"0,15";"LT";"1,59";"10,6";"0";"0";"0";"1,59";"8017596131645";"PROIZVODI ZA KUÆANSTVO"
"OSVJEŽIVAÈ PROSTORA V.V. 150ml";"017839101";"VICINO A TE";"0,15";"LT";"1,59";"10,6";"0";"0";"0";"1,59";"8017596131621";"PROIZVODI ZA KUÆANSTVO"
"OSVJEŽIVAÈ PROSTORA V.V. 150ml";"017839101";"VICINO A TE";"0,15";"LT";"1,59";"10,6";"0";"0";"0";"1,59";"8017596131614";"PROIZVODI ZA KUÆANSTVO"
"OSVJEŽIVAÈ PROSTORA V.V. 150ml";"017839101";"VICINO A TE";"0,15";"LT";"1,59";"10,6";"0";"0";"0";"1,59";"8017596131638";"PROIZVODI ZA KUÆANSTVO"
"OSVJEŽIVAÈ ZA AUTO LIST VIŠE VRSTA";"017185301";"KEIROS";"1";"PZ";"0,69";"0,69";"0";"0";"0";"0,69";"8017596075260";"PROIZVODI ZA KUÆANSTVO"
"OSVJEŽIVAÈ ZA AUTO+REFIL 2X2,3ml";"017685901";"KEIROS ON THE ROAD";"1";"PZ";"1,99";"1,99";"0";"0";"0";"1,99";"8017596130853";"PROIZVODI ZA KUÆANSTVO"
"OSVJEŽIVAÈ ZA AUTO+REFIL 2X2,3ml";"017685901";"KEIROS ON THE ROAD";"1";"PZ";"1,99";"1,99";"0";"0";"0";"1,99";"8017596130839";"PROIZVODI ZA KUÆANSTVO"
"OSVJEŽIVAÈ ZA AUTO+REFIL 2X2,3ml";"017685901";"KEIROS ON THE ROAD";"1";"PZ";"1,99";"1,99";"0";"0";"0";"1,99";"8017596130822";"PROIZVODI ZA KUÆANSTVO"
"OSVJEŽIVAÈ ZA AUTO+REFIL 2X2,3ml";"017685901";"KEIROS ON THE ROAD";"1";"PZ";"1,99";"1,99";"0";"0";"0";"1,99";"8017596130846";"PROIZVODI ZA KUÆANSTVO"
"OSVJEŽIVAÈ ZA PERILICU LIMUN 60P";"011234201";"DEXAL";"1";"PZ";"1,09";"1,09";"0";"0";"0";"1,09";"8017596061737";"SREDSTVA ZA ÈIŠÆENJE"
"OSVJEŽIVAÈ ZA PERILICU LIMUN 60P";"011234201";"DEXAL";"1";"PZ";"1,09";"1,09";"0";"0";"0";"1,09";"8031447220241";"SREDSTVA ZA ÈIŠÆENJE"
"OSVJEŽIVAÈ ZA PERILICU LIMUN 60P";"011234201";"DEXAL";"1";"PZ";"1,09";"1,09";"0";"0";"0";"1,09";"8017596105240";"SREDSTVA ZA ÈIŠÆENJE"
"OVALNA KANTA S CJEDILOM ECO";"017246201";"AMO ESSERE ECO";"1";"PZ";"3,99";"3,99";"0";"0";"0";"3,32";"8017596121929";"PROIZVODI ZA KUÆANSTVO"
"PAELLA 600g";"017203701";"TRE MULINI";"0,6";"KG";"3,59";"5,98";"0";"0";"0";"3,59";"8017596041975";"HRANA"
"PAGAR OÈIŠÆENI SVJEŽI.";"910170101";"NO BRAND";"1";"KG";"20,99";"20,99";"0";"0";"0";"19,99";"2144385000007";"HRANA"
"PAHULJICE MULTIGRAIN CLASSIC 375g";"017825801";"TRE MULINI";"0,375";"KG";"1,79";"4,77";"0";"0";"0";"1,79";"8017596057778";"HRANA"
"PAHULJICE S CRVENIM VOÆEM 300g";"017811401";"TRE MULINI";"0,3";"KG";"2,09";"6,97";"0";"0";"0";"2,09";"8017596057785";"HRANA"
"PAHULJICE S TAMNOM ÈOKOLADOM 300g";"017811001";"TRE MULINI";"0,3";"KG";"2,09";"6,97";"0";"0";"0";"2,09";"8017596057792";"HRANA"
"PALAÈINKE SA JAJIMA I MLIJEKOM";"018030201";"TRE MULINI";"0,28";"KG";"1,79";"6,39";"0";"0";"0";"1,79";"8017596131355";"HRANA"
"PALENTA INSTANT 500g";"900530501";"NO BRAND";"0,5";"KG";"0,89";"1,78";"0";"0";"0";"0,89";"3831001818298";"HRANA"
"PALENTA KUHANA 1kg";"006580501";"TRE MULINI";"1";"KG";"0,79";"0,79";"0";"0";"0";"0,79";"8003086000065";"HRANA"
"PALENTA KUHANA 1kg";"006580501";"TRE MULINI";"1";"KG";"0,79";"0,79";"0";"0";"0";"0,79";"8017596015044";"HRANA"
"PAMUÈNE BLAZINICE 140 kom";"016953901";"FIOR DI MAGNOLIA";"1";"PZ";"1,15";"1,15";"0";"0";"0";"1,19";"8017596120243";"KOZMETIKA"
"PAMUÈNE BLAZINICE MAXI 70 KOM";"016951601";"FIOR DI MAGNOLIA";"1";"PZ";"0,95";"0,95";"0";"0";"0";"1,19";"8017596120250";"KOZMETIKA"
"PANCETA DALMATINSKA NAREZAK 100g";"910138701";"NO BRAND";"0,1";"KG";"2,25";"22,5";"0";"0";"0";"2,25";"3859893966224";"HRANA"
"PANCETA DALMATINSKA NAREZAK 100g";"910138701";"NO BRAND";"0,1";"KG";"2,25";"22,5";"0";"0";"0";"2,25";"8017596138019";"HRANA"
"PANCETA DIMLJENA";"910100201";"NO BRAND";"1";"KG";"15,49";"15,49";"0";"0";"0";"15,49";"";"HRANA"
"PANCETA DIMLJENA KOCKICE 200g";"003132801";"LA BOTTEGA DEL GUSTO";"0,2";"KG";"2,55";"12,75";"0";"0";"0";"2,55";"3280596100200";"HRANA"
"PANCETA DIMLJENA KOCKICE 200g";"003132801";"LA BOTTEGA DEL GUSTO";"0,2";"KG";"2,55";"12,75";"0";"0";"0";"2,55";"8017596006851";"HRANA"
"PANCETA DIMLJENA KOMAD 200g";"015740901";"LA BOTTEGA DEL GUSTO";"0,2";"KG";"4,19";"20,95";"0";"0";"0";"4,29";"8017596109927";"HRANA"
"PANCETA ISTARSKA";"910131801";"PUTOVANJE KROZ OKUSE";"1";"KG";"19,99";"19,99";"0";"0";"0";"19,99";"";"HRANA"
"PANCETA KOCKICE 200g";"016206801";"LA BOTTEGA DEL GUSTO";"0,2";"KG";"2,55";"12,75";"0";"0";"0";"2,55";"8017596113726";"HRANA"
"PANCETA ROLANA 100g";"017295701";"LA BOTTEGA DEL GUSTO";"0,1";"KG";"1,79";"17,9";"0";"0";"0";"1,79";"8017596076816";"HRANA"
"PANDORO C/CREMA LIMONE 750g";"018648401";"DM DUCA MOSCATI";"0,75";"KG";"6,49";"8,65";"0";"0";"0";"5,99";"8017596105462";"HRANA"
"PANDORO FARCITO CIOCC.750g";"018649001";"DM DUCA MOSCATI";"0,75";"KG";"6,99";"9,32";"0";"0";"0";"6,99";"8017596120632";"HRANA"
"PANETTONE PUNJENI ÈOKOLADOM 750g";"016981001";"DM DUCA MOSCATI";"0,75";"KG";"7,49";"9,99";"0";"0";"0";"5,99";"8017596052148";"HRANA"
"PANIR.MEDALJ.PILETINA I PURET 220g";"017360601";"NO BRAND";"0,22";"KG";"1,79";"8,14";"0";"0";"0";"1,33";"8008110546779";"HRANA"
"PANIR.MEDALJ.PILETINA I PURET 220g";"017360601";"NO BRAND";"0,22";"KG";"1,79";"8,14";"0";"0";"0";"1,33";"8008110259297";"HRANA"
"PANIR.ODRESCI S./NUGGETS SOJA 200g";"013231501";"AMO ESSERE VEG";"0,2";"KG";"2,65";"13,25";"0";"0";"0";"2,65";"8017596101242";"HRANA"
"PANIR.ODRESCI S./NUGGETS SOJA 200g";"013231501";"AMO ESSERE VEG";"0,2";"KG";"2,65";"13,25";"0";"0";"0";"2,65";"8017596101235";"HRANA"
"PANIR.ODRESCI S./NUGGETS SOJA 200g";"013231501";"AMO ESSERE VEG";"0,2";"KG";"2,65";"13,25";"0";"0";"0";"2,65";"8017596126009";"HRANA"
"PANIR.ODRESCI S./NUGGETS SOJA 200g";"013231501";"AMO ESSERE VEG";"0,2";"KG";"2,65";"13,25";"0";"0";"0";"2,65";"8017596125996";"HRANA"
"PANIR.ODREZ.PILETINA I PURET.220g";"016154301";"LA COLLINA DELLE BONTA'";"0,22";"KG";"1,49";"6,77";"0";"0";"0";"1,49";"8008110546441";"HRANA"
"PANIR.ODREZ.PILETINA I PURET.220g";"016154301";"LA COLLINA DELLE BONTA'";"0,22";"KG";"1,49";"6,77";"0";"0";"0";"1,49";"8008110259266";"HRANA"
"PANIR.ODREZ.PILETINA I PURET.220g";"016154301";"LA COLLINA DELLE BONTA'";"0,22";"KG";"1,49";"6,77";"0";"0";"0";"1,49";"8008110026813";"HRANA"
"PANIR.ODREZ.PILETINA I PURET.220g";"016154301";"LA COLLINA DELLE BONTA'";"0,22";"KG";"1,49";"6,77";"0";"0";"0";"1,49";"8008110026820";"HRANA"
"PANIRAN ŠT.ALJAŠKE KOLJE 15kom 450g";"016655001";"ATHENA";"0,45";"KG";"2,99";"6,64";"0";"0";"0";"2,99";"8017596040558";"HRANA"
"PANIRANE MINI MOZZARELLE 300g";"009095201";"VARIAGUSTO";"0,3";"KG";"2,39";"7,97";"0";"0";"0";"2,39";"8017596041166";"HRANA"
"PANIRANE PALAÈINKE MOZZ. PRŠUT 250g";"016817102";"TRE MULINI";"0,25";"KG";"1,39";"5,56";"0";"0";"0";"1,39";"8017596041876";"HRANA"
"PANIRANE PALAÈINKE MOZZ. RAJÈ. 250g";"016817101";"TRE MULINI";"0,25";"KG";"1,39";"5,56";"0";"0";"0";"1,39";"8017596041869";"HRANA"
"PANIRANE PALAÈINKE MOZZ.GLJIVE 250g";"016817103";"TRE MULINI";"0,25";"KG";"1,39";"5,56";"0";"0";"0";"1,39";"8017596041883";"HRANA"
"PANIRANI FRITESI OD PIL.FILEA 400g";"910173901";"NO BRAND";"0,4";"KG";"4,99";"12,48";"0";"0";"0";"4,79";"3858890933086";"HRANA"
"PANIRANI KOLUTIÆI LIGNJUNA 400g";"010319801";"ATHENA";"0,4";"KG";"3,49";"8,73";"0";"0";"0";"3,49";"8424113508109";"HRANA"
"PANIRANI KOLUTIÆI LIGNJUNA 400g";"010319801";"ATHENA";"0,4";"KG";"3,49";"8,73";"0";"0";"0";"3,49";"8424113508710";"HRANA"
"PANIRANI KOLUTIÆI LIGNJUNA 400g";"010319801";"ATHENA";"0,4";"KG";"3,49";"8,73";"0";"0";"0";"3,49";"8424113509649";"HRANA"
"PANIRANI KOLUTIÆI LIGNJUNA 400g";"010319801";"ATHENA";"0,4";"KG";"3,49";"8,73";"0";"0";"0";"3,49";"8017596040237";"HRANA"
"PANIRANI KOLUTIÆI LIGNJUNA 400g";"010319801";"ATHENA";"0,4";"KG";"3,49";"8,73";"0";"0";"0";"3,49";"8410019543962";"HRANA"
"PANIRANI PIL. ŠPINAT ODRE.3kom 300g";"014593801";"LA COLLINA DELLE BONTA'";"0,3";"KG";"1,99";"6,63";"0";"0";"0";"1,99";"8017596002037";"HRANA"
"PANIRANI PILEÆI FILE";"070202901";"NO BRAND";"1";"KG";"8,79";"8,79";"0";"0";"0";"8,79";"";"HRANA"
"PANIRANI PILEÆI MEDALJONI 320g";"910174001";"NO BRAND";"0,32";"KG";"3,39";"10,59";"0";"0";"0";"2,99";"3858890933062";"HRANA"
"PANIRANI PILEÆI ODREZAK 200g";"910173701";"NO BRAND";"0,2";"KG";"2,49";"12,45";"0";"0";"0";"2,25";"3858890933048";"HRANA"
"PANIRANI PILEÆI ODREZAK 3kom 280g";"014605501";"LA COLLINA DELLE BONTA'";"0,28";"KG";"2,09";"7,46";"0";"0";"0";"2,12";"8017596041807";"HRANA"
"PANIRANI PILEÆI ŠTAPIÆI 300g";"014622801";"LA COLLINA DELLE BONTA'";"0,3";"KG";"2,69";"8,97";"0";"0";"0";"2,69";"8017596041821";"HRANA"
"PANIRANI PILEÆI ŠTAPIÆI 400g";"910173801";"NO BRAND";"0,4";"KG";"3,89";"9,73";"0";"0";"0";"3,49";"3858890933024";"HRANA"
"PANIRANI PUREÆI FILE";"070203001";"NO BRAND";"1";"KG";"12,49";"12,49";"0";"0";"0";"12,49";"";"HRANA"
"PANIRANI RIBLJI ŠTAPIÆI 30KOM 900g";"006271101";"ATHENA";"0,9";"KG";"6,49";"7,21";"4,29";"4,77";"6,49";"6,49";"8017596001283";"HRANA"
"PANIRANI SIR EDAMER 200g";"010850301";"VARIAGUSTO";"0,2";"KG";"1,99";"9,95";"0";"0";"0";"1,99";"5900972002475";"HRANA"
"PANIRANI SIR EDAMER 200g";"010850301";"VARIAGUSTO";"0,2";"KG";"1,99";"9,95";"0";"0";"0";"1,99";"8017596041494";"HRANA"
"PANIRANI SURIMI OKUS RAKOVA 250g";"005003901";"ATHENA";"0,25";"KG";"2,39";"9,56";"0";"0";"0";"2,39";"8001179010076";"HRANA"
"PANIRANI SURIMI OKUS RAKOVA 250g";"005003901";"ATHENA";"0,25";"KG";"2,39";"9,56";"0";"0";"0";"2,39";"8015578000040";"HRANA"
"PANIRANI SURIMI OKUS RAKOVA 250g";"005003901";"ATHENA";"0,25";"KG";"2,39";"9,56";"0";"0";"0";"2,39";"8000489020416";"HRANA"
"PANIRANI SURIMI OKUS RAKOVA 250g";"005003901";"ATHENA";"0,25";"KG";"2,39";"9,56";"0";"0";"0";"2,39";"8001209001715";"HRANA"
"PANIRANI SURIMI OKUS RAKOVA 250g";"005003901";"ATHENA";"0,25";"KG";"2,39";"9,56";"0";"0";"0";"2,39";"8032745830071";"HRANA"
"PANIRANI SURIMI OKUS RAKOVA 250g";"005003901";"ATHENA";"0,25";"KG";"2,39";"9,56";"0";"0";"0";"2,39";"8011702101706";"HRANA"
"PANIRANI SURIMI OKUS RAKOVA 250g";"005003901";"ATHENA";"0,25";"KG";"2,39";"9,56";"0";"0";"0";"2,39";"6926363200014";"HRANA"
"PANIRANI SURIMI OKUS RAKOVA 250g";"005003901";"ATHENA";"0,25";"KG";"2,39";"9,56";"0";"0";"0";"2,39";"4770190049580";"HRANA"
"PANIRANI SURIMI OKUS RAKOVA 250g";"005003901";"ATHENA";"0,25";"KG";"2,39";"9,56";"0";"0";"0";"2,39";"8017596040442";"HRANA"
"PANIRANI ŠTAP. OD POVRÆA 10km 300g";"011283601";"AMO ESSERE VEG";"0,3";"KG";"1,59";"5,3";"0";"0";"0";"1,59";"5900972003601";"HRANA"
"PANIRANI ŠTAP. OD POVRÆA 10km 300g";"011283601";"AMO ESSERE VEG";"0,3";"KG";"1,59";"5,3";"0";"0";"0";"1,59";"8017596041487";"HRANA"
"PANIRANI ŠTAP. OD POVRÆA 10km 300g";"011283601";"AMO ESSERE VEG";"0,3";"KG";"1,59";"5,3";"0";"0";"0";"1,59";"8017596046260";"HRANA"
"PANONSKA SALAMA 100g";"910128701";"PUTOVANJE KROZ OKUSE";"0,1";"KG";"1,99";"19,9";"0";"0";"0";"1,99";"3850133814800";"HRANA"
"PANONSKA SALAMA 100g";"910128701";"PUTOVANJE KROZ OKUSE";"0,1";"KG";"1,99";"19,9";"0";"0";"0";"1,99";"8017596138071";"HRANA"
"PAP.KOSAR.ZA MUFFINE 170KOM";"015233301";"DOLCIANDO";"1";"PZ";"2,29";"2,29";"0";"0";"0";"2,29";"8017596104274";"HRANA"
"PAP.MARAM.4S, 10M,30KOM";"016882301";"SOFT DREAM";"1";"PZ";"3,29";"3,29";"0";"0";"0";"3,29";"8017596118097";"TOALETNE POTREPŠTINE"
"PAP.MARAM.BALZAM 4S, 9M,15KOM";"017569801";"SOFT DREAM";"1";"PZ";"1,69";"1,69";"0";"0";"0";"1,69";"8017596015389";"TOALETNE POTREPŠTINE"
"PAP.MARAM.KUTIJA.3 SLOJA 100kom";"015095901";"SOFT DREAM";"1";"PZ";"1,19";"1,19";"0";"0";"0";"1,19";"8017596103239";"TOALETNE POTREPŠTINE"
"PAP.MARAM.RECIKL.ECO 4S, 10M,18KOM";"016798601";"AMO ESSERE ECO";"1";"PZ";"2,19";"2,19";"0";"0";"0";"2,19";"8017596118080";"TOALETNE POTREPŠTINE"
"PAPALINA 300g";"910161801";"NO BRAND";"0,3";"KG";"2,19";"7,3";"1,69";"5,63";"2,19";"2,19";"3859893776175";"HRANA"
"PAPAR MJEŠAVINA 35g";"900449701";"DON JEREZ";"0,035";"KG";"1,49";"42,57";"0";"0";"0";"1,49";"24100526";"HRANA"
"PAPIR ZA PEÈENJE 20m";"012990001";"SISTEMA CASA";"1";"PZ";"1,89";"1,89";"0";"0";"0";"1,89";"8017596069955";"PROIZVODI ZA KUÆANSTVO"
"PAPIR ZA PEÈENJE 25 LISTOVA 33X38cm";"015320201";"SISTEMA CASA";"1";"PZ";"0,99";"0,99";"0";"0";"0";"0,99";"8017596077776";"PROIZVODI ZA KUÆANSTVO"
"PAPIR ZA PEÈENJE 50m";"015555601";"SISTEMA CASA";"1";"PZ";"4,29";"4,29";"0";"0";"0";"4,29";"8005330041848";"PROIZVODI ZA KUÆANSTVO"
"PAPIR ZA PEÈENJE 50m";"015555601";"SISTEMA CASA";"1";"PZ";"4,29";"4,29";"0";"0";"0";"4,29";"8017596074331";"PROIZVODI ZA KUÆANSTVO"
"PAPIRNATI PODMETAÈ DEKOR 2S,80 L,1R";"014343601";"SOFT DREAM";"1";"PZ";"2,39";"2,39";"0";"0";"0";"2,39";"8017596078339";"TOALETNE POTREPŠTINE"
"PAPIRNATI RUCNICI 2 S, 100 L ,6 R";"018271301";"SOFT DREAM";"1";"PZ";"4,49";"4,49";"0";"0";"0";"3,99";"8017596102843";"TOALETNE POTREPŠTINE"
"PAPIRNATI RUÈNICI 2S, 400L,1R";"014780401";"SOFT DREAM";"1";"PZ";"3,49";"3,49";"0";"0";"0";"3,79";"8017596012036";"TOALETNE POTREPŠTINE"
"PAPIRNATI RUÈNICI 2S, 500L,2R";"010530101";"SOFT DREAM";"1";"PZ";"7,49";"7,49";"0";"0";"0";"7,49";"8017596008916";"TOALETNE POTREPŠTINE"
"PAPIRNATI RUÈNICI 2S, 500L,2R";"010530101";"SOFT DREAM";"1";"PZ";"7,49";"7,49";"0";"0";"0";"7,49";"8018426008458";"TOALETNE POTREPŠTINE"
"PAPIRNATI RUÈNICI ECO 2S,100L,3R";"016901201";"AMO ESSERE ECO";"1";"PZ";"2,59";"2,59";"0";"0";"0";"2,59";"8017596117199";"TOALETNE POTREPŠTINE"
"PAPIRNATI RUÈNICI EXTRA 3S,100L,2R";"016765201";"SOFT DREAM";"1";"PZ";"1,99";"1,99";"0";"0";"0";"1,99";"8017596117182";"TOALETNE POTREPŠTINE"
"PAPIRNATI RUÈNICI FORTE 3S, 80L, 3R";"016720801";"SOFT DREAM";"1";"PZ";"2,39";"2,39";"0";"0";"0";"2,79";"8017596117175";"TOALETNE POTREPŠTINE"
"PAPRIKA";"014305401";"NO BRAND";"1";"PZ";"0,59";"0,59";"0";"0";"0";"0,59";"8001553802907";"HRANA"
"PAPRIKA 3 BOJE kom";"080532301";"NO BRAND";"1";"PZ";"1,99";"1,99";"1,39";"1,39";"1,99";"2,49";"3850334079893";"HRANA"
"PAPRIKA 3 BOJE kom";"080532301";"NO BRAND";"1";"PZ";"1,99";"1,99";"1,39";"1,39";"1,99";"2,49";"8436588100832";"HRANA"
"PAPRIKA 3 BOJE kom";"080532301";"NO BRAND";"1";"PZ";"1,99";"1,99";"1,39";"1,39";"1,99";"2,49";"3858885877081";"HRANA"
"PAPRIKA 3 BOJE kom";"080532301";"NO BRAND";"1";"PZ";"1,99";"1,99";"1,39";"1,39";"1,99";"2,49";"3859892561178";"HRANA"
"PAPRIKA 3 BOJE kom";"080532301";"NO BRAND";"1";"PZ";"1,99";"1,99";"1,39";"1,39";"1,99";"2,49";"8033737509999";"HRANA"
"PAPRIKA 3 BOJE kom";"080532301";"NO BRAND";"1";"PZ";"1,99";"1,99";"1,39";"1,39";"1,99";"2,49";"3830050935345";"HRANA"
"PAPRIKA BABURA rfz";"080466301";"NO BRAND";"1";"KG";"1,99";"1,99";"0";"0";"0";"3,99";"";"HRANA"
"PAPRIKA CRVENA FILETI 670g/320g";"900419601";"SUNNY NATURE";"0,67";"KG";"2,09";"3,12";"0";"0";"0";"2,09";"8017596111623";"HRANA"
"PAPRIKA CRVENA FILETI 670g/320g";"900419601";"SUNNY NATURE";"0,67";"KG";"2,09";"3,12";"0";"0";"0";"2,09";"5310246001286";"HRANA"
"PAPRIKA CRVENA PEÈENA 680g/380G";"900130001";"SUNNY NATURE";"0,68";"KG";"2,59";"3,81";"0";"0";"0";"2,59";"8017596111586";"HRANA"
"PAPRIKA CRVENA PEÈENA 680g/380G";"900130001";"SUNNY NATURE";"0,68";"KG";"2,59";"3,81";"0";"0";"0";"2,59";"4021285902038";"HRANA"
"PAPRIKA CRVENA PEÈENA 680g/380G";"900130001";"SUNNY NATURE";"0,68";"KG";"2,59";"3,81";"0";"0";"0";"2,59";"5310246001262";"HRANA"
"PAPRIKA CRVENA rfz";"080059902";"NO BRAND";"1";"KG";"2,99";"2,99";"0";"0";"0";"2,99";"";"HRANA"
"PAPRIKA MLJEVENA PIKANT 80G";"080321901";"NO BRAND";"0,08";"KG";"1,99";"24,88";"0";"0";"0";"1,99";"8020204327330";"HRANA"
"PAPRIKA MLJEVENA SLATKA  80G";"080321801";"NO BRAND";"0,08";"KG";"1,99";"24,88";"0";"0";"0";"1,99";"8020204327323";"HRANA"
"PAPRIKA ROG 500g";"080353101";"NO BRAND";"0,5";"KG";"1,69";"3,38";"0";"0";"0";"1,99";"3859893818073";"HRANA"
"PAPRIKA ZELENA rfz";"080060101";"NO BRAND";"1";"KG";"2,49";"2,49";"0";"0";"0";"2,99";"";"HRANA"
"PAPRIKE PUNJENE KUPUSOM 800g";"080606001";"NO BRAND";"0,8";"KG";"3,99";"4,99";"0";"0";"0";"3,59";"3859890799245";"HRANA"
"PAPRIKE PUNJENE TUNOM 190g";"009465301";"DELIZIE DAL SOLE";"0,19";"KG";"1,99";"10,47";"0";"0";"0";"1,99";"8017596060709";"HRANA"
"PARF. VODA ŽEN. FABULOS FLOW. 100ml";"017818001";"FIOR DI MAGNOLIA";"0,1";"LT";"5,39";"53,9";"0";"0";"0";"5,31";"8017596104373";"KOZMETIKA"
"PARF. VODA ŽEN. PURE CHARME 100ml";"017818201";"FIOR DI MAGNOLIA";"0,1";"LT";"5,39";"53,9";"0";"0";"0";"5,31";"8017596104380";"KOZMETIKA"
"PARF. VODA ŽEN. SECRET MOON 100ml";"017818301";"FIOR DI MAGNOLIA";"0,1";"LT";"5,39";"53,9";"0";"0";"0";"5,31";"8017596104397";"KOZMETIKA"
"PARF.VODA MUŠKA COLD OCEAN 100ml";"017818401";"NISSHE";"0,1";"LT";"5,39";"53,9";"0";"0";"0";"5,31";"8017596104427";"KOZMETIKA"
"PARF.VODA MUŠKA GOLD LEGEND 100ml";"017818501";"NISSHE";"0,1";"PZ";"5,39";"53,9";"0";"0";"0";"5,31";"8017596104434";"KOZMETIKA"
"PARF.VODA MUŠKA ICONIC WARR. 100ml";"017818601";"NISSHE";"0,1";"LT";"5,39";"53,9";"0";"0";"0";"5,31";"8017596104441";"KOZMETIKA"
"PARF.VODA MUŠKA WATERFALL 100ml";"017818701";"NISSHE";"0,1";"LT";"5,39";"53,9";"0";"0";"0";"5,31";"8017596104410";"KOZMETIKA"
"PARF.VODA ŽEN. LADY SUGAR 100ml";"017818101";"FIOR DI MAGNOLIA";"0,1";"LT";"5,39";"53,9";"0";"0";"0";"5,31";"8017596104403";"KOZMETIKA"
"PARF.VODA ŽEN. SWEE DREAMS 100ml";"017818801";"FIOR DI MAGNOLIA";"0,1";"LT";"5,39";"53,9";"0";"0";"0";"5,31";"8017596104366";"KOZMETIKA"
"PARIZER KOBASICA 150g";"910128201";"NO BRAND";"0,15";"KG";"1,79";"11,93";"0";"0";"0";"1,69";"3859893850837";"HRANA"
"PARIZER PAPRIKA KOBASICA 150g";"910128301";"NO BRAND";"0,15";"KG";"1,79";"11,93";"0";"0";"0";"1,69";"3859893850851";"HRANA"
"PARIŠKA PUREÆA KOBASICA 1000g";"910017401";"MEAT APPETIT";"1";"KG";"2,79";"2,79";"0";"0";"0";"2,79";"3830042430193";"HRANA"
"PARIŠKA PUREÆA KOBASICA 1000g";"910017401";"MEAT APPETIT";"1";"KG";"2,79";"2,79";"0";"0";"0";"2,79";"8017596134233";"HRANA"
"PASSION FRUIT";"080212801";"NO BRAND";"0,2";"KG";"2,99";"14,95";"0";"0";"0";"2,99";"8022095002341";"HRANA"
"PASTRVA OÈIŠÆENA SVJEŽA MAP 560g";"910135101";"NO BRAND";"0,56";"KG";"5,99";"10,7";"0";"0";"0";"5,99";"3870548000759";"HRANA"
"PATLIDŽAN rfz";"080058701";"NO BRAND";"1";"KG";"1,79";"1,79";"0";"0";"0";"1,99";"";"HRANA"
"PAÈJA KRILA";"070210101";"NO BRAND";"1";"KG";"4,49";"4,49";"0";"0";"0";"4,49";"";"HRANA"
"PAÈJA PRSA FILET S KOŽOM 420g";"910158901";"NO BRAND";"0,42";"KG";"7,99";"19,02";"0";"0";"0";"7,99";"5995664906278";"HRANA"
"PAÈJA PRSA S KOŽOM";"070209901";"NO BRAND";"1";"KG";"8,99";"8,99";"0";"0";"0";"8,99";"";"HRANA"
"PAÈJA ZADNJA ÈETVRT";"070210001";"NO BRAND";"1";"KG";"4,99";"4,99";"0";"0";"0";"4,99";"";"HRANA"
"PAÈJI BATAK 480g";"910158801";"NO BRAND";"0,48";"KG";"6,99";"14,56";"0";"0";"0";"5,99";"5995664906230";"HRANA"
"PAŠTETA JETRENA 100g";"900485401";"EAT EASY AND TASTY";"0,1";"KG";"0,65";"6,5";"0";"0";"0";"0,65";"8017596113092";"HRANA"
"PAŠTETA JETRENA PREMIUM 95g";"900485001";"EAT EASY AND TASTY";"0,095";"KG";"0,79";"8,32";"0";"0";"0";"0,79";"8017596113085";"HRANA"
"PAŠTETA KOKOŠJA 100g";"900496301";"EAT EASY AND TASTY";"0,1";"KG";"0,79";"7,9";"0";"0";"0";"0,79";"8017596113160";"HRANA"
"PAŠTETA KOKOŠJA PREMIUM 95g";"900506401";"EAT EASY AND TASTY";"0,095";"KG";"0,99";"10,42";"0";"0";"0";"0,99";"8017596113177";"HRANA"
"PAŠTETA OD GOV/SVINJSKOG MESA 200g";"009364101";"BUON PASCOLO";"0,2";"KG";"1,59";"7,95";"0";"0";"0";"1,59";"8000250331246";"HRANA"
"PAŠTETA OD GOV/SVINJSKOG MESA 200g";"009364101";"BUON PASCOLO";"0,2";"KG";"1,59";"7,95";"0";"0";"0";"1,59";"8000250991242";"HRANA"
"PAŠTETA OD GOV/SVINJSKOG MESA 200g";"009364101";"BUON PASCOLO";"0,2";"KG";"1,59";"7,95";"0";"0";"0";"1,59";"8017596017499";"HRANA"
"PAŠTETA OD LOSOSA 100g";"010262201";"ONDINA";"0,1";"KG";"1,49";"14,9";"0";"0";"0";"1,49";"8017596052360";"HRANA"
"PAŠTETA OD SKUŠE I POVRÆA 95g";"900477201";"NO BRAND";"0,095";"KG";"1,29";"13,58";"0";"0";"0";"1,19";"3830003601686";"HRANA"
"PAŠTETA OD TUNE PREMIUM 95g";"900506301";"EAT EASY AND TASTY";"0,095";"KG";"1,39";"14,63";"0";"0";"0";"1,39";"8017596113184";"HRANA"
"PAŠTETA OD TUNE TUBA 100g";"010262301";"ONDINA";"0,1";"KG";"1,49";"14,9";"0";"0";"0";"1,49";"8017596052353";"HRANA"
"PAŠTETA SA ŠUNKOM 100g";"900485301";"EAT EASY AND TASTY";"0,1";"KG";"0,65";"6,5";"0";"0";"0";"0,65";"8017596113115";"HRANA"
"PAŠTETA SA ŠUNKOM PREMIUM 95g";"900484901";"EAT EASY AND TASTY";"0,095";"KG";"0,79";"8,32";"0";"0";"0";"0,79";"8017596113108";"HRANA"
"PAŠTETA STERIL.MAÈKE 2 VRSTE 100g";"014876701";"RADAMES";"0,1";"KG";"0,49";"4,9";"0";"0";"0";"0,49";"8017596076182";"PROIZVODI ZA KUÆANSTVO"
"PAŠTETA STERIL.MAÈKE 2 VRSTE 100g";"014876701";"RADAMES";"0,1";"KG";"0,49";"4,9";"0";"0";"0";"0,49";"8017596076175";"PROIZVODI ZA KUÆANSTVO"
"PAŠTETA ZA MAÈKE GOVEDINA 85g";"015905101";"RADAMES";"0,085";"KG";"0,69";"8,12";"0";"0";"0";"0,69";"8017596108135";"PROIZVODI ZA KUÆANSTVO"
"PAŠTETA ZA MAÈKE LOSOS 85g";"015905401";"RADAMES";"0,085";"KG";"0,69";"8,12";"0";"0";"0";"0,69";"8017596108111";"PROIZVODI ZA KUÆANSTVO"
"PAŠTETA ZA MAÈKE MULTIBOX 12X100g";"014314801";"RADAMES";"1,2";"KG";"4,99";"4,16";"0";"0";"0";"4,49";"8017596074799";"PROIZVODI ZA KUÆANSTVO"
"PAŠTETA ZA MAÈKE PILETINA 85g";"015905301";"RADAMES";"0,085";"KG";"0,69";"8,12";"0";"0";"0";"0,69";"8017596108128";"PROIZVODI ZA KUÆANSTVO"
"PAŠTETA ZA MAÈKE TELETINA 85g";"015905201";"RADAMES";"0,085";"KG";"0,69";"8,12";"0";"0";"0";"0,69";"8017596108142";"PROIZVODI ZA KUÆANSTVO"
"PAŠTETA ZA PSE PILETINA/GOVED 300g";"016037301";"RADAMES";"0,3";"KG";"0,79";"2,63";"0";"0";"0";"0,79";"8017596006646";"PROIZVODI ZA KUÆANSTVO"
"PAŠTETA ZA PSE PILETINA/GOVED 300g";"016037301";"RADAMES";"0,3";"KG";"0,79";"2,63";"0";"0";"0";"0,79";"8017596109996";"PROIZVODI ZA KUÆANSTVO"
"PAŠTETA ZA PSE PREMIUM 2 VRSTE 150g";"014842201";"RADAMES";"0,15";"KG";"0,65";"4,33";"0";"0";"0";"0,59";"8017596019486";"PROIZVODI ZA KUÆANSTVO"
"PAŠTETA ZA PSE PREMIUM 2 VRSTE 150g";"014842201";"RADAMES";"0,15";"KG";"0,65";"4,33";"0";"0";"0";"0,59";"8017596019493";"PROIZVODI ZA KUÆANSTVO"
"PAŠTETA ZA PSE PREMIUM 2 VRSTE 300g";"014908601";"RADAMES";"0,3";"KG";"0,99";"3,3";"0";"0";"0";"0,99";"8017596019608";"PROIZVODI ZA KUÆANSTVO"
"PAŠTETA ZA PSE PREMIUM 2 VRSTE 300g";"014908601";"RADAMES";"0,3";"KG";"0,99";"3,3";"0";"0";"0";"0,99";"8017596019592";"PROIZVODI ZA KUÆANSTVO"
"PAŠTETA ZA PSE PREMIUM 2 VRSTE 400g";"013612101";"RADAMES";"0,4";"KG";"1,39";"3,48";"0";"0";"0";"1,15";"8017596073570";"PROIZVODI ZA KUÆANSTVO"
"PAŠTETA ZA PSE PREMIUM 2 VRSTE 400g";"013612101";"RADAMES";"0,4";"KG";"1,39";"3,48";"0";"0";"0";"1,15";"8017596073587";"PROIZVODI ZA KUÆANSTVO"
"PAŠTETA ÈAJNA 100g";"900485501";"EAT EASY AND TASTY";"0,1";"KG";"0,65";"6,5";"0";"0";"0";"0,65";"8017596113139";"HRANA"
"PAŠTETA ÈAJNA KOKOŠJA PREMIUM 95g";"900485201";"EAT EASY AND TASTY";"0,095";"KG";"0,79";"8,32";"0";"0";"0";"0,79";"8017596113146";"HRANA"
"PAŠTETA ÈAJNA PREMIUM 95g";"900485101";"EAT EASY AND TASTY";"0,095";"KG";"0,79";"8,32";"0";"0";"0";"0,79";"8017596113122";"HRANA"
"PECIVA MLIJEÈNA 10 kom 400g";"017076201";"DOLCIANDO";"0,4";"KG";"1,89";"4,73";"0";"0";"0";"1,89";"8017596122162";"HRANA"
"PECIVA ZA MAXI HAMBURGER 4kom 300g";"012061301";"TRE MULINI";"0,3";"KG";"1,19";"3,97";"0";"0";"0";"1,19";"8017596065339";"HRANA"
"PECIVO HAMBI SA SEZAM.4/1 PAK 340g";"910007501";"NO BRAND";"0,34";"KG";"2,19";"6,44";"0";"0";"0";"2,19";"3858885565322";"HRANA"
"PECIVO HAMBI SA SEZAM.4/1 PAK 340g";"910007501";"NO BRAND";"0,34";"KG";"2,19";"6,44";"0";"0";"0";"2,19";"3858885565551";"HRANA"
"PECIVO HAMBI SA SEZAMOM 2/1PAK 170g";"910177201";"NO BRAND";"0,17";"KG";"1,09";"6,41";"0";"0";"0";"1,09";"3858885565674";"HRANA"
"PECIVO HAMBI SA SEZAMOM 2/1PAK 200g";"910007401";"NO BRAND";"0,2";"KG";"1,09";"5,45";"0";"0";"0";"1,09";"3858885565315";"HRANA"
"PECIVO HAMBI SA SEZAMOM 2/1PAK 200g";"910007401";"NO BRAND";"0,2";"KG";"1,09";"5,45";"0";"0";"0";"1,09";"3858885565544";"HRANA"
"PECIVO HOT DOG 2/1 PAK 280g";"910007601";"NO BRAND";"0,28";"KG";"0,99";"3,54";"0";"0";"0";"1,39";"3858885565339";"HRANA"
"PECIVO HOT DOG 2/1 PAK 280g";"910007601";"NO BRAND";"0,28";"KG";"0,99";"3,54";"0";"0";"0";"1,39";"3858885565568";"HRANA"
"PECIVO KAJZERICA 6/1PAK 300g";"910007701";"NO BRAND";"0,3";"KG";"1,79";"5,97";"0";"0";"0";"1,79";"3858885565353";"HRANA"
"PECIVO KAJZERICA 6/1PAK 300g";"910007701";"NO BRAND";"0,3";"KG";"1,79";"5,97";"0";"0";"0";"1,79";"3858885565582";"HRANA"
"PECIVO KRUNA CHEESECAKE JAGODA 90g";"910181101";"NO BRAND";"0,09";"KG";"0,99";"11";"0";"0";"0";"0,99";"";"HRANA"
"PECIVO LEPINJA 1/1 PAK 150g";"910007801";"NO BRAND";"0,15";"KG";"0,69";"4,6";"0";"0";"0";"0,69";"3858885565346";"HRANA"
"PECIVO LEPINJA 1/1 PAK 150g";"910007801";"NO BRAND";"0,15";"KG";"0,69";"4,6";"0";"0";"0";"0,69";"3858885565575";"HRANA"
"PECIVO LIZIKA 1/1 PAK 150g";"910007901";"NO BRAND";"0,15";"KG";"0,79";"5,27";"0";"0";"0";"0,79";"3858885565285";"HRANA"
"PECIVO LIZIKA 1/1 PAK 150g";"910007901";"NO BRAND";"0,15";"KG";"0,79";"5,27";"0";"0";"0";"0,79";"3858885565513";"HRANA"
"PECIVO LIZIKA 180g";"910184401";"NO BRAND";"0,18";"KG";"0,65";"3,61";"0";"0";"0";"0,69";"3859890733607";"HRANA"
"PECIVO MINI SOMUN 50g";"910143901";"NO BRAND";"0,05";"KG";"0,29";"5,8";"0";"0";"0";"0,29";"";"HRANA"
"PECIVO PUTER ŠTANGICA 3/1 PAK 150g";"910008001";"NO BRAND";"0,15";"KG";"1,69";"11,27";"0";"0";"0";"1,69";"3858885565209";"HRANA"
"PECIVO PUTER ŠTANGICA 3/1 PAK 150g";"910008001";"NO BRAND";"0,15";"KG";"1,69";"11,27";"0";"0";"0";"1,69";"3858885565537";"HRANA"
"PECIVO PUTER ŠTANGICA 3/1 PAK 180g";"910155601";"NO BRAND";"0,18";"KG";"1,89";"10,5";"0";"0";"0";"1,89";"3858885565599";"HRANA"
"PECIVO S PROKLIJALOM RAŽI 70g";"910215301";"NO BRAND";"0,07";"KG";"0,29";"4,14";"0";"0";"0";"0,29";"";"HRANA"
"PECIVO SA SJEMENKAMA 4/1PAK 240g";"910008101";"NO BRAND";"0,24";"KG";"2,29";"9,54";"0";"0";"0";"2,29";"3858885565292";"HRANA"
"PECIVO SA SJEMENKAMA 4/1PAK 240g";"910008101";"NO BRAND";"0,24";"KG";"2,29";"9,54";"0";"0";"0";"2,29";"3858885565520";"HRANA"
"PECIVO ZA HAMBURGER 300g";"017460801";"TRE MULINI";"0,3";"KG";"1,19";"3,97";"0";"0";"0";"1,19";"8017596127914";"HRANA"
"PELENE GAÆICE JUN. 7-18kg V5 20kom";"017561301";"HELLO BABY";"1";"PZ";"5,29";"5,29";"0";"0";"0";"5,29";"8017596129208";"KOZMETIKA"
"PELENE GAÆICE XL 15-30kg V6 18kom";"017561401";"HELLO BABY";"1";"PZ";"5,29";"5,29";"0";"0";"0";"5,29";"8017596129215";"KOZMETIKA"
"PELENE JUNIOR 5, 11-25kg, 18kom";"013574201";"HELLO BABY";"1";"PZ";"3,59";"3,59";"0";"0";"0";"3,58";"8017596073754";"KOZMETIKA"
"PELENE MAXI 4, 7-18kg, 20kom";"018736901";"HELLO BABY";"1";"PZ";"3,58";"3,58";"0";"0";"0";"3,58";"8017596073747";"KOZMETIKA"
"PELENE MIDI 3, 4-9kg, 22kom";"013574101";"HELLO BABY";"1";"PZ";"3,59";"3,59";"0";"0";"0";"3,58";"8017596073730";"KOZMETIKA"
"PELINKOVAC 1L";"910205101";"NO BRAND";"1";"LT";"7,49";"7,49";"0";"0";"0";"7,49";"3858891544908";"PIÆE"
"PELINKOVAC 28% 1000ml";"900433901";"NO BRAND";"1";"LT";"7,89";"7,89";"0";"0";"0";"7,89";"3830006250768";"PIÆE"
"PELINKOVAC 31% 100ml";"910087101";"NO BRAND";"0,1";"LT";"1,19";"11,9";"0";"0";"0";"1,19";"3850164243464";"PIÆE"
"PERECI 200g";"910119101";"NO BRAND";"0,2";"KG";"0,79";"3,95";"0";"0";"0";"0,79";"3856014104237";"HRANA"
"PERECI SLANI 230g";"910141401";"NO BRAND";"0,23";"KG";"2,59";"11,26";"0";"0";"0";"2,59";"3859889360203";"HRANA"
"PERŠIN";"014305801";"NO BRAND";"1";"PZ";"0,59";"0,59";"0";"0";"0";"0,59";"8001553803034";"HRANA"
"PERŠIN";"014305901";"NO BRAND";"1";"PZ";"0,59";"0,59";"0";"0";"0";"0,59";"8001553803041";"HRANA"
"PERŠIN 100g";"080032501";"NO BRAND";"0,1";"KG";"1,15";"11,5";"0";"0";"0";"1,05";"9999999999994";"HRANA"
"PERŠIN 100g";"080032501";"NO BRAND";"0,1";"KG";"1,15";"11,5";"0";"0";"0";"1,05";"3850334049612";"HRANA"
"PERŠIN 100g";"080032501";"NO BRAND";"0,1";"KG";"1,15";"11,5";"0";"0";"0";"1,05";"3858885875858";"HRANA"
"PERŠIN 100g";"080032501";"NO BRAND";"0,1";"KG";"1,15";"11,5";"0";"0";"0";"1,05";"3859891767847";"HRANA"
"PERŠIN 100g";"080032501";"NO BRAND";"0,1";"KG";"1,15";"11,5";"0";"0";"0";"1,05";"3858893060215";"HRANA"
"PERŠIN 9g";"009355301";"DON JEREZ";"0,009";"KG";"0,99";"110";"0";"0";"0";"0,99";"80730941";"HRANA"
"PERŠIN KORIJEN LIST 250g";"080466701";"NO BRAND";"0,25";"KG";"1,75";"7";"0";"0";"0";"1,49";"3856017203791";"HRANA"
"PERŠIN KORIJEN LIST 250g";"080466701";"NO BRAND";"0,25";"KG";"1,75";"7";"0";"0";"0";"1,49";"3858885875940";"HRANA"
"PERŠIN KORIJEN LIST 250g";"080466701";"NO BRAND";"0,25";"KG";"1,75";"7";"0";"0";"0";"1,49";"3859891767854";"HRANA"
"PERŠIN KORIJEN LIST 250g";"080466701";"NO BRAND";"0,25";"KG";"1,75";"7";"0";"0";"0";"1,49";"3858893060062";"HRANA"
"PESTO DO PAPRIKE I ORAHA 190g";"017895301";"DELIZIE DAL SOLE";"0,19";"KG";"1,69";"8,89";"0";"0";"0";"1,69";"24100441";"HRANA"
"PESTO GENOVESE 190g";"011448201";"DELIZIE DAL SOLE";"0,19";"KG";"1,69";"8,89";"0";"0";"0";"1,69";"8017596120298";"HRANA"
"PESTO GENOVESE 190g";"011448201";"DELIZIE DAL SOLE";"0,19";"KG";"1,69";"8,89";"0";"0";"0";"1,69";"8017596050625";"HRANA"
"PESTO OD  PISTACIJA 190g";"013107203";"DELIZIE DAL SOLE";"0,19";"KG";"3,39";"17,84";"0";"0";"0";"2,99";"8017596133632";"HRANA"
"PESTO SUŠ.RAJ/PISTACIJA 190g";"016950501";"DELIZIE DAL SOLE";"0,19";"KG";"1,69";"8,89";"0";"0";"0";"1,69";"24100458";"HRANA"
"PEÈENA PUREÆA ROLADA";"910120401";"NO BRAND";"1";"KG";"11,93";"11,93";"0";"0";"0";"11,93";"";"HRANA"
"PEÈENI MIX U LJUSCI 350g SIBAMBA";"018107101";"MISTER SIBAMBA";"0,35";"KG";"1,99";"5,69";"0";"0";"0";"1,99";"8017596131676";"HRANA"
"PEÈENI SVINJSKI VRAT NAREZAK 100g";"910051201";"NO BRAND";"0,1";"KG";"1,39";"13,9";"0";"0";"0";"1,39";"3838876025066";"HRANA"
"PEÈENICE";"070024201";"NO BRAND";"1";"KG";"8,39";"8,39";"0";"0";"0";"8,39";"";"HRANA"
"PEÈENICE MIJEŠANE PREMIUM";"070209701";"NO BRAND";"1";"KG";"8,89";"8,89";"0";"0";"0";"8,89";"";"HRANA"
"PEÈENICE OBITELJSKO PAKIRANJE";"070012001";"NO BRAND";"1";"KG";"6,89";"6,89";"0";"0";"0";"6,89";"";"HRANA"
"PIJESAK MAÈKE SILICIJ KR.3,8l 1,5kg";"017447101";"RADAMES";"3,8";"LT";"5,49";"1,44";"0";"0";"0";"5,49";"8017596107480";"PROIZVODI ZA KUÆANSTVO"
"PIJESAK ZA MAÈKE BENTONIT 5kg";"014629201";"RADAMES";"5";"KG";"1,89";"0,38";"0";"0";"0";"1,89";"8017596015068";"PROIZVODI ZA KUÆANSTVO"
"PIJESAK ZA MAÈKE CRVENA GLINA P. 8l";"016483001";"RADAMES";"8";"LT";"2,69";"0,34";"0";"0";"0";"2,59";"8017596064394";"PROIZVODI ZA KUÆANSTVO"
"PIKANTNA KOBASICA 330g";"910100301";"NO BRAND";"0,33";"KG";"5,39";"16,33";"0";"0";"0";"5,29";"3858892094402";"HRANA"
"PIL BAT I ZAB SKK";"070096101";"NO BRAND";"1";"KG";"5,05";"5,05";"0";"0";"0";"5,05";"";"HRANA"
"PIL.KRILA BEZ ŠPICA";"070095601";"NO BRAND";"1";"KG";"4,39";"4,39";"0";"0";"0";"4,39";"";"HRANA"
"PIL.KRILA SRE.DIO";"070095801";"NO BRAND";"1";"KG";"4,49";"4,49";"0";"0";"0";"4,49";"";"HRANA"
"PIL.KRILA ZAD.DIO";"070095701";"NO BRAND";"1";"KG";"6,29";"6,29";"0";"0";"0";"6,29";"";"HRANA"
"PIL.KRILA ZAÈINJENA";"070058801";"NO BRAND";"1";"KG";"4,89";"4,89";"0";"0";"0";"4,89";"";"HRANA"
"PILE CIJELO";"070031101";"NO BRAND";"1";"KG";"3,09";"3,09";"0";"0";"0";"3,09";"";"HRANA"
"PILE CIJELO A CCA. 1500 DO 1600G";"012113001";"NO BRAND";"1";"KG";"2,79";"2,79";"0";"0";"0";"2,79";"";"HRANA"
"PILE CIJELO B CCA. 900 DO 1000G";"009245701";"NO BRAND";"1";"KG";"3,13";"3,13";"0";"0";"0";"3,13";"";"HRANA"
"PILE CIJELO X2";"070012701";"NO BRAND";"1";"KG";"2,98";"2,98";"0";"0";"0";"2,98";"";"HRANA"
"PILE CIJELO cca 1700 do 1900g";"910079901";"NO BRAND";"1";"KG";"3,95";"3,95";"0";"0";"0";"3,95";"";"HRANA"
"PILEÆA JETRA";"070032901";"NO BRAND";"1";"KG";"2,59";"2,59";"0";"0";"0";"2,79";"";"HRANA"
"PILEÆA JETRA 250g";"910163201";"NO BRAND";"0,25";"KG";"1,29";"5,16";"0";"0";"0";"1,29";"9002535235620";"HRANA"
"PILEÆA JETRA GASTRO";"006865001";"NO BRAND";"1";"KG";"2,74";"2,74";"0";"0";"0";"2,74";"";"HRANA"
"PILEÆA JUHA S KNEDLAMA 58g";"910021801";"EAT EASY AND TASTY";"0,058";"KG";"0,69";"11,9";"0";"0";"0";"0,69";"8017596111432";"HRANA"
"PILEÆA JUHA S TJESTENINOM 65g";"910022401";"EAT EASY AND TASTY";"0,065";"KG";"0,69";"10,62";"0";"0";"0";"0,69";"8017596111449";"HRANA"
"PILEÆA KRILA";"011924601";"NO BRAND";"1";"KG";"2,65";"2,65";"0";"0";"0";"2,65";"";"HRANA"
"PILEÆA KRILA BEZ VRŠKA 500g";"910162801";"NO BRAND";"0,5";"KG";"2,59";"5,18";"0";"0";"0";"2,49";"9002535233329";"HRANA"
"PILEÆA KRILA BEZ VRŠKA MAP 700g";"910200601";"NO BRAND";"0,7";"KG";"3,39";"4,84";"0";"0";"0";"3,39";"5995664004233";"HRANA"
"PILEÆA KRILA BEZ ŠPICA";"014619501";"NO BRAND";"1";"KG";"3,32";"3,32";"0";"0";"0";"3,32";"";"HRANA"
"PILEÆA KRILA CHILI MARINADA";"070207001";"NO BRAND";"1";"KG";"5,29";"5,29";"0";"0";"0";"5,29";"";"HRANA"
"PILEÆA KRILA KLASA";"070032301";"NO BRAND";"1";"KG";"4,19";"4,19";"0";"0";"0";"3,95";"";"HRANA"
"PILEÆA KRILA SREDNJI  DIO  GASTRO";"013826001";"LA COLLINA DELLE BONTA'";"1";"KG";"3,56";"3,56";"0";"0";"0";"3,56";"";"HRANA"
"PILEÆA KRILA SREDNJI DIO CHILI MAR.";"070207201";"NO BRAND";"1";"KG";"3,99";"3,99";"0";"0";"0";"4,99";"";"HRANA"
"PILEÆA KRILA SREDNJI DIO MAP";"910163001";"NO BRAND";"1";"KG";"4,69";"4,69";"0";"0";"0";"4,99";"";"HRANA"
"PILEÆA KRILA ZADNJI DIO  GASTRO";"013825901";"LA COLLINA DELLE BONTA'";"1";"KG";"5,31";"5,31";"0";"0";"0";"5,31";"";"HRANA"
"PILEÆA KRILA ZADNJI DIO CHILI MARIN";"070207101";"NO BRAND";"1";"KG";"5,99";"5,99";"0";"0";"0";"6,99";"";"HRANA"
"PILEÆA KRILA ZADNJI DIO MAP";"910162901";"NO BRAND";"1";"KG";"6,59";"6,59";"0";"0";"0";"6,29";"";"HRANA"
"PILEÆA LEÐA/HRBAT";"070092101";"NO BRAND";"1";"KG";"1,79";"1,79";"0";"0";"0";"1,99";"";"HRANA"
"PILEÆA PREDNJA ÈETVRT";"070210601";"NO BRAND";"1";"KG";"3,89";"3,89";"0";"0";"0";"3,89";"";"HRANA"
"PILEÆA PRSA 140g";"012221101";"FRESCHE FETTE";"0,14";"KG";"2,09";"14,93";"0";"0";"0";"2,09";"8017596065704";"HRANA"
"PILEÆA PRSA 150g";"900401801";"NO BRAND";"0,15";"KG";"1,79";"11,93";"0";"0";"0";"1,79";"3831020344754";"HRANA"
"PILEÆA PRSA BEZ KOŽE S KOSTI MAP";"010804501";"NO BRAND";"1";"KG";"6,99";"6,99";"0";"0";"0";"6,39";"";"HRANA"
"PILEÆA PRSA BK SK";"070000302";"NO BRAND";"1";"KG";"5,99";"5,99";"0";"0";"0";"5,99";"";"HRANA"
"PILEÆA PRSA PEÈENA 110g";"013854801";"LA BOTTEGA DEL GUSTO";"0,11";"KG";"1,75";"15,91";"0";"0";"0";"1,69";"8017596075246";"HRANA"
"PILEÆA PRSA SKK";"070095901";"NO BRAND";"1";"KG";"5,59";"5,59";"0";"0";"0";"5,59";"";"HRANA"
"PILEÆA PRSA U OVITKU 400g";"900360801";"NO BRAND";"0,4";"KG";"3,49";"8,73";"3,09";"7,73";"3,49";"3,49";"3831006604056";"HRANA"
"PILEÆA ZADNJA ÈETVRT (BATAK I ZABAT";"006863501";"NO BRAND";"1";"KG";"2,57";"2,57";"0";"0";"0";"2,57";"";"HRANA"
"PILEÆA ZADNJA ÈETVRT (BATAK I ZABAT";"070031601";"NO BRAND";"1";"KG";"3,29";"3,29";"0";"0";"0";"3,29";"";"HRANA"
"PILEÆA ZADNJA ÈETVRT MAP";"910162501";"NO BRAND";"1";"KG";"3,29";"3,29";"0";"0";"0";"3,29";"";"HRANA"
"PILEÆA ZADNJA ÈETVRT OBITELJSKO PAK";"070205601";"NO BRAND";"1";"KG";"2,99";"2,99";"0";"0";"0";"2,99";"";"HRANA"
"PILEÆE KOSTI";"070205001";"NO BRAND";"1";"KG";"0,26";"0,26";"0";"0";"0";"0,26";"";"HRANA"
"PILEÆE PRSI S KOSTI BEZ KOŽE";"014619701";"NO BRAND";"1";"KG";"8,9";"8,9";"0";"0";"0";"7,3";"";"HRANA"
"PILEÆE PRSI SKK";"005642401";"NO BRAND";"1";"KG";"5,73";"5,73";"0";"0";"0";"5,73";"";"HRANA"
"PILEÆI BATAK GASTRO";"009245401";"NO BRAND";"1";"KG";"4,33";"4,33";"0";"0";"0";"4,33";"";"HRANA"
"PILEÆI BATAK I ZABATAK BKK";"014619001";"NO BRAND";"1";"KG";"5,93";"5,93";"0";"0";"0";"5,93";"";"HRANA"
"PILEÆI BATAK I ZABATAK MAP";"009241201";"NO BRAND";"1";"KG";"5,09";"5,09";"0";"0";"0";"5,29";"";"HRANA"
"PILEÆI BATAK I ZABATAK MAP 700g";"910200501";"NO BRAND";"0,7";"KG";"3,09";"4,41";"0";"0";"0";"3,09";"5995664004189";"HRANA"
"PILEÆI BATAK MAP 700g";"910200701";"NO BRAND";"0,7";"KG";"3,19";"4,56";"0";"0";"0";"3,19";"5995664004165";"HRANA"
"PILEÆI BATAK OBITELJSKO PAKIRANJE";"070042401";"NO BRAND";"1";"KG";"4,09";"4,09";"0";"0";"0";"4,09";"";"HRANA"
"PILEÆI BATAK SA ZABATKOM SKK";"014585601";"NO BRAND";"1";"KG";"3,78";"3,78";"0";"0";"0";"3,78";"";"HRANA"
"PILEÆI BATAK SKK";"070031901";"NO BRAND";"1";"KG";"4,39";"4,39";"0";"0";"0";"4,39";"";"HRANA"
"PILEÆI BATAK SKK ZAÈINJENO";"070097701";"NO BRAND";"1";"KG";"4,59";"4,59";"0";"0";"0";"4,59";"";"HRANA"
"PILEÆI BATAK ZABATAK BKK ZAÈINJUNO";"070069101";"NO BRAND";"1";"KG";"7,59";"7,59";"0";"0";"0";"7,59";"";"HRANA"
"PILEÆI BATAK ZABATAK SKK ZAÈINJENO";"070070201";"NO BRAND";"1";"KG";"5,39";"5,39";"0";"0";"0";"5,39";"";"HRANA"
"PILEÆI CORDON BLEU 2kom 240g";"014594501";"LA COLLINA DELLE BONTA'";"0,24";"KG";"1,99";"8,29";"0";"0";"0";"1,99";"8017596001849";"HRANA"
"PILEÆI FILE MAP GASTRO PACK CCA 5KG";"910145201";"NO BRAND";"1";"KG";"8,39";"8,39";"0";"0";"0";"8,39";"";"HRANA"
"PILEÆI FILE OD PRSA - RESTORAN";"070210301";"NO BRAND";"1";"KG";"6,99";"6,99";"0";"0";"0";"6,69";"";"HRANA"
"PILEÆI FILE OD PRSA CCA 2 KG GASTRO";"013820801";"NO BRAND";"1";"KG";"7,56";"7,56";"0";"0";"0";"7,56";"";"HRANA"
"PILEÆI FILE OD PRSA KLASA A";"070023901";"NO BRAND";"1";"KG";"7,99";"7,99";"0";"0";"0";"7,99";"";"HRANA"
"PILEÆI FILE OD PRSA MAP";"009241001";"NO BRAND";"1";"KG";"8,49";"8,49";"0";"0";"0";"8,49";"";"HRANA"
"PILEÆI FILE OD PRSA MAP 500g";"910200301";"NO BRAND";"0,5";"KG";"4,19";"8,38";"0";"0";"0";"4,19";"5995664004264";"HRANA"
"PILEÆI FILE OD PRSA OBITELJSKO PAK.";"070201701";"NO BRAND";"1";"KG";"7,39";"7,39";"0";"0";"0";"7,39";"";"HRANA"
"PILEÆI FILE OD PRSA ODRESCI";"070000301";"NO BRAND";"1";"KG";"8,59";"8,59";"0";"0";"0";"8,59";"";"HRANA"
"PILEÆI FILE U CORNFLAKES PANADI";"910173601";"NO BRAND";"1";"KG";"10,39";"10,39";"0";"0";"0";"9,25";"";"HRANA"
"PILEÆI GRILL MIX OBITELJSKO PAK.";"070201801";"NO BRAND";"1";"KG";"5,79";"5,79";"0";"0";"0";"5,79";"";"HRANA"
"PILEÆI GRILL MIX ZAÈINJENO";"070031501";"NO BRAND";"1";"KG";"5,99";"5,99";"0";"0";"0";"5,99";"";"HRANA"
"PILEÆI HOT DOG U LISNATOM 110g";"910214701";"NO BRAND";"0,11";"KG";"0,99";"9";"0";"0";"0";"0,99";"";"HRANA"
"PILEÆI MEDALJONI 300g";"014605601";"LA COLLINA DELLE BONTA'";"0,3";"KG";"2,39";"7,97";"0";"0";"0";"2,39";"8017596041814";"HRANA"
"PILEÆI MINI FILE OD PRSA MAP";"910162601";"NO BRAND";"1";"KG";"9,99";"9,99";"0";"0";"0";"8,89";"";"HRANA"
"PILEÆI MINI FILE RAŽNJIÆI";"910174101";"NO BRAND";"1";"KG";"12,99";"12,99";"0";"0";"0";"11,89";"";"HRANA"
"PILEÆI MIX ZA JUHU MAP";"910163101";"NO BRAND";"1";"KG";"2,89";"2,89";"0";"0";"0";"2,69";"";"HRANA"
"PILEÆI NAREZAK 150g";"900496101";"EAT EASY AND TASTY";"0,15";"KG";"1,09";"7,27";"0";"0";"0";"0,99";"8017596113191";"HRANA"
"PILEÆI RASJEK";"070211101";"NO BRAND";"1";"KG";"3,79";"3,79";"0";"0";"0";"4,79";"";"HRANA"
"PILEÆI RASJEK ZA POHANJE";"070211201";"NO BRAND";"1";"KG";"4,39";"4,39";"0";"0";"0";"5,29";"";"HRANA"
"PILEÆI RAŽNJIÆI OD FILEA";"070016201";"NO BRAND";"1";"KG";"8,89";"8,89";"0";"0";"0";"8,89";"";"HRANA"
"PILEÆI RAŽNJIÆI OD FILEA MAR.450g";"910174201";"NO BRAND";"0,45";"KG";"4,79";"10,64";"0";"0";"0";"4,39";"3858890933109";"HRANA"
"PILEÆI RAŽNJIÆI OD FILEA S PAPRIKOM";"910165701";"NO BRAND";"1";"KG";"10,99";"10,99";"0";"0";"0";"9,39";"";"HRANA"
"PILEÆI ZABATAK B/KOSTI I/KOŽE 400g";"910162701";"NO BRAND";"0,4";"KG";"3,49";"8,73";"0";"0";"0";"3,49";"9002535232650";"HRANA"
"PILEÆI ZABATAK BEZ KOSTI S KOŽOM";"070206401";"NO BRAND";"1";"KG";"5,29";"5,29";"0";"0";"0";"6,1";"";"HRANA"
"PILEÆI ZABATAK BK S KOŽOM";"014631001";"NO BRAND";"1";"KG";"5,87";"5,87";"0";"0";"0";"5,87";"";"HRANA"
"PILEÆI ZABATAK BKK OBITELJSKO PAK.";"070201601";"NO BRAND";"1";"KG";"6,99";"6,99";"0";"0";"0";"6,89";"";"HRANA"
"PILEÆI ZABATAK BKK ZAÈINJENO";"070059001";"NO BRAND";"1";"KG";"7,19";"7,19";"0";"0";"0";"7,09";"";"HRANA"
"PILEÆI ZABATAK GASTRO";"009244801";"NO BRAND";"1";"KG";"4,33";"4,33";"0";"0";"0";"4,33";"";"HRANA"
"PILEÆI ZABATAK MAP 700g";"910200401";"NO BRAND";"0,7";"KG";"3,19";"4,56";"0";"0";"0";"3,19";"5995664004134";"HRANA"
"PILEÆI ZABATAK OBITELJSKO PAKIRANJE";"070042501";"NO BRAND";"1";"KG";"4,09";"4,09";"0";"0";"0";"4,09";"";"HRANA"
"PILEÆI ZABATAK SKK";"070032001";"NO BRAND";"1";"KG";"4,39";"4,39";"0";"0";"0";"4,39";"";"HRANA"
"PILING ZA TIJELO S MORS.SOLI 600ml";"018581101";"FIOR DI MAGNOLIA";"0,6";"KG";"3,79";"6,32";"0";"0";"0";"3,79";"8017596138330";"KOZMETIKA"
"PINA COLADA 14,9% 700ml";"900479401";"NO BRAND";"0,7";"LT";"7,49";"10,7";"5,99";"8,56";"7,49";"7,49";"3830006259082";"PIÆE"
"PINJOLI JEZGRA 40g SIBAMBA";"014086401";"MISTER SIBAMBA";"0,04";"KG";"3,49";"87,25";"0";"0";"0";"3,49";"8017596002723";"HRANA"
"PINK GIN TONIC 0,33L";"900589101";"NO BRAND";"0,33";"LT";"1,15";"3,48";"0";"0";"0";"1,15";"3830078500747";"PIÆE"
"PIR PRETHODNO KUHANI 400g";"015578001";"DELIZIE DAL SOLE";"0,4";"KG";"1,39";"3,48";"0";"0";"0";"1,39";"8017596106131";"HRANA"
"PISTACIJA 200g MR SIBAMBA";"017603801";"MISTER SIBAMBA";"0,2";"KG";"3,49";"17,45";"0";"0";"0";"3,49";"8028618013528";"HRANA"
"PISTACIJA 200g MR SIBAMBA";"017603801";"MISTER SIBAMBA";"0,2";"KG";"3,49";"17,45";"0";"0";"0";"3,49";"8028618005523";"HRANA"
"PISTACIJA 200g MR SIBAMBA";"017603801";"MISTER SIBAMBA";"0,2";"KG";"3,49";"17,45";"0";"0";"0";"3,49";"8017596002679";"HRANA"
"PISTACIJA PRŽENA I SLANA 350g";"010453001";"MISTER SIBAMBA";"0,35";"KG";"5,99";"17,11";"0";"0";"0";"5,59";"8017596054104";"HRANA"
"PITA GYROS KEBAB SA PILETINOM 90g";"910211001";"NO BRAND";"0,09";"KG";"1,09";"12,11";"0";"0";"0";"1,09";"";"HRANA"
"PITA OD JABUKA 420g";"910132401";"NO BRAND";"0,42";"KG";"4,49";"10,69";"0";"0";"0";"3,99";"3858894680672";"HRANA"
"PITA S KRUMPIROM 150g";"910194501";"NO BRAND";"0,15";"KG";"1,19";"7,93";"0,79";"5,27";"1,19";"1,19";"";"HRANA"
"PITA S KRUMPIROM 600g";"900474301";"NO BRAND";"0,6";"KG";"2,59";"4,32";"0";"0";"0";"2,59";"8606015916156";"HRANA"
"PITA S VIŠNJAMA 500g";"910133001";"NO BRAND";"0,5";"KG";"4,99";"9,98";"0";"0";"0";"4,79";"3858894680269";"HRANA"
"PITA SA FETA SIROM 90g";"910210901";"NO BRAND";"0,09";"KG";"0,99";"11";"0";"0";"0";"0,99";"";"HRANA"
"PITA SA FETA SIROM I ŠPINATOM 90g";"910210801";"NO BRAND";"0,09";"KG";"0,99";"11";"0";"0";"0";"0,99";"";"HRANA"
"PITA SA SIROM 600g";"900474201";"NO BRAND";"0,6";"KG";"2,65";"4,42";"0";"0";"0";"2,65";"8606015916132";"HRANA"
"PIVO A.ESSERE S.GLU. 4,8% 3x330ml";"910089601";"AMO ESSERE SENZA GLUTINE";"0,33";"LT";"1,22";"3,7";"0";"0";"0";"1,22";"8017596101211";"PIÆE"
"PIVO B. BRAU RADLER GREJP 2% 500ML";"900591301";"BEST BRAU";"0,5";"LT";"0,79";"1,58";"0";"0";"0";"0,75";"8017596132925";"PIÆE"
"PIVO B.B PREM.STRONG LIM 8,4% 500ml";"009458401";"BEST BRAU";"0,5";"LT";"1,09";"2,18";"0";"0";"0";"1,09";"8017596050335";"PIÆE"
"PIVO B.B PREM.STRONG LIM 8,4% 500ml";"009458401";"BEST BRAU";"0,5";"LT";"1,09";"2,18";"0";"0";"0";"1,09";"5900535000153";"PIÆE"
"PIVO B.B PREM.STRONG LIM 8,4% 500ml";"009458401";"BEST BRAU";"0,5";"LT";"1,09";"2,18";"0";"0";"0";"1,09";"3700311820904";"PIÆE"
"PIVO B.B. BEZALK. LIM <0,5% 500ml";"014932301";"BEST BRAU";"0,5";"LT";"0,59";"1,18";"0";"0";"0";"0,67";"8017596103208";"PIÆE"
"PIVO B.B. EXTRA 4,5% 330ml";"015551901";"BEST BRAU";"0,33";"LT";"1,19";"3,61";"0,79";"2,39";"1,19";"0,99";"5900535011814";"PIÆE"
"PIVO B.B. EXTRA 4,5% 330ml";"015551901";"BEST BRAU";"0,33";"LT";"1,19";"3,61";"0,79";"2,39";"1,19";"0,99";"8017596111913";"PIÆE"
"PIVO B.B. PREM. PILS LIM 5% 500ml";"014901301";"BEST BRAU";"0,5";"LT";"0,95";"1,9";"0";"0";"0";"0,95";"8017596103185";"PIÆE"
"PIVO B.B. PREM.RED 5,4% 3x330ml";"910089901";"BEST BRAU";"0,33";"LT";"0,99";"3";"0";"0";"0";"0,98";"8017596050564";"PIÆE"
"PIVO B.B.LAGER STAKLENKA 4,7% 660ml";"014886301";"BEST BRAU";"0,66";"LT";"1,29";"1,95";"0";"0";"0";"1,28";"8017596009074";"PIÆE"
"PIVO B.BRAU RADL. LIM 2,5% 500ml";"014935901";"BEST BRAU";"0,5";"LT";"0,79";"1,58";"0";"0";"0";"0,75";"8017596071910";"PIÆE"
"PIVO BERGEDORF LIM 4,5% 330ml";"008395701";"NO BRAND";"0,33";"LT";"0,65";"1,97";"0";"0";"0";"0,72";"42103127";"PIÆE"
"PIVO BERGEDORF LIM 4,5% 330ml";"008395701";"NO BRAND";"0,33";"LT";"0,65";"1,97";"0";"0";"0";"0,72";"4014086024382";"PIÆE"
"PIVO BERGEDORF LIM 4,5% 500ml";"008395801";"NO BRAND";"0,5";"LT";"0,79";"1,58";"0";"0";"0";"0,79";"42103110";"PIÆE"
"PIVO BERGEDORF LIM 4,5% 500ml";"008395801";"NO BRAND";"0,5";"LT";"0,79";"1,58";"0";"0";"0";"0,79";"4014086024375";"PIÆE"
"PIVO BEST BRAU LAGER 4,7% 6x330 ml";"910089701";"BEST BRAU";"0,33";"LT";"0,82";"2,48";"0";"0";"0";"0,82";"8017596009098";"PIÆE"
"PIVO BEST BRAU LAGER LIM 4,7% 330ml";"014568601";"BEST BRAU";"0,33";"LT";"0,65";"1,97";"0";"0";"0";"0,65";"8017596057563";"PIÆE"
"PIVO BEST BRAU LAGER PET 5% 1l";"014932801";"BEST BRAU";"1";"LT";"1,69";"1,69";"0";"0";"0";"1,62";"8017596103192";"PIÆE"
"PIVO BEST BRAU LIM 4,7% 500ml";"014568901";"BEST BRAU";"0,5";"LT";"0,79";"1,58";"0";"0";"0";"0,85";"8017596057570";"PIÆE"
"PIVO BEST BRAU PREM.LAG. 5% 660ml";"014897201";"BEST BRAU";"0,66";"LT";"1,29";"1,95";"0";"0";"0";"1,28";"8017596050915";"PIÆE"
"PIVO BEST BRAU WEIZEN LIM 5% 500ml";"014891101";"BEST BRAU";"0,5";"LT";"0,99";"1,98";"0";"0";"0";"0,95";"8017596103178";"PIÆE"
"PIVO BURGFURST PILS LIM 4,3% 500ml";"910083301";"NO BRAND";"0,5";"LT";"0,79";"1,58";"0";"0";"0";"0,79";"4014086086199";"PIÆE"
"PIVO GRALSBURG LIM 4,3% 500ml";"900379101";"NO BRAND";"0,5";"LT";"0,79";"1,58";"0";"0";"0";"0,79";"4014086024399";"PIÆE"
"PIVO IPA 3,9% 500ml";"910159901";"NO BRAND";"0,5";"LT";"2,32";"4,64";"0";"0";"0";"2,32";"3858895210021";"PIÆE"
"PIVO MONASTICA BLONDE 6,5% 750ml";"015356801";"NO BRAND";"0,75";"LT";"3,69";"4,92";"0";"0";"0";"3,69";"5410218006926";"PIÆE"
"PIVO MONASTICA ROGUE 6,5% 750ml";"017832601";"NO BRAND";"0,75";"LT";"3,69";"4,92";"0";"0";"0";"3,69";"5410218110333";"PIÆE"
"PIVO PALE ALE 5,3% 500ml";"910160001";"NO BRAND";"0,5";"LT";"2,22";"4,44";"0";"0";"0";"2,22";"3858895210007";"PIÆE"
"PIVO S.BARTH.PŠENIÈNO 5,2& 500ml";"017719301";"NO BRAND";"0,5";"LT";"1,39";"2,78";"1,09";"2,18";"1,39";"1,39";"4054500134679";"PIÆE"
"PIVO ÈEŠKO ÈERNA HORA 4,8% 500ml";"017285701";"NO BRAND";"0,5";"LT";"1,29";"2,58";"0";"0";"0";"1,28";"8590376024103";"PIÆE"
"PIZZA 4 VRSTE SIRA 300g";"014991101";"TRE MULINI";"0,3";"KG";"2,99";"9,97";"0";"0";"0";"2,79";"8017596041890";"HRANA"
"PIZZA MARGH. BEZ GLUT. I LAKT. 300g";"013793201";"AMO ESSERE SENZA GLUTINE";"0,3";"KG";"3,49";"11,63";"0";"0";"0";"3,49";"8017596041685";"HRANA"
"PIZZA MARGH. BEZ GLUT. I LAKT. 300g";"013793201";"AMO ESSERE SENZA GLUTINE";"0,3";"KG";"3,49";"11,63";"0";"0";"0";"3,49";"8017596041715";"HRANA"
"PIZZA MARGHERITA 160g";"018504201";"NO BRAND";"0,16";"KG";"1,79";"11,19";"0";"0";"0";"1,79";"";"HRANA"
"PIZZA MARGHERITA 2kom 600g";"900477801";"TRE MULINI";"0,6";"KG";"3,19";"5,32";"0";"0";"0";"3,19";"8017596041364";"HRANA"
"PIZZA MARGHERITA 3X300g";"016177701";"TRE MULINI";"0,9";"KG";"6,49";"7,21";"0";"0";"0";"6,49";"8017596107411";"HRANA"
"PIZZA MARGHERITA 3kom 1200g";"009041801";"TRE MULINI";"1,2";"KG";"6,99";"5,83";"0";"0";"0";"6,99";"8002050043992";"HRANA"
"PIZZA MARGHERITA 3kom 1200g";"009041801";"TRE MULINI";"1,2";"KG";"6,99";"5,83";"0";"0";"0";"6,99";"8017596041241";"HRANA"
"PIZZA MARGHERITA 3kom 960g";"012145201";"TRE MULINI";"0,96";"KG";"5,89";"6,14";"0";"0";"0";"5,89";"8017596001887";"HRANA"
"PIZZA MARGHERITA 3kom 960g";"018679601";"TRE MULINI";"0,96";"KG";"5,89";"6,14";"0";"0";"0";"5,89";"8017596001887";"HRANA"
"PIZZA MARGHERITA 400g";"016409701";"TRE MULINI";"0,4";"KG";"3,32";"8,3";"0";"0";"0";"3,32";"8017596113504";"HRANA"
"PIZZA MARGHERITA DEB. TIJESTO 375g";"016724801";"TRE MULINI";"0,375";"KG";"2,79";"7,44";"0";"0";"0";"2,79";"8017596046130";"HRANA"
"PIZZA MAXI MARGHERITA 560g";"016630301";"TRE MULINI";"0,56";"KG";"4,19";"7,48";"0";"0";"0";"3,99";"8017596046093";"HRANA"
"PIZZA MAXI ŠUNKA I GLJIVE 630g";"016511901";"TRE MULINI";"0,63";"KG";"4,69";"7,44";"0";"0";"0";"4,49";"8017596046109";"HRANA"
"PIZZA PROSCIUTTO 300g";"900481901";"NO BRAND";"0,3";"KG";"2,29";"7,63";"0";"0";"0";"2,29";"8002050047488";"HRANA"
"PIZZA SA SALAMOM 300g";"900481701";"NO BRAND";"0,3";"KG";"2,19";"7,3";"0";"0";"0";"2,09";"8002050047495";"HRANA"
"PIZZA SA SIROM";"910044401";"NO BRAND";"1";"KG";"7,96";"7,96";"0";"0";"0";"7,96";"";"HRANA"
"PIZZA SPECIALE 320g";"900481801";"NO BRAND";"0,32";"KG";"2,29";"7,16";"1,79";"5,59";"2,29";"2,19";"8002050047471";"HRANA"
"PIZZETTE RAJÈICA I MOZZARELLA 350g";"015861301";"VARIAGUSTO";"0,35";"KG";"2,89";"8,26";"0";"0";"0";"2,92";"8017596046017";"HRANA"
"PIÆE NA BAZI ÈAJA BRESKVA 6x200ml";"010311101";"BLUES";"1,2";"LT";"1,59";"1,33";"0";"0";"0";"1,59";"8017596051936";"PIÆE"
"PIÆE OD ANANASA 60% BEZ.DO.ŠEÈ. 1l";"016572802";"PUERTOSOL";"1";"LT";"1,99";"1,99";"0";"0";"0";"1,99";"8017596078346";"PIÆE"
"PIÆE OD NARANÈE 65% BEZ.DO.ŠEÈ. 1l";"016572702";"PUERTOSOL";"1";"LT";"1,99";"1,99";"0";"0";"0";"1,99";"8017596078353";"PIÆE"
"PJ VI.NEGROAM.ICON BI.EX.DRY 750ml";"017512201";"NO BRAND";"0,75";"LT";"3,29";"4,39";"2,69";"3,59";"3,29";"3,02";"8020685012176";"PIÆE"
"PJ.VINO ICON ROSATO EXTRA DRY 750ml";"017512101";"NO BRAND";"0,75";"LT";"4,52";"6,03";"0";"0";"0";"4,52";"8020685012183";"PIÆE"
"PJEN.VIN.GRAN DESSER SLATKO 750ml";"015063401";"NO BRAND";"0,75";"LT";"2,52";"3,36";"0";"0";"0";"2,52";"8008920001970";"PIÆE"
"PJEN.VIN.GRAN DESSER SLATKO 750ml";"015063401";"NO BRAND";"0,75";"LT";"2,52";"3,36";"0";"0";"0";"2,52";"8003295012484";"PIÆE"
"PJEN.VIN.PROS.DOC MILL. EX.DRY750ml";"900535901";"NO BRAND";"0,75";"LT";"5,29";"7,05";"0";"0";"0";"5,02";"8006870018307";"PIÆE"
"PJEN.VIN.PROS.DOC MILL. EX.DRY750ml";"900535901";"NO BRAND";"0,75";"LT";"5,29";"7,05";"0";"0";"0";"5,02";"8006870011896";"PIÆE"
"PJEN.VINO PRINCE CASTELLBRUT 750ml";"012914501";"NO BRAND";"0,75";"LT";"2,99";"3,99";"0";"0";"0";"2,99";"80418382";"PIÆE"
"PJENA KUP.KOK.JASM./NARC.ORH. 750ml";"017936001";"NEAR YOUR XXX";"0,75";"LT";"1,79";"2,39";"0";"0";"0";"1,49";"8017596132246";"KOZMETIKA"
"PJENA KUP.KOK.JASM./NARC.ORH. 750ml";"017936001";"NEAR YOUR XXX";"0,75";"LT";"1,79";"2,39";"0";"0";"0";"1,49";"8017596132239";"KOZMETIKA"
"PJENA ZA BRIJANJE 300ml";"018426801";"NISSHE";"0,3";"LT";"1,59";"5,3";"0";"0";"0";"1,59";"8017596059338";"KOZMETIKA"
"PJENA ZA BRIJANJE 300ml";"018426801";"NISSHE";"0,3";"LT";"1,59";"5,3";"0";"0";"0";"1,59";"8017596137197";"KOZMETIKA"
"PJENA ZA BRIJANJE 300ml";"018426801";"NISSHE";"0,3";"LT";"1,59";"5,3";"0";"0";"0";"1,59";"8017596137203";"KOZMETIKA"
"PJENA ZA KOVRÈAVU KOSU 250ml";"017284401";"COLOR LOOK";"0,25";"LT";"1,33";"5,32";"0";"0";"0";"1,33";"8017596121370";"KOZMETIKA"
"PJENA ZA KUPANJE BIO 400ml";"016405501";"AMO ESSERE ECO";"0,4";"LT";"2,39";"5,98";"0";"0";"0";"2,39";"8017596115461";"KOZMETIKA"
"PJENA ZA KUPANJE NEUTRO/OSVJEŽ 1l";"017953001";"NEAR YOUR XXX";"1";"LT";"2,25";"2,25";"0";"0";"0";"2,25";"8017596133366";"KOZMETIKA"
"PJENA ZA KUPANJE NEUTRO/OSVJEŽ 1l";"017953001";"NEAR YOUR XXX";"1";"LT";"2,25";"2,25";"0";"0";"0";"2,25";"8017596133373";"KOZMETIKA"
"PJENA ZA KUPANJE PLANIN.BOR/IRIS 2l";"017939201";"NEAR YOUR XXX";"2";"LT";"2,79";"1,4";"0";"0";"0";"2,79";"8017596133380";"KOZMETIKA"
"PJENA ZA KUPANJE PLANIN.BOR/IRIS 2l";"017939201";"NEAR YOUR XXX";"2";"LT";"2,79";"1,4";"0";"0";"0";"2,79";"8017596133397";"KOZMETIKA"
"PJENUŠAVO VINO MOSCATO 750ml";"012121801";"NO BRAND";"0,75";"LT";"2,99";"3,99";"0";"0";"0";"2,99";"8008920001987";"PIÆE"
"PJENUŠAVO VINO MOSCATO 750ml";"012121801";"NO BRAND";"0,75";"LT";"2,99";"3,99";"0";"0";"0";"2,99";"8003295007879";"PIÆE"
"PJENUŠAVO VINO MOSCATO 750ml";"012121801";"NO BRAND";"0,75";"LT";"2,99";"3,99";"0";"0";"0";"2,99";"8008920001840";"PIÆE"
"PJENUŠAVO VINO P.LOUIS-BRUT 750ml";"008708701";"NO BRAND";"0,75";"LT";"6,29";"8,39";"0";"0";"0";"5,99";"3438931010985";"PIÆE"
"PJENUŠAVO VINO SLADKA PENINA 750ml";"900390101";"NO BRAND";"0,75";"LT";"6,29";"8,39";"0";"0";"0";"5,99";"3830001609400";"PIÆE"
"PLETENICE GRANO ARSO 370g";"014310201";"NO BRAND";"0,37";"KG";"2,65";"7,16";"0";"0";"0";"2,65";"8021851600081";"HRANA"
"PLETENICE INTEGRALNE 370g";"014310701";"NO BRAND";"0,37";"KG";"2,65";"7,16";"0";"0";"0";"2,65";"8021851600036";"HRANA"
"PLETENICE S LUKOM I MASLINAMA 370g";"014310301";"NO BRAND";"0,37";"KG";"2,65";"7,16";"0";"0";"0";"2,65";"8021851600074";"HRANA"
"PLETENICE SIROM I PAPROM 370g";"014310601";"NO BRAND";"0,37";"KG";"2,65";"7,16";"0";"0";"0";"2,65";"8021851600029";"HRANA"
"PLEÆA SRCA";"070204601";"NO BRAND";"1";"KG";"3,99";"3,99";"0";"0";"0";"3,05";"";"HRANA"
"PLJESKAVICA";"070096701";"NO BRAND";"1";"KG";"6,59";"6,59";"0";"0";"0";"6,39";"";"HRANA"
"PLJESKAVICA 450g";"910108901";"NO BRAND";"0,45";"KG";"3,79";"8,42";"0";"0";"0";"3,79";"3859893068577";"HRANA"
"PLJESKAVICA TELEÆA";"070073101";"NO BRAND";"1";"KG";"10,99";"10,99";"0";"0";"0";"9,99";"";"HRANA"
"PLOÈICE KIKIR.SJEMEN.MED 4 kom 120g";"016949301";"DOLCIANDO";"0,12";"KG";"1,59";"13,25";"0";"0";"0";"1,59";"8017596118745";"HRANA"
"PLOÈICE KIKIR.SJEMEN.MED 4 kom 120g";"018550101";"DOLCIANDO";"0,12";"KG";"1,59";"13,25";"0";"0";"0";"1,59";"8017596118745";"HRANA"
"PLOÈICE KROKANT MIX 65g";"011570101";"DOLCIANDO";"0,065";"KG";"0,69";"10,62";"0";"0";"0";"0,69";"8002457000376";"HRANA"
"PLOÈICE KROKANT MIX 65g";"011570101";"DOLCIANDO";"0,065";"KG";"0,69";"10,62";"0";"0";"0";"0,69";"8006167026008";"HRANA"
"PLOÈICE KROKANT MIX 65g";"011570101";"DOLCIANDO";"0,065";"KG";"0,69";"10,62";"0";"0";"0";"0,69";"8017596110299";"HRANA"
"PLOÈICE S ARAŠIDIMA I VOÆEM 120g";"017137401";"DOLCIANDO";"0,12";"KG";"1,59";"13,25";"0";"0";"0";"1,59";"8017596118936";"HRANA"
"PLOÈICE S ARAŠIDIMA I VOÆEM 120g";"018550001";"DOLCIANDO";"0,12";"KG";"1,59";"13,25";"0";"0";"0";"1,59";"8017596118936";"HRANA"
"PLOÈICE ŠLAG KARAM. 6KOM 250g";"010797201";"DOLCIANDO";"0,25";"KG";"2,99";"11,96";"0";"0";"0";"2,89";"8017596043313";"HRANA"
"PLOÈICE ŠLAG KOKOS 6KOM 250g";"010797203";"DOLCIANDO";"0,25";"KG";"2,99";"11,96";"0";"0";"0";"2,89";"8017596044211";"HRANA"
"PLOÈICE ŽIT. TAM.ÈOK. 4 kom 120g";"016949401";"DOLCIANDO";"0,12";"KG";"1,59";"13,25";"0";"0";"0";"1,59";"8017596118738";"HRANA"
"PLOÈICE ŽIT., TAM.ÈOK. 6 kom 126g";"017049901";"TRE MULINI";"0,126";"KG";"1,59";"12,62";"0";"0";"0";"1,49";"8017596066848";"HRANA"
"PLOÈICE ŽITARICE BRUS. 6 kom 126g";"017050001";"TRE MULINI";"0,126";"KG";"1,59";"12,62";"0";"0";"0";"1,49";"8017596066855";"HRANA"
"PLOÙICE ?IT. TAM.ÙOK. 4 kom 120g";"018548501";"DOLCIANDO";"0,12";"KG";"1,59";"13,25";"0";"0";"0";"1,59";"8017596138835";"HRANA"
"POKE BOWL LOSOS MANGO 350g";"910206201";"NO BRAND";"0,35";"KG";"6,79";"19,4";"0";"0";"0";"6,79";"5906259714789";"HRANA"
"POKE BOWL LOSOS MANGO MRKVA 350g";"910206401";"NO BRAND";"0,35";"KG";"6,29";"17,97";"0";"0";"0";"6,29";"5906259714826";"HRANA"
"POKE BOWL LOSOS WAKAME ALGE 350g";"910206301";"NO BRAND";"0,35";"KG";"7,49";"21,4";"0";"0";"0";"7,49";"5906259714802";"HRANA"
"POLOVICA MLADE PATKE";"070035501";"NO BRAND";"1";"KG";"5,79";"5,79";"0";"0";"0";"5,79";"";"HRANA"
"POLOVICA SVJEŽEG PILETA";"070207701";"NO BRAND";"1";"KG";"3,49";"3,49";"0";"0";"0";"3,49";"";"HRANA"
"POLUBIJELI DOMAÆI KRUH 500g";"910117601";"NO BRAND";"0,5";"KG";"0,89";"1,78";"0";"0";"0";"0,75";"";"HRANA"
"POMELO rfz";"080278301";"NO BRAND";"1";"KG";"2,89";"2,89";"0";"0";"0";"1,99";"";"HRANA"
"POMMES FRITES PREDPRŽENI 1kg";"008138901";"DELIZIE DAL SOLE";"1";"KG";"2,89";"2,89";"1,59";"1,59";"2,89";"2,89";"8017596001535";"HRANA"
"POMMES FRITES PREDPRŽENI 3kg";"008562501";"DELIZIE DAL SOLE";"3";"KG";"5,89";"1,96";"0";"0";"0";"5,89";"8017596041012";"HRANA"
"POMMES FRITES ZA PEÆNICU 750g";"014522101";"DELIZIE DAL SOLE";"0,75";"KG";"2,19";"2,92";"0";"0";"0";"2,19";"8017596042286";"HRANA"
"POP CORN 125g";"900488701";"NO BRAND";"0,125";"KG";"0,79";"6,32";"0";"0";"0";"0,79";"3859888532618";"HRANA"
"PORILUK";"014304201";"NO BRAND";"1";"PZ";"0,59";"0,59";"0";"0";"0";"0,59";"8001553802211";"HRANA"
"PORILUK 500g";"080049201";"NO BRAND";"0,5";"KG";"1,49";"2,98";"0";"0";"0";"1,49";"9999999999994";"HRANA"
"PORILUK 500g";"080049201";"NO BRAND";"0,5";"KG";"1,49";"2,98";"0";"0";"0";"1,49";"3830050933181";"HRANA"
"PORILUK 500g";"080049201";"NO BRAND";"0,5";"KG";"1,49";"2,98";"0";"0";"0";"1,49";"3859891767281";"HRANA"
"PORILUK 500g";"080049201";"NO BRAND";"0,5";"KG";"1,49";"2,98";"0";"0";"0";"1,49";"3859893696336";"HRANA"
"PORILUK 500g";"080049201";"NO BRAND";"0,5";"KG";"1,49";"2,98";"0";"0";"0";"1,49";"3859894356055";"HRANA"
"POSEBNA KOBASICA 400g";"900354901";"MEAT APPETIT";"0,4";"KG";"1,99";"4,98";"0";"0";"0";"1,99";"3830011820352";"HRANA"
"POSEBNA KOBASICA 400g";"900354901";"MEAT APPETIT";"0,4";"KG";"1,99";"4,98";"0";"0";"0";"1,99";"8017596129932";"HRANA"
"POSEBNA KOBASICA SIR/POVRÆE 400g";"900432001";"MEAT APPETIT";"0,4";"KG";"2,19";"5,48";"0";"0";"0";"2,19";"3830011820819";"HRANA"
"POSEBNA KOBASICA SIR/POVRÆE 400g";"900432001";"MEAT APPETIT";"0,4";"KG";"2,19";"5,48";"0";"0";"0";"2,19";"3830011820826";"HRANA"
"POSEBNA KOBASICA SIR/POVRÆE 400g";"900432001";"MEAT APPETIT";"0,4";"KG";"2,19";"5,48";"0";"0";"0";"2,19";"8017596130440";"HRANA"
"POSEBNA KOBASICA SIR/POVRÆE 400g";"900432001";"MEAT APPETIT";"0,4";"KG";"2,19";"5,48";"0";"0";"0";"2,19";"8017596130433";"HRANA"
"POSEBNA PILEÆA KOBASICA 1000g";"900491601";"NO BRAND";"1";"KG";"2,89";"2,89";"0";"0";"0";"2,92";"3831006611993";"HRANA"
"POSEBNA PILEÆA KOBASICA 180g";"900506801";"NO BRAND";"0,18";"KG";"1,29";"7,17";"0";"0";"0";"1,29";"3831020344761";"HRANA"
"POSEBNA PILEÆA KOBASICA 500g";"900492701";"MEAT APPETIT";"0,5";"KG";"1,79";"3,58";"0";"0";"0";"1,99";"3830042430100";"HRANA"
"POSEBNA PILEÆA KOBASICA 500g";"900492701";"MEAT APPETIT";"0,5";"KG";"1,79";"3,58";"0";"0";"0";"1,99";"8017596130464";"HRANA"
"POSEBNA PILEÆA KOBASICA PAPRI. 500g";"900492601";"MEAT APPETIT";"0,5";"KG";"1,99";"3,98";"0";"0";"0";"1,99";"3830042430124";"HRANA"
"POSEBNA PILEÆA KOBASICA PAPRI. 500g";"900492601";"MEAT APPETIT";"0,5";"KG";"1,99";"3,98";"0";"0";"0";"1,99";"8017596129956";"HRANA"
"POSEBNA PILEÆA KOBASICA SIR 500g";"900492501";"MEAT APPETIT";"0,5";"KG";"1,99";"3,98";"0";"0";"0";"1,99";"3830042430117";"HRANA"
"POSEBNA PILEÆA KOBASICA SIR 500g";"900492501";"MEAT APPETIT";"0,5";"KG";"1,99";"3,98";"0";"0";"0";"1,99";"8017596129963";"HRANA"
"POSEBNA PILEÆA MINI KOBASICA 220g";"900490801";"MEAT APPETIT";"0,22";"KG";"0,89";"4,05";"0";"0";"0";"0,79";"3830042432418";"HRANA"
"POSEBNA PILEÆA MINI KOBASICA 220g";"900490801";"MEAT APPETIT";"0,22";"KG";"0,89";"4,05";"0";"0";"0";"0,79";"8017596129949";"HRANA"
"POSEBNA PUREÆA KOBASICA 500g";"910056801";"NO BRAND";"0,5";"KG";"1,79";"3,58";"1,19";"2,38";"1,79";"1,79";"3830042430186";"HRANA"
"POSUDICA ZA URIN STERILNA";"016195501";"LA NUOVA PHARMACIA";"1";"PZ";"0,69";"0,69";"0";"0";"0";"0,59";"8017596056948";"KOZMETIKA"
"POVRÆE MIJEŠANO 3X420g/390g";"014388001";"DELIZIE DAL SOLE";"0,39";"KG";"2,69";"6,9";"0";"0";"0";"2,69";"8017596076526";"HRANA"
"POVRÆE PRILOG 450g";"017853701";"DELIZIE DAL SOLE";"0,45";"KG";"1,59";"3,53";"0";"0";"0";"1,59";"8017596042392";"HRANA"
"POVRÆE ZA JUHU 500g.";"080588901";"NO BRAND";"0,5";"KG";"1,29";"2,58";"0";"0";"0";"1,29";"3859891767069";"HRANA"
"POVRÆE ZA JUHU 500g.";"080588901";"NO BRAND";"0,5";"KG";"1,29";"2,58";"0";"0";"0";"1,29";"3859889267809";"HRANA"
"POVRÆE ZA JUHU 500g.";"080588901";"NO BRAND";"0,5";"KG";"1,29";"2,58";"0";"0";"0";"1,29";"3830050933464";"HRANA"
"POVRÆE ZA JUHU 500g.";"080588901";"NO BRAND";"0,5";"KG";"1,29";"2,58";"0";"0";"0";"1,29";"3850334005281";"HRANA"
"POVRÆE ZA JUHU 500g.";"080588901";"NO BRAND";"0,5";"KG";"1,29";"2,58";"0";"0";"0";"1,29";"3858885875902";"HRANA"
"PRALINE  ETOILE 140G";"900611101";"NO BRAND";"0,14";"KG";"3,99";"28,5";"0";"0";"0";"3,99";"8008743036647";"HRANA"
"PRALINE BOERI 800G";"018659701";"DOLCIANDO";"0,8";"KG";"8,99";"11,24";"0";"0";"0";"8,99";"8017596139511";"HRANA"
"PRALINE CREMINI 180g";"016960501";"DOLCIANDO";"0,18";"KG";"3,39";"18,83";"0";"0";"0";"2,99";"8017596121257";"HRANA"
"PRALINE CREMINI LJEŠ.KAVA.VAN 230g";"012824801";"DOLCIANDO";"0,23";"KG";"3,99";"17,35";"0";"0";"0";"3,99";"8017596069658";"HRANA"
"PRALINE CREMINI PISTACIJE 150g";"016960601";"DOLCIANDO";"0,15";"KG";"3,39";"22,6";"0";"0";"0";"3,19";"8017596121288";"HRANA"
"PRALINE EXFOND. COINTREAU 100g";"018468001";"DOLCIANDO";"0,1";"KG";"1,59";"15,9";"0";"0";"0";"1,59";"8017596140814";"HRANA"
"PRALINE GIFT BOX 100g";"900633201";"NO BRAND";"0,1";"KG";"3,99";"39,9";"0";"0";"0";"3,99";"5400265043326";"HRANA"
"PRALINE MAXI 850g";"008713601";"DOLCIANDO";"0,85";"KG";"8,99";"10,58";"0";"0";"0";"8,99";"8017596012753";"HRANA"
"PRALINE MEDVJEDIÆ 70g";"910216701";"NO BRAND";"0,07";"KG";"4,49";"64,14";"0";"0";"0";"4,49";"59097709";"HRANA"
"PRALINE MELODY 310G";"900611401";"NO BRAND";"0,31";"KG";"6,49";"20,94";"0";"0";"0";"5,99";"8008743022053";"HRANA"
"PRALINE MIX 200g";"012129001";"DOLCIANDO";"0,2";"KG";"2,49";"12,45";"0";"0";"0";"2,29";"8000017510150";"HRANA"
"PRALINE MIX 200g";"012129001";"DOLCIANDO";"0,2";"KG";"2,49";"12,45";"0";"0";"0";"2,29";"8017596108999";"HRANA"
"PRALINE MOZART KUGLICE 200g";"910121902";"NO BRAND";"0,2";"KG";"3,39";"16,95";"0";"0";"0";"3,29";"4006894273007";"HRANA"
"PRALINE MOZART KUGLICE 200g";"910121902";"NO BRAND";"0,2";"KG";"3,39";"16,95";"0";"0";"0";"3,29";"4006894733709";"HRANA"
"PRALINE PUNJENE LIMONCELLOM 100g";"013387501";"DOLCIANDO";"0,1";"KG";"1,59";"15,9";"0";"0";"0";"1,39";"8008743019985";"HRANA"
"PRALINE PUNJENE LIMONCELLOM 100g";"013387501";"DOLCIANDO";"0,1";"KG";"1,59";"15,9";"0";"0";"0";"1,39";"8017596109200";"HRANA"
"PRALINE RUŽE 150G";"900611201";"NO BRAND";"0,15";"KG";"3,99";"26,6";"0";"0";"0";"3,99";"8008743036715";"HRANA"
"PRALINE S KOKOSOM 140g";"016993101";"DOLCIANDO";"0,14";"KG";"1,59";"11,36";"0";"0";"0";"1,59";"8017596105578";"HRANA"
"PRALINE S LJEŠNJAK KREMOM 126g";"910219001";"NO BRAND";"0,126";"KG";"3,69";"29,29";"0";"0";"0";"3,69";"5901177156376";"HRANA"
"PRALINE S PISTACIJOM KREMA 168g";"910209601";"NO BRAND";"0,168";"KG";"3,99";"23,75";"2,99";"17,8";"3,99";"3,99";"5310005033619";"HRANA"
"PRALINE TAM.ÈOKO.TREŠ LIK. 200g";"013386301";"DOLCIANDO";"0,2";"KG";"2,49";"12,45";"0";"0";"0";"2,29";"8017596006929";"HRANA"
"PRALINE TAMNA ÈOKOLADA 200g";"015771501";"DOLCIANDO";"0,2";"KG";"2,99";"14,95";"0";"0";"0";"2,79";"8017596108289";"HRANA"
"PRALINE TRUFFLES CLASIC 200G";"900598401";"NO BRAND";"0,2";"KG";"2,99";"14,95";"0";"0";"0";"2,99";"3015496414252";"HRANA"
"PRALINE TRUFFLES LJEŠNJAK 200G";"900598501";"NO BRAND";"0,2";"KG";"2,99";"14,95";"0";"0";"0";"2,99";"3015496414337";"HRANA"
"PRALINE ÈOKOLADNE CUORE 200g";"012866701";"DOLCIANDO";"0,2";"KG";"2,99";"14,95";"0";"0";"0";"2,69";"8017596068125";"HRANA"
"PRALINE ÈOKOLADNE MLIJE/LJEŠ 200g";"013386501";"DOLCIANDO";"0,2";"KG";"2,29";"11,45";"0";"0";"0";"1,99";"8017596006974";"HRANA"
"PRALINE ÈOKOLADNE MLIJE/LJEŠ 200g";"013386501";"DOLCIANDO";"0,2";"KG";"2,29";"11,45";"0";"0";"0";"1,99";"8017596006967";"HRANA"
"PRALINE ÈOKOLADNE S KARAMELOM 100g";"012829901";"DOLCIANDO";"0,1";"KG";"1,59";"15,9";"0";"0";"0";"1,39";"8008743019268";"HRANA"
"PRALINE ÈOKOLADNE S KARAMELOM 100g";"012829901";"DOLCIANDO";"0,1";"KG";"1,59";"15,9";"0";"0";"0";"1,39";"8017596104724";"HRANA"
"PRALINE ÈOKOLADNE S LJEŠNJAKOM 180g";"013386401";"NO BRAND";"0,18";"KG";"2,49";"13,83";"0";"0";"0";"1,99";"8017596014337";"HRANA"
"PRALINE ÈOKOLADNE S LJEŠNJAKOM 180g";"013386401";"NO BRAND";"0,18";"KG";"2,49";"13,83";"0";"0";"0";"1,99";"8003535088330";"HRANA"
"PRALINE ÈOKOLADNE S PISTACIJ. 200g";"016941601";"DOLCIANDO";"0,2";"KG";"3,39";"16,95";"0";"0";"0";"2,89";"8017596120939";"HRANA"
"PRALINE ÈOKOLADNE U VREÆICI 1kg";"012112101";"DOLCIANDO";"1";"KG";"9,99";"9,99";"0";"0";"0";"9,99";"8017596108784";"HRANA"
"PRALINE ÈOKOLADNE U VREÆICI 1kg";"012112101";"DOLCIANDO";"1";"KG";"9,99";"9,99";"0";"0";"0";"9,99";"8000017510358";"HRANA"
"PRALINE ÈOKOLADNE ŠKOLJKE 230G";"910134601";"NO BRAND";"0,23";"KG";"3,39";"14,74";"0";"0";"0";"3,39";"5310005030366";"HRANA"
"PRASETINA";"910191101";"NO BRAND";"1";"KG";"9,99";"9,99";"0";"0";"0";"9,99";"";"HRANA"
"PRAŠAK ZA PECIVO 5kom 60g";"900475001";"NO BRAND";"0,06";"KG";"0,39";"6,5";"0";"0";"0";"0,39";"5310005026581";"HRANA"
"PRELJEV ZA SALATE JOGURT 250ml";"900514601";"DELIZIE DAL SOLE";"0,25";"LT";"1,39";"5,56";"0";"0";"0";"1,39";"8017596119308";"HRANA"
"PRELJEV ZA SLAST.PISTACIO 350g";"910206801";"NO BRAND";"0,35";"KG";"2,39";"6,83";"1,99";"5,69";"2,39";"2,39";"5310005033794";"HRANA"
"PRELJEV ZA SLASTICE OKUS ÈOKO.350g";"910206701";"NO BRAND";"0,35";"KG";"1,79";"5,11";"0";"0";"0";"1,79";"5310005033770";"HRANA"
"PREPEÈENAC BEZ GLUTENA 225g";"017718501";"AMO ESSERE SENZA GLUTINE";"0,225";"KG";"2,69";"11,96";"0";"0";"0";"2,69";"8017596130815";"HRANA"
"PREPEÈENAC KLASIÈNI 600g";"018118901";"TRE MULINI";"0,6";"KG";"1,99";"3,32";"0";"0";"0";"1,99";"8017596126139";"HRANA"
"PREPEÈENAC PUNOZRNATI 600g";"018119001";"TRE MULINI";"0,6";"KG";"1,99";"3,32";"0";"0";"0";"1,99";"8017596126146";"HRANA"
"PREZERVATIVI KLASIÈINI 12kom";"017057501";"LA NUOVA PHARMACIA";"1";"PZ";"1,99";"1,99";"0";"0";"0";"1,99";"8017990167370";"KOZMETIKA"
"PRIP. BEZGLUT. ZA KRUH I PIZZU 500g";"013452001";"AMO ESSERE SENZA GLUTINE";"0,5";"KG";"2,39";"4,78";"0";"0";"0";"2,39";"8017596072917";"HRANA"
"PRIPRAVAK KREMA KARAMELA 2kom 190g";"012814401";"DOLCIANDO";"0,19";"KG";"1,39";"7,32";"0";"0";"0";"1,39";"8017596013408";"HRANA"
"PRIPRAVAK PANNA COTTA 95g";"012814301";"DOLCIANDO";"0,095";"KG";"0,99";"10,42";"0";"0";"0";"0,99";"8017596068606";"HRANA"
"PRIPRAVAK PIRE KRUMPIR  500g";"010780501";"TRE MULINI";"0,5";"KG";"2,59";"5,18";"0";"0";"0";"2,59";"8017596018847";"HRANA"
"PRIPRAVAK PIRE KRUMPIR  500g";"010780501";"TRE MULINI";"0,5";"KG";"2,59";"5,18";"0";"0";"0";"2,59";"8017596077257";"HRANA"
"PRIPRAVAK ZA PAELLU 160g";"012500601";"TRE MULINI";"0,16";"KG";"1,79";"11,19";"0";"0";"0";"1,79";"8017596066787";"HRANA"
"PRIPRAVAK ZA TORTE 380g";"012944401";"DOLCIANDO";"0,38";"KG";"1,19";"3,13";"0";"0";"0";"1,19";"8017596013422";"HRANA"
"PRIPRAVAK ZA TORTU MARGHERITA 440g";"012843701";"DOLCIANDO";"0,44";"KG";"1,49";"3,39";"0";"0";"0";"1,49";"8017596069054";"HRANA"
"PRIPRAVAK ZA ŠLAG 500ml";"014802601";"FIOR DI NATURA";"0,5";"LT";"1,69";"3,38";"0";"0";"0";"1,69";"8017596102447";"HRANA"
"PRIPRAVAK ZA ŠLAG 500ml";"014802601";"FIOR DI NATURA";"0,5";"LT";"1,69";"3,38";"0";"0";"0";"1,69";"8017596137166";"HRANA"
"PRIVJESAK PROTIV MOLJACA 4kom";"910112301";"NO BRAND";"0,046";"KG";"3,99";"86,74";"0";"0";"0";"3,99";"5904517281257";"PROIZVODI ZA KUÆANSTVO"
"PRKOS";"014306901";"NO BRAND";"1";"PZ";"0,59";"0,59";"0";"0";"0";"0,59";"8001553804871";"HRANA"
"PROSENA KAŠA 500g";"900554601";"NO BRAND";"0,5";"KG";"1,29";"2,58";"0";"0";"0";"1,29";"3831001818397";"HRANA"
"PROSO 400G";"080322101";"NO BRAND";"0,4";"KG";"1,99";"4,98";"0";"0";"0";"2,19";"8020204327385";"HRANA"
"PROT.JOGURT VAN.MUESLI 175g V.V.";"017846201";"LAND";"0,175";"KG";"1,19";"6,8";"0";"0";"0";"1,19";"8017596133946";"HRANA"
"PROT.JOGURT VAN.MUESLI 175g V.V.";"017846201";"LAND";"0,175";"KG";"1,19";"6,8";"0";"0";"0";"1,19";"8017596133953";"HRANA"
"PROTEIN BAR OKUS KOKOS 50g";"016281101";"NO BRAND";"0,05";"KG";"0,99";"19,8";"0";"0";"0";"0,99";"8054377171544";"HRANA"
"PROTEIN BAR OKUS KOKOS 50g";"016281101";"NO BRAND";"0,05";"KG";"0,99";"19,8";"0";"0";"0";"0,99";"8017596125156";"HRANA"
"PROTEINSKI DOMAÆI KRUŠÈIÆ 250g";"910020601";"NO BRAND";"0,25";"KG";"1,25";"5";"0";"0";"0";"1,25";"";"HRANA"
"PROTEINSKI KREKERI 80g";"910142801";"NO BRAND";"0,08";"KG";"1,29";"16,13";"0";"0";"0";"1,29";"3850135252389";"HRANA"
"PROZIRNA FOLIJA FRIŽID/MIKROVAL.20m";"009401801";"SISTEMA CASA";"1";"PZ";"0,79";"0,79";"0";"0";"0";"0,79";"8017596018281";"PROIZVODI ZA KUÆANSTVO"
"PROZIRNA FOLIJA FRIŽID/MIKROVAL.20m";"009401801";"SISTEMA CASA";"1";"PZ";"0,79";"0,79";"0";"0";"0";"0,79";"4007749703885";"PROIZVODI ZA KUÆANSTVO"
"PROZIRNA FOLIJA ZA NAMIRNICE 300m";"010269701";"SISTEMA CASA";"1";"PZ";"5,49";"5,49";"0";"0";"0";"5,49";"8017596019349";"PROIZVODI ZA KUÆANSTVO"
"PROZIRNA FOLIJA ZA NAMIRNICE 50m";"008406901";"SISTEMA CASA";"1";"PZ";"1,15";"1,15";"0";"0";"0";"1,19";"8017596009920";"PROIZVODI ZA KUÆANSTVO"
"PROZIRNA FOLIJA ZA NAMIRNICE 50m";"008406901";"SISTEMA CASA";"1";"PZ";"1,15";"1,15";"0";"0";"0";"1,19";"8005330041855";"PROIZVODI ZA KUÆANSTVO"
"PRŠUT 11 MJ. 100g";"012510101";"FRESCHE FETTE";"0,1";"KG";"2,59";"25,9";"0";"0";"0";"2,69";"8017596052964";"HRANA"
"PRŠUT 300g";"900600901";"NO BRAND";"0,3";"KG";"4,49";"14,97";"0";"0";"0";"4,49";"8022496810033";"HRANA"
"PRŠUT 9 MJ. 100g";"012510001";"LA BOTTEGA DEL GUSTO";"0,1";"KG";"2,45";"24,5";"0";"0";"0";"2,45";"8017596007148";"HRANA"
"PRŠUT DALMATINSKI 100g";"910135201";"PUTOVANJE KROZ OKUSE";"0,1";"KG";"2,99";"29,9";"0";"0";"0";"2,99";"3859892362959";"HRANA"
"PRŠUT DALMATINSKI 100g";"910135201";"PUTOVANJE KROZ OKUSE";"0,1";"KG";"2,99";"29,9";"0";"0";"0";"2,99";"8017596137999";"HRANA"
"PRŠUT DIMLJENI 300g";"900600801";"NO BRAND";"0,3";"KG";"4,49";"14,97";"0";"0";"0";"4,49";"8022496810835";"HRANA"
"PRŠUT PARMA DOP 100g";"012990601";"NO BRAND";"0,1";"KG";"3,99";"39,9";"0";"0";"0";"3,49";"8023918011014";"HRANA"
"PRŠUT PARMA DOP 100g";"012990601";"NO BRAND";"0,1";"KG";"3,99";"39,9";"0";"0";"0";"3,49";"8018397141017";"HRANA"
"PRŽEN.KIKIRIKI SLANI BE.LJUSKE 500g";"910005301";"NO BRAND";"0,5";"KG";"2,29";"4,58";"0";"0";"0";"2,29";"8005912002021";"HRANA"
"PUDER TALCO MIRISAN 200g";"018504001";"NEAR YOUR XXX";"0,2";"KG";"1,39";"6,95";"0";"0";"0";"1,39";"8017596137906";"KOZMETIKA"
"PUDER/BRONZER U KAMENU VIŠE VRSTA";"017538301";"FIOR DI MAGNOLIA";"1";"PZ";"3,99";"3,99";"0";"0";"0";"3,99";"8017596017949";"KOZMETIKA"
"PUDER/BRONZER U KAMENU VIŠE VRSTA";"017538301";"FIOR DI MAGNOLIA";"1";"PZ";"3,99";"3,99";"0";"0";"0";"3,99";"8017596017956";"KOZMETIKA"
"PUDER/BRONZER U KAMENU VIŠE VRSTA";"017538301";"FIOR DI MAGNOLIA";"1";"PZ";"3,99";"3,99";"0";"0";"0";"3,99";"8017596017963";"KOZMETIKA"
"PUDER/BRONZER U KAMENU VIŠE VRSTA";"017538301";"FIOR DI MAGNOLIA";"1";"PZ";"3,99";"3,99";"0";"0";"0";"3,99";"8017596017932";"KOZMETIKA"
"PUDING PROTEIN KAKAO 200g";"017163902";"DOLCIANDO";"0,2";"KG";"1,19";"5,95";"0";"0";"0";"1,19";"24101011";"HRANA"
"PUDING PROTEIN KARAMELA 200g";"017163903";"DOLCIANDO";"0,2";"KG";"1,19";"5,95";"0";"0";"0";"1,19";"24101028";"HRANA"
"PUDING PROTEIN KARAMELA 200g";"017163903";"DOLCIANDO";"0,2";"KG";"1,19";"5,95";"0";"0";"0";"1,19";"24101653";"HRANA"
"PUDING PROTEIN VANILIJA 200g";"017163901";"DOLCIANDO";"0,2";"KG";"1,19";"5,95";"0";"0";"0";"1,19";"24101028";"HRANA"
"PUDING VANILIJA 3kom 120g";"900474601";"NO BRAND";"0,12";"KG";"0,59";"4,92";"0";"0";"0";"0,59";"5310005026529";"HRANA"
"PUDING VANILIJA 4X125g";"014862902";"DOLCIANDO";"0,5";"KG";"1,49";"2,98";"0";"0";"0";"1,49";"8017596102614";"HRANA"
"PUDING VANILIJA ŠLAG 200g";"900036002";"NO BRAND";"0,2";"KG";"0,45";"2,25";"0";"0";"0";"0,49";"4036500008570";"HRANA"
"PUDING ÈOKOLADA 3kom 120g";"900474801";"NO BRAND";"0,12";"KG";"0,79";"6,58";"0";"0";"0";"0,79";"5310005026550";"HRANA"
"PUDING ÈOKOLADA 4X125g";"014862901";"DOLCIANDO";"0,5";"KG";"1,49";"2,98";"0";"0";"0";"1,49";"8017596102607";"HRANA"
"PUDING ÈOKOLADA SA ŠLAGOM 4X115g";"016597001";"DOLCIANDO";"0,46";"KG";"1,69";"3,67";"0";"0";"0";"1,69";"8017596059833";"HRANA"
"PUDING ÈOKOLADA ŠLAG 200g";"900532802";"NO BRAND";"0,2";"KG";"0,45";"2,25";"0";"0";"0";"0,49";"4036500008839";"HRANA"
"PUDING ÈOKOLADA/VANILIJA 4X100g";"017169101";"DOLCIANDO";"0,4";"KG";"1,49";"3,73";"0";"0";"0";"1,39";"24101462";"HRANA"
"PULLED CHICKEN 400g";"910210601";"NO BRAND";"0,4";"KG";"6,49";"16,23";"0";"0";"0";"6,49";"3859894177056";"HRANA"
"PULLED PORK 400g";"910210501";"NO BRAND";"0,4";"KG";"6,49";"16,23";"0";"0";"0";"6,49";"3859894177032";"HRANA"
"PUNJENA PLJESKAVICA";"070017801";"NO BRAND";"1";"KG";"7,29";"7,29";"0";"0";"0";"7,29";"";"HRANA"
"PUREÆA KRILA";"009820601";"NO BRAND";"1";"KG";"2,43";"2,43";"0";"0";"0";"2,43";"";"HRANA"
"PUREÆA KRILA KLASA A";"070033501";"NO BRAND";"1";"KG";"4,09";"4,09";"0";"0";"0";"3,89";"";"HRANA"
"PUREÆA KRILA MAP";"005690301";"LA COLLINA DELLE BONTA'";"1";"KG";"4,39";"4,39";"0";"0";"0";"3,89";"";"HRANA"
"PUREÆA PRSA 140g";"010754801";"FRESCHE FETTE";"0,14";"KG";"1,99";"14,21";"0";"0";"0";"1,99";"8017596052957";"HRANA"
"PUREÆA PRSA 200g";"910017501";"NO BRAND";"0,2";"KG";"2,99";"14,95";"0";"0";"0";"2,99";"3831006612044";"HRANA"
"PUREÆA PRSA PEÈENA 350g";"012297601";"LA BOTTEGA DEL GUSTO";"0,35";"KG";"3,99";"11,4";"0";"0";"0";"3,49";"8017596052759";"HRANA"
"PUREÆA ROLADA";"070200601";"NO BRAND";"1";"KG";"7,49";"7,49";"0";"0";"0";"7,17";"";"HRANA"
"PUREÆA ROLADA ZAÈINJENA U MREŽICI";"910060101";"NO BRAND";"1";"KG";"7,49";"7,49";"0";"0";"0";"7,17";"";"HRANA"
"PUREÆE MLJEVENO MESO";"070011101";"NO BRAND";"1";"KG";"6,19";"6,19";"0";"0";"0";"5,84";"";"HRANA"
"PUREÆE MLJEVENO MESO CCA";"016096201";"NO BRAND";"1";"KG";"6,19";"6,19";"0";"0";"0";"5,89";"";"HRANA"
"PUREÆI BATAK";"016030801";"NO BRAND";"1";"KG";"2,43";"2,43";"0";"0";"0";"2,43";"";"HRANA"
"PUREÆI BATAK I ZABATAK";"005699401";"NO BRAND";"1";"KG";"4,27";"4,27";"0";"0";"0";"4,27";"";"HRANA"
"PUREÆI BATAK I ZABATAK SKK";"070201501";"NO BRAND";"1";"KG";"5,39";"5,39";"0";"0";"0";"4,99";"";"HRANA"
"PUREÆI BATAK KLASA A";"070033201";"NO BRAND";"1";"KG";"3,89";"3,89";"0";"0";"0";"3,19";"";"HRANA"
"PUREÆI BATAK S KOSTI I KOŽOM MAP";"910163301";"NO BRAND";"1";"KG";"4,39";"4,39";"0";"0";"0";"3,99";"";"HRANA"
"PUREÆI FILE - RESTORAN";"070205501";"NO BRAND";"1";"KG";"9,99";"9,99";"0";"0";"0";"9,99";"";"HRANA"
"PUREÆI FILE KLASA A";"070000401";"NO BRAND";"1";"KG";"12,99";"12,99";"0";"0";"0";"11,99";"";"HRANA"
"PUREÆI FILE OBITELJSKO PAKIRANJE";"070201901";"NO BRAND";"1";"KG";"11,99";"11,99";"0";"0";"0";"10,49";"";"HRANA"
"PUREÆI FILE ODREZAK";"070033001";"NO BRAND";"1";"KG";"13,99";"13,99";"0";"0";"0";"13,99";"";"HRANA"
"PUREÆI FILE VP CCA 1kg";"900114601";"NO BRAND";"1";"KG";"9,99";"9,99";"0";"0";"0";"9,99";"";"HRANA"
"PUREÆI FILE VP CCA. 2 DO 3 KG";"009245901";"NO BRAND";"1";"KG";"8,03";"8,03";"0";"0";"0";"8,03";"";"HRANA"
"PUREÆI NAREZAK 150g";"900496001";"EAT EASY AND TASTY";"0,15";"KG";"1,09";"7,27";"0";"0";"0";"0,99";"8017596113153";"HRANA"
"PUREÆI RAŽNJIÆI OD FILEA";"070204801";"NO BRAND";"1";"KG";"12,49";"12,49";"0";"0";"0";"12,49";"";"HRANA"
"PUREÆI ZABATAK";"015616201";"NO BRAND";"1";"KG";"4,11";"4,11";"0";"0";"0";"4,11";"";"HRANA"
"PUREÆI ZABATAK KLASA A";"070033301";"NO BRAND";"1";"KG";"6,59";"6,59";"0";"0";"0";"5,99";"";"HRANA"
"PUREÆI ZABATAK S KOSTI I KOŽOM MAP";"910163401";"NO BRAND";"1";"KG";"6,69";"6,69";"0";"0";"0";"5,99";"";"HRANA"
"PUŽIÆ ROLICA S CIMETOM 80g";"910217901";"NO BRAND";"0,08";"KG";"0,69";"8,63";"0";"0";"0";"0,69";"";"HRANA"
"PŠENIÈNA KRUPICA-GRIZ 1kg";"910137501";"NO BRAND";"1";"KG";"0,99";"0,99";"0";"0";"0";"0,99";"3858881509818";"HRANA"
"RADIÈ";"014302801";"NO BRAND";"1";"PZ";"0,59";"0,59";"0";"0";"0";"0,59";"8001553818014";"HRANA"
"RADIÈ";"014303001";"NO BRAND";"1";"PZ";"0,66";"0,66";"0";"0";"0";"0,66";"8001553801818";"HRANA"
"RADIÈ";"014303101";"NO BRAND";"1";"PZ";"0,59";"0,59";"0";"0";"0";"0,59";"8001553818328";"HRANA"
"RADIÈ";"014303201";"NO BRAND";"1";"PZ";"0,59";"0,59";"0";"0";"0";"0,59";"8001553818335";"HRANA"
"RADIÈ";"014303401";"NO BRAND";"1";"PZ";"0,59";"0,59";"0";"0";"0";"0,59";"8001553818342";"HRANA"
"RADIÈ";"014303601";"NO BRAND";"1";"PZ";"0,59";"0,59";"0";"0";"0";"0,59";"8001553818373";"HRANA"
"RADIÈ";"014303701";"NO BRAND";"1";"PZ";"0,59";"0,59";"0";"0";"0";"0,59";"8001553818397";"HRANA"
"RADIÈ";"014303801";"NO BRAND";"1";"PZ";"0,59";"0,59";"0";"0";"0";"0,59";"8001553818427";"HRANA"
"RADIÈ PAK 250g";"080615501";"NO BRAND";"0,25";"KG";"1,59";"6,36";"0";"0";"0";"1,59";"8012566034384";"HRANA"
"RADLER BEZALK. PIVO GREJP 0% 500ml";"900614201";"NO BRAND";"0,5";"LT";"0,75";"1,5";"0";"0";"0";"0,75";"5900535024623";"PIÆE"
"RADLER BEZALK. PIVO LIMUN 0% 500ml";"900614001";"NO BRAND";"0,5";"LT";"0,75";"1,5";"0";"0";"0";"0,75";"5900535024616";"PIÆE"
"RADLER BEZALK.PIVO MANGO O% 500ml";"900614101";"NO BRAND";"0,5";"LT";"0,75";"1,5";"0";"0";"0";"0,75";"5900535024630";"PIÆE"
"RAFFAELLO KOCKE 350g S&G";"910217301";"NO BRAND";"0,35";"KG";"4,99";"14,26";"0";"0";"0";"4,99";"3830056445558";"HRANA"
"RAGU S KOBASICOM 180g 2KOM";"015320501";"DELIZIE DAL SOLE";"0,36";"KG";"2,12";"5,89";"0";"0";"0";"2,12";"8017596105844";"HRANA"
"RAJÈICA";"014305501";"NO BRAND";"1";"PZ";"0,59";"0,59";"0";"0";"0";"0,59";"8001553802921";"HRANA"
"RAJÈICA";"014305601";"NO BRAND";"1";"PZ";"0,59";"0,59";"0";"0";"0";"0,59";"8001553829218";"HRANA"
"RAJÈICA";"014305701";"NO BRAND";"1";"PZ";"0,59";"0,59";"0";"0";"0";"0,59";"8001553829256";"HRANA"
"RAJÈICA  DATERINO 250g";"080043201";"NO BRAND";"0,25";"KG";"1,99";"7,96";"0";"0";"0";"1,49";"9999999999994";"HRANA"
"RAJÈICA  DATERINO 250g";"080043201";"NO BRAND";"0,25";"KG";"1,99";"7,96";"0";"0";"0";"1,49";"3859889267182";"HRANA"
"RAJÈICA  DATERINO 250g";"080043201";"NO BRAND";"0,25";"KG";"1,99";"7,96";"0";"0";"0";"1,49";"3859893818035";"HRANA"
"RAJÈICA  DATERINO 250g";"080043201";"NO BRAND";"0,25";"KG";"1,99";"7,96";"0";"0";"0";"1,49";"3858885879795";"HRANA"
"RAJÈICA  DATERINO 250g";"080043201";"NO BRAND";"0,25";"KG";"1,99";"7,96";"0";"0";"0";"1,49";"8436588102126";"HRANA"
"RAJÈICA  DATERINO 250g";"080043201";"NO BRAND";"0,25";"KG";"1,99";"7,96";"0";"0";"0";"1,49";"3830050932535";"HRANA"
"RAJÈICA  rfz";"080467001";"NO BRAND";"1";"KG";"1,99";"1,99";"0";"0";"0";"2,99";"";"HRANA"
"RAJÈICA CHERRY 500g";"080042901";"NO BRAND";"0,5";"KG";"2,49";"4,98";"0";"0";"0";"2,39";"9999999999994";"HRANA"
"RAJÈICA CHERRY 500g";"080042901";"NO BRAND";"0,5";"KG";"2,49";"4,98";"0";"0";"0";"2,39";"3857000002032";"HRANA"
"RAJÈICA CHERRY 500g";"080042901";"NO BRAND";"0,5";"KG";"2,49";"4,98";"0";"0";"0";"2,39";"3859892765644";"HRANA"
"RAJÈICA CHERRY 500g";"080042901";"NO BRAND";"0,5";"KG";"2,49";"4,98";"0";"0";"0";"2,39";"3859892765651";"HRANA"
"RAJÈICA CHERRY 500g";"080042901";"NO BRAND";"0,5";"KG";"2,49";"4,98";"0";"0";"0";"2,39";"3857500047304";"HRANA"
"RAJÈICA CHERRY 500g";"080042901";"NO BRAND";"0,5";"KG";"2,49";"4,98";"0";"0";"0";"2,39";"8436588102102";"HRANA"
"RAJÈICA CHERRY 500g";"080042901";"NO BRAND";"0,5";"KG";"2,49";"4,98";"0";"0";"0";"2,39";"38436588102102";"HRANA"
"RAJÈICA CHERRY 500g";"080042901";"NO BRAND";"0,5";"KG";"2,49";"4,98";"0";"0";"0";"2,39";"8436588100528";"HRANA"
"RAJÈICA CHERRY 500g";"080042901";"NO BRAND";"0,5";"KG";"2,49";"4,98";"0";"0";"0";"2,39";"3830050930531";"HRANA"
"RAJÈICA CHERRY 500g";"080042901";"NO BRAND";"0,5";"KG";"2,49";"4,98";"0";"0";"0";"2,39";"3859889267656";"HRANA"
"RAJÈICA CHERRY 500g";"080042901";"NO BRAND";"0,5";"KG";"2,49";"4,98";"0";"0";"0";"2,39";"3859892668013";"HRANA"
"RAJÈICA CHERRY 500g";"080042901";"NO BRAND";"0,5";"KG";"2,49";"4,98";"0";"0";"0";"2,39";"8172102016011";"HRANA"
"RAJÈICA CHERRY 500g";"080042901";"NO BRAND";"0,5";"KG";"2,49";"4,98";"0";"0";"0";"2,39";"8436588101884";"HRANA"
"RAJÈICA CHERRY 500g";"080042901";"NO BRAND";"0,5";"KG";"2,49";"4,98";"0";"0";"0";"2,39";"8715817700143";"HRANA"
"RAJÈICA DVOSTRUKI KONCENTRAT 200g";"008231001";"DELIZIE DAL SOLE";"0,2";"KG";"1,19";"5,95";"0";"0";"0";"1,19";"8004960000034";"HRANA"
"RAJÈICA DVOSTRUKI KONCENTRAT 200g";"008231001";"DELIZIE DAL SOLE";"0,2";"KG";"1,19";"5,95";"0";"0";"0";"1,19";"8017596017208";"HRANA"
"RAJÈICA DVOSTRUKI KONCENTRAT 200g";"008231001";"DELIZIE DAL SOLE";"0,2";"KG";"1,19";"5,95";"0";"0";"0";"1,19";"8004913001002";"HRANA"
"RAJÈICA FINO SJECKANA 2x230g";"015411601";"DELIZIE DAL SOLE";"0,46";"KG";"1,69";"3,67";"0";"0";"0";"1,69";"8017596105776";"HRANA"
"RAJÈICA GRAPPOLO rfz";"080061001";"NO BRAND";"1";"KG";"1,99";"1,99";"0";"0";"0";"2,69";"";"HRANA"
"RAJÈICA PASIRANA 2x350g";"010903401";"DELIZIE DAL SOLE";"0,7";"KG";"2,09";"2,99";"0";"0";"0";"2,09";"8017596058874";"HRANA"
"RAJÈICA PASIRANA 3x200g";"017074601";"DELIZIE DAL SOLE";"0,6";"KG";"1,29";"2,15";"0";"0";"0";"1,29";"8017596122629";"HRANA"
"RAJÈICA PASIRANA 700g";"012111901";"DELIZIE DAL SOLE";"0,7";"KG";"1,49";"2,13";"0";"0";"0";"1,49";"8017596005359";"HRANA"
"RAJÈICA PASIRANA BIO 680g";"014489601";"AMO ESSERE BIO";"0,68";"KG";"1,59";"2,34";"0";"0";"0";"1,59";"8017596079671";"HRANA"
"RAJÈICA PASIRANA TETRAPAK 1kg";"011171001";"DELIZIE DAL SOLE";"1";"KG";"1,29";"1,29";"0";"0";"0";"1,29";"8017596016843";"HRANA"
"RAJÈICA PELAT 400g";"012788401";"DELIZIE DAL SOLE";"0,25";"KG";"0,79";"3,16";"0";"0";"0";"0,79";"8017596005434";"HRANA"
"RAJÈICA PELATI 800g";"012512501";"DELIZIE DAL SOLE";"0,5";"KG";"1,55";"3,1";"0";"0";"0";"1,55";"8017596010247";"HRANA"
"RAJÈICA SJECKANA 400g";"900401501";"DELIZIE DAL SOLE";"0,4";"KG";"0,79";"1,98";"0";"0";"0";"0,79";"8017596010230";"HRANA"
"RAJÈICA SJECKANA 680g";"008200401";"DELIZIE DAL SOLE";"0,68";"KG";"1,49";"2,19";"0,99";"1,46";"1,49";"1,49";"8004913000203";"HRANA"
"RAJÈICA SJECKANA 680g";"008200401";"DELIZIE DAL SOLE";"0,68";"KG";"1,49";"2,19";"0,99";"1,46";"1,49";"1,49";"8017596010223";"HRANA"
"RAJÈICA UMAK ALL'ARRABBIATA 400g";"008023401";"DELIZIE DAL SOLE";"0,4";"KG";"1,79";"4,48";"0";"0";"0";"1,79";"8017596007216";"HRANA"
"RAJÈICA UMAK AMATRICIANA 400g";"015527701";"DELIZIE DAL SOLE";"0,4";"KG";"1,89";"4,73";"0";"0";"0";"1,89";"8017596106056";"HRANA"
"RAJÈICA UMAK BOLOGNESE 400g";"015527601";"DELIZIE DAL SOLE";"0,4";"KG";"1,89";"4,73";"0";"0";"0";"1,89";"8017596106063";"HRANA"
"RAJÈICA UMAK S BOSILJKOM 400g";"008023301";"DELIZIE DAL SOLE";"0,4";"KG";"1,79";"4,48";"0";"0";"0";"1,79";"8017596007209";"HRANA"
"RAJÈICA UMAK S MASLINAMA 400g";"008023501";"DELIZIE DAL SOLE";"0,4";"KG";"1,79";"4,48";"0";"0";"0";"1,79";"8017596007223";"HRANA"
"RAJÈICA UMAK S POVRÆEM 700g";"015356701";"DELIZIE DAL SOLE";"0,7";"KG";"1,49";"2,13";"0";"0";"0";"1,49";"8017596107145";"HRANA"
"RAJÈICA UMAK S TUNOM 400g";"008665801";"DELIZIE DAL SOLE";"0,4";"KG";"1,89";"4,73";"0";"0";"0";"1,89";"8017596011282";"HRANA"
"RAJÈICE SUŠENE U SUN.ULJU 280g/165g";"008831001";"DELIZIE DAL SOLE";"0,28";"KG";"1,79";"6,39";"0";"0";"0";"1,79";"8017596013712";"HRANA"
"RAKIJA OD VILJAMOVKE 40% 700ml";"010377601";"NO BRAND";"0,7";"LT";"12,09";"17,27";"0";"0";"0";"12,09";"8006063004247";"PIÆE"
"RAKIJA OD VILJAMOVKE 40% 700ml";"010377601";"NO BRAND";"0,7";"LT";"12,09";"17,27";"0";"0";"0";"12,09";"8007525151332";"PIÆE"
"RAKIJA TRAVARICA 37,5% 1000ml";"910009901";"NO BRAND";"1";"LT";"9,99";"9,99";"0";"0";"0";"10,02";"3850164243365";"PIÆE"
"RAKIJA ŠLJIVOVICA 40% 1000ml";"910009701";"NO BRAND";"1";"LT";"15,09";"15,09";"0";"0";"0";"15,09";"3850164243389";"PIÆE"
"RATLUK RAHAT LOKUM ROSE 200g";"900465201";"NO BRAND";"0,2";"KG";"1,09";"5,45";"0";"0";"0";"1,09";"5310345005222";"HRANA"
"RAŠPICA ZA STOPALA";"018170101";"LA NUOVA PHARMACIA";"1";"PZ";"1,29";"1,29";"0";"0";"0";"1,19";"8017596056825";"KOZMETIKA"
"RAŠTIKA 500g";"080339101";"NO BRAND";"0,5";"KG";"1,69";"3,38";"0";"0";"0";"1,69";"3859893696391";"HRANA"
"RAŽENI MIJEŠANI KRUH 500g";"013784601";"ALPENSPITZ";"0,5";"KG";"1,29";"2,58";"0";"0";"0";"1,29";"8017596122186";"HRANA"
"RAŽENI MIJEŠANI KRUH 500g";"013784601";"ALPENSPITZ";"0,5";"KG";"1,29";"2,58";"0";"0";"0";"1,29";"8017596074751";"HRANA"
"REBRASTI ÈIPS PAPRIKA 150g";"900467401";"NO BRAND";"0,15";"KG";"1,15";"7,67";"0";"0";"0";"0,99";"3859888532595";"HRANA"
"REBRASTI ÈIPS SLANI 150g";"900467301";"NO BRAND";"0,15";"KG";"1,15";"7,67";"0";"0";"0";"0,99";"3859888532588";"HRANA"
"REBRASTI ÈIPS VRHNJE I LUK 150g";"900467801";"NO BRAND";"0,15";"KG";"1,15";"7,67";"0";"0";"0";"0,99";"3859888532823";"HRANA"
"REPA KISELA 500 g VARAŽDIN";"080467801";"NO BRAND";"0,5";"KG";"1,99";"3,98";"0";"0";"0";"1,99";"3859889634038";"HRANA"
"REPOVI KOZICA TROPSKIH 350g";"003590701";"ONDINA";"0,35";"KG";"6,59";"18,83";"0";"0";"0";"6,63";"7861088500447";"HRANA"
"REPOVI KOZICA TROPSKIH 350g";"003590701";"ONDINA";"0,35";"KG";"6,59";"18,83";"0";"0";"0";"6,63";"5602489003913";"HRANA"
"REPOVI KOZICA TROPSKIH 350g";"003590701";"ONDINA";"0,35";"KG";"6,59";"18,83";"0";"0";"0";"6,63";"8710557016202";"HRANA"
"REPOVI KOZICA TROPSKIH 350g";"003590701";"ONDINA";"0,35";"KG";"6,59";"18,83";"0";"0";"0";"6,63";"8710557026300";"HRANA"
"REPOVI KOZICA TROPSKIH 350g";"003590701";"ONDINA";"0,35";"KG";"6,59";"18,83";"0";"0";"0";"6,63";"5011293630725";"HRANA"
"REPOVI KOZICA TROPSKIH 350g";"003590701";"ONDINA";"0,35";"KG";"6,59";"18,83";"0";"0";"0";"6,63";"5011293740813";"HRANA"
"REPOVI KOZICA TROPSKIH 350g";"003590701";"ONDINA";"0,35";"KG";"6,59";"18,83";"0";"0";"0";"6,63";"5011293740745";"HRANA"
"REPOVI KOZICA TROPSKIH 350g";"003590701";"ONDINA";"0,35";"KG";"6,59";"18,83";"0";"0";"0";"6,63";"8017596040053";"HRANA"
"REPOVI KOZICA TROPSKIH OÈIŠÆEN 240g";"007065601";"ONDINA";"0,24";"KG";"5,29";"22,04";"0";"0";"0";"5,31";"8017596001221";"HRANA"
"REPOVI KOZICA TROPSKIH OÈIŠÆEN 240g";"007065601";"ONDINA";"0,24";"KG";"5,29";"22,04";"0";"0";"0";"5,31";"5410726014499";"HRANA"
"REPOVI KOZICA TROPSKIH OÈIŠÆEN 240g";"007065601";"ONDINA";"0,24";"KG";"5,29";"22,04";"0";"0";"0";"5,31";"8017596040060";"HRANA"
"REZANCI OD PIROVOG BRAŠNA 500g";"900541101";"NO BRAND";"0,5";"KG";"1,69";"3,38";"0";"0";"0";"1,69";"3831001819936";"HRANA"
"REZANCI S JAJIMA PAPPARDELLE 250g";"016778001";"TRE MULINI";"0,25";"KG";"1,19";"4,76";"0";"0";"0";"1,19";"8017596117298";"HRANA"
"REZANCI S JAJIMA TAGLIATELLE 250g";"016778201";"TRE MULINI";"0,25";"KG";"1,19";"4,76";"0";"0";"0";"1,19";"8017596117274";"HRANA"
"REZANCI S JAJIMA TAGLIATELLE 500g";"015863201";"TRE MULINI";"0,5";"KG";"1,59";"3,18";"0";"0";"0";"1,59";"8017596009159";"HRANA"
"REZANCI ŠI. S JAJIMA I ŠPINATOM250g";"016825601";"TRE MULINI";"0,25";"KG";"1,19";"4,76";"0";"0";"0";"1,19";"8017596117281";"HRANA"
"REZANCI ŠIROKI S JAJIMA 500g";"900541901";"NO BRAND";"0,5";"KG";"1,69";"3,38";"0";"0";"0";"1,59";"3831001819943";"HRANA"
"RIB-EYE ODREZAK SUHO ZRENJE S.K.";"910065801";"NO BRAND";"1";"KG";"26,99";"26,99";"0";"0";"0";"22,43";"";"HRANA"
"RIBARSKO PECIVO 75g";"910215401";"NO BRAND";"0,075";"KG";"0,35";"4,67";"0";"0";"0";"0,35";"";"HRANA"
"RIBLJI NAMAZ S BAKALAROM 165 G";"910187801";"ATHENA";"0,165";"KG";"3,39";"20,55";"0";"0";"0";"3,39";"8017596135148";"HRANA"
"RIZA EKSPANDIRANA S VITAMINIMA 1kg";"014085001";"RADAMES";"1";"KG";"3,29";"3,29";"0";"0";"0";"3,19";"8017596010421";"PROIZVODI ZA KUÆANSTVO"
"RIŽA ARBORIO 1kg";"009982701";"DELIZIE DAL SOLE";"1";"KG";"3,49";"3,49";"0";"0";"0";"3,49";"8017596010292";"HRANA"
"RIŽA ARBORIO 2kg";"010325401";"DELIZIE DAL SOLE";"2";"KG";"5,99";"3";"0";"0";"0";"4,99";"8017301020011";"HRANA"
"RIŽA ARBORIO 2kg";"010325401";"DELIZIE DAL SOLE";"2";"KG";"5,99";"3";"0";"0";"0";"4,99";"8017596061416";"HRANA"
"RIŽA BASMATI 1kg";"015612501";"DELIZIE DAL SOLE";"1";"KG";"2,95";"2,95";"0";"0";"0";"2,95";"8017596107749";"HRANA"
"RIŽA BASMATI 2kg";"010612901";"DELIZIE DAL SOLE";"2";"KG";"5,89";"2,95";"0";"0";"0";"5,89";"8032605020338";"HRANA"
"RIŽA BASMATI 2kg";"010612901";"DELIZIE DAL SOLE";"2";"KG";"5,89";"2,95";"0";"0";"0";"5,89";"8017596061423";"HRANA"
"RIŽA BIJELA RIBE 1kg";"011315201";"DELIZIE DAL SOLE";"1";"KG";"2,39";"2,39";"0";"0";"0";"2,39";"8017596052605";"HRANA"
"RIŽA CRNA 2min 250g";"017290501";"DELIZIE DAL SOLE";"0,25";"KG";"1,39";"5,56";"0";"0";"0";"1,39";"8017596121486";"HRANA"
"RIŽA DUGOZRNATA 1kg";"900450301";"NO BRAND";"1";"KG";"1,59";"1,59";"0";"0";"0";"1,59";"8009551200060";"HRANA"
"RIŽA DUGOZRNATA PARBOILED 1kg";"900450201";"NO BRAND";"1";"KG";"2,09";"2,09";"0";"0";"0";"1,99";"8009551200169";"HRANA"
"RIŽA DUGOZRNATA PARBOILED 2kg";"015186701";"DELIZIE DAL SOLE";"2";"KG";"3,99";"2";"0";"0";"0";"3,99";"8017596061447";"HRANA"
"RIŽA INTEGRALNA 2min 250g";"017290401";"DELIZIE DAL SOLE";"0,25";"KG";"1,39";"5,56";"0";"0";"0";"1,39";"8017596078841";"HRANA"
"RIŽA INTEGRALNA PARBOILED 1kg";"013049101";"DELIZIE DAL SOLE";"1";"KG";"2,49";"2,49";"0";"0";"0";"2,49";"8017596070340";"HRANA"
"RIŽA KREKER BIO 150g";"014963601";"AMO ESSERE BIO";"0,15";"KG";"0,99";"6,6";"0";"0";"0";"0,99";"8017596079725";"HRANA"
"RIŽA ORIGINARIO 2kg";"010325301";"DELIZIE DAL SOLE";"2";"KG";"3,99";"2";"0";"0";"0";"3,99";"8017301020035";"HRANA"
"RIŽA ORIGINARIO 2kg";"010325301";"DELIZIE DAL SOLE";"2";"KG";"3,99";"2";"0";"0";"0";"3,99";"8017596061430";"HRANA"
"RIŽA PARBOILED 1kg";"009982601";"DELIZIE DAL SOLE";"1";"KG";"2,49";"2,49";"0";"0";"0";"2,49";"8017596010308";"HRANA"
"RIŽA RIBE BIO 500g";"014546101";"AMO ESSERE BIO";"0,5";"KG";"1,99";"3,98";"0";"0";"0";"1,99";"8017596079855";"HRANA"
"RIŽA ROMA 1kg";"009982501";"DELIZIE DAL SOLE";"1";"KG";"2,89";"2,89";"0";"0";"0";"2,89";"8017596010285";"HRANA"
"RIŽOTO S GLJIVAMA 175g";"011790101";"TRE MULINI";"0,175";"KG";"1,29";"7,37";"0";"0";"0";"1,29";"8017596013514";"HRANA"
"RIŽOTO S PLODOVIMA MORA 175g";"011790102";"TRE MULINI";"0,175";"KG";"1,29";"7,37";"0";"0";"0";"1,29";"8017596017055";"HRANA"
"RIŽOTO SA ŠPAROGAMA 175g";"011790103";"TRE MULINI";"0,175";"KG";"1,29";"7,37";"0";"0";"0";"1,29";"8017596013507";"HRANA"
"ROLADA S KAKAO PRELJEVOM 300g";"009391501";"DOLCIANDO";"0,3";"KG";"1,59";"5,3";"0";"0";"0";"1,59";"8017596018489";"HRANA"
"ROLADA S LJEŠNJAK KREMOM 250g";"004747201";"DOLCIANDO";"0,25";"KG";"1,19";"4,76";"0";"0";"0";"1,19";"8001585006014";"HRANA"
"ROLADA S LJEŠNJAK KREMOM 250g";"004747201";"DOLCIANDO";"0,25";"KG";"1,19";"4,76";"0";"0";"0";"1,19";"8001585002115";"HRANA"
"ROLADA S LJEŠNJAK KREMOM 250g";"004747201";"DOLCIANDO";"0,25";"KG";"1,19";"4,76";"0";"0";"0";"1,19";"8017596054050";"HRANA"
"ROLADA S LJEŠNJAKOM 6 kom 222g";"008526301";"DOLCIANDO";"0,222";"KG";"1,49";"6,71";"0";"0";"0";"1,49";"8017596008749";"HRANA"
"ROLNICE S MAKOM 1kg";"910201401";"DOLCIANDO";"1";"KG";"2,99";"2,99";"0";"0";"0";"2,99";"8017596044815";"HRANA"
"ROLNICE S MARELICOM 1kg";"910201501";"DOLCIANDO";"1";"KG";"2,99";"2,99";"0";"0";"0";"2,99";"8017596044822";"HRANA"
"ROLNICE S VIŠNJAMA 1kg";"910201601";"DOLCIANDO";"1";"KG";"2,99";"2,99";"0";"0";"0";"2,99";"8017596044839";"HRANA"
"ROTKVICA";"014304301";"NO BRAND";"1";"PZ";"0,59";"0,59";"0";"0";"0";"0,59";"8001553802280";"HRANA"
"ROTKVICA";"014304401";"NO BRAND";"1";"PZ";"0,59";"0,59";"0";"0";"0";"0,59";"8001553802297";"HRANA"
"ROTKVICA 125g";"080044502";"NO BRAND";"0,125";"KG";"0,75";"6";"0";"0";"0";"0,75";"9999999999994";"HRANA"
"ROTKVICA 125g";"080044502";"NO BRAND";"0,125";"KG";"0,75";"6";"0";"0";"0";"0,75";"3859890192664";"HRANA"
"ROTKVICA 125g";"080044502";"NO BRAND";"0,125";"KG";"0,75";"6";"0";"0";"0";"0,75";"3859892765446";"HRANA"
"ROTKVICA 125g";"080044502";"NO BRAND";"0,125";"KG";"0,75";"6";"0";"0";"0";"0,75";"8714745502348";"HRANA"
"ROTKVICA NATIONAL 2";"016991501";"NO BRAND";"1";"PZ";"0,59";"0,59";"0";"0";"0";"0,59";"8001553802358";"HRANA"
"ROTKVICA PUŠLEK(KOM)";"080545501";"NO BRAND";"1";"PZ";"0,59";"0,59";"0";"0";"0";"0,69";"";"HRANA"
"ROŠTILI KOBASICA PANCETA LUK 290g";"910138101";"NO BRAND";"0,29";"KG";"3,15";"10,86";"0";"0";"0";"3,15";"3858894291403";"HRANA"
"ROŠTILJ KOBASICA";"070060101";"NO BRAND";"1";"KG";"7,49";"7,49";"0";"0";"0";"6,89";"";"HRANA"
"ROŠTILJ KOBASICA 420g";"910138901";"NO BRAND";"0,42";"KG";"4,39";"10,45";"0";"0";"0";"4,39";"3850139522914";"HRANA"
"ROŠTILJ KOBASICA MIJEŠANA PREMIUM";"070209601";"NO BRAND";"1";"KG";"8,99";"8,99";"0";"0";"0";"8,99";"";"HRANA"
"ROŠTILJ KOBASICA OBITELJSKO PAK.";"070024101";"NO BRAND";"1";"KG";"6,99";"6,99";"0";"0";"0";"6,99";"";"HRANA"
"RUKAVICE LATEKS 100kom S-M/M-L";"016903501";"SISTEMA CASA";"1";"PZ";"5,99";"5,99";"0";"0";"0";"8,63";"8431026080110";"PROIZVODI ZA KUÆANSTVO"
"RUKAVICE LATEKS 100kom S-M/M-L";"016903501";"SISTEMA CASA";"1";"PZ";"5,99";"5,99";"0";"0";"0";"8,63";"8431026017611";"PROIZVODI ZA KUÆANSTVO"
"RUKAVICE LATEKS 100kom S-M/M-L";"016903501";"SISTEMA CASA";"1";"PZ";"5,99";"5,99";"0";"0";"0";"8,63";"8017596121844";"PROIZVODI ZA KUÆANSTVO"
"RUKAVICE LATEKS 100kom S-M/M-L";"016903501";"SISTEMA CASA";"1";"PZ";"5,99";"5,99";"0";"0";"0";"8,63";"8017596111746";"PROIZVODI ZA KUÆANSTVO"
"RUKOLA";"014302301";"NO BRAND";"1";"PZ";"0,59";"0,59";"0";"0";"0";"0,59";"8001553801689";"HRANA"
"RUKOLA";"014302401";"NO BRAND";"1";"PZ";"0,59";"0,59";"0";"0";"0";"0,59";"8001553801696";"HRANA"
"RUKOLA 100g";"080104601";"NO BRAND";"0,1";"KG";"1,09";"10,9";"0";"0";"0";"1,09";"9999999999994";"HRANA"
"RUKOLA 100g";"080104601";"NO BRAND";"0,1";"KG";"1,09";"10,9";"0";"0";"0";"1,09";"8012566022497";"HRANA"
"RUM BIJELI 37.5% 700ml";"014414001";"NO BRAND";"0,7";"LT";"6,49";"9,27";"0";"0";"0";"5,99";"8009710091508";"PIÆE"
"RUM SUPERIOR 40% VOL. 700ml";"014414101";"NO BRAND";"0,7";"LT";"7,99";"11,41";"0";"0";"0";"7,99";"8007525151899";"PIÆE"
"RUM SUPERIOR 40% VOL. 700ml";"014414101";"NO BRAND";"0,7";"LT";"7,99";"11,41";"0";"0";"0";"7,99";"8009710090600";"PIÆE"
"RUMENI MUSKAT 750ml";"900576601";"NO BRAND";"0,75";"LT";"6,49";"8,65";"0";"0";"0";"5,02";"3830078702042";"PIÆE"
"RUÈNA METLA I LOPATICA ECO";"017186101";"AMO ESSERE ECO";"1";"PZ";"1,99";"1,99";"0";"0";"0";"1,99";"8017596121936";"PROIZVODI ZA KUÆANSTVO"
"RUŽ VIŠE VRSTA";"017275201";"FIOR DI MAGNOLIA";"1";"PZ";"3,05";"3,05";"0";"0";"0";"3,05";"8017596060594";"KOZMETIKA"
"RUŽ VIŠE VRSTA";"017275201";"FIOR DI MAGNOLIA";"1";"PZ";"3,05";"3,05";"0";"0";"0";"3,05";"8017596060587";"KOZMETIKA"
"RUŽ VIŠE VRSTA";"017275201";"FIOR DI MAGNOLIA";"1";"PZ";"3,05";"3,05";"0";"0";"0";"3,05";"8017596060570";"KOZMETIKA"
"RUŽ VIŠE VRSTA";"017275201";"FIOR DI MAGNOLIA";"1";"PZ";"3,05";"3,05";"0";"0";"0";"3,05";"8017596060563";"KOZMETIKA"
"RUŽ VIŠE VRSTA";"017275201";"FIOR DI MAGNOLIA";"1";"PZ";"3,05";"3,05";"0";"0";"0";"3,05";"8017596060556";"KOZMETIKA"
"RUŽMARIN 25g";"009309701";"DON JEREZ";"0,025";"KG";"1,09";"43,6";"0";"0";"0";"1,09";"80730965";"HRANA"
"SACCH.A STRAPPO BIO 25+5+5X50 1500p";"014840901";"NO BRAND";"1";"PZ";"57,73";"57,73";"0";"0";"0";"57,73";"";"HRANA"
"SACHER KOCKE 450g S&G";"910008401";"NO BRAND";"0,45";"KG";"4,99";"11,09";"0";"0";"0";"4,99";"3830042310129";"HRANA"
"SACHER KOCKE 450g S&G";"910008401";"NO BRAND";"0,45";"KG";"4,99";"11,09";"0";"0";"0";"4,99";"3830056444704";"HRANA"
"SACHER TORTA S&G 750g";"910212201";"NO BRAND";"0,75";"KG";"8,99";"11,99";"0";"0";"0";"8,99";"3830056445480";"HRANA"
"SAL.MISTICAN. I JEST. CVIJEÆE 200g";"080502701";"NO BRAND";"0,2";"KG";"2,29";"11,45";"0";"0";"0";"2,29";"8012566029861";"HRANA"
"SALAMIN ISTARSKI 220g";"910129701";"PUTOVANJE KROZ OKUSE";"0,22";"KG";"4,29";"19,5";"0";"0";"0";"4,19";"3858894291120";"HRANA"
"SALAMIN ISTARSKI 220g";"910129701";"PUTOVANJE KROZ OKUSE";"0,22";"KG";"4,29";"19,5";"0";"0";"0";"4,19";"8017596138101";"HRANA"
"SALATA";"014303501";"NO BRAND";"1";"PZ";"0,59";"0,59";"0";"0";"0";"0,59";"8001553818366";"HRANA"
"SALATA EISBERG (kom)";"080103401";"NO BRAND";"1";"PZ";"1,29";"1,29";"0";"0";"0";"1,49";"3850334076120";"HRANA"
"SALATA EISBERG (kom)";"080103401";"NO BRAND";"1";"PZ";"1,29";"1,29";"0";"0";"0";"1,49";"3859889267304";"HRANA"
"SALATA EISBERG (kom)";"080103401";"NO BRAND";"1";"PZ";"1,29";"1,29";"0";"0";"0";"1,49";"8437005431850";"HRANA"
"SALATA EISBERG (kom)";"080103401";"NO BRAND";"1";"PZ";"1,29";"1,29";"0";"0";"0";"1,49";"4232300003122";"HRANA"
"SALATA EISBERG (kom)";"080103401";"NO BRAND";"1";"PZ";"1,29";"1,29";"0";"0";"0";"1,49";"8435320600005";"HRANA"
"SALATA EISBERG (kom)";"080103401";"NO BRAND";"1";"PZ";"1,29";"1,29";"0";"0";"0";"1,49";"3859891767960";"HRANA"
"SALATA EISBERG 250g";"080615601";"NO BRAND";"0,25";"KG";"1,59";"6,36";"0";"0";"0";"1,59";"8012566033554";"HRANA"
"SALATA ENDIVIJA SCAROLA";"014302501";"NO BRAND";"1";"PZ";"0,59";"0,59";"0";"0";"0";"0,59";"8001553801702";"HRANA"
"SALATA GRAN MISTA 350g FV";"080337401";"FOGLIA VERDE";"0,35";"KG";"1,99";"5,69";"0";"0";"0";"1,99";"8017596030184";"HRANA"
"SALATA KRISTAL (kom)";"080256701";"NO BRAND";"1";"PZ";"0,65";"0,65";"0";"0";"0";"0,79";"";"HRANA"
"SALATA MIJEŠANA 680g/360g";"900419201";"SUNNY NATURE";"0,68";"KG";"1,59";"2,34";"0";"0";"0";"1,59";"8017596111593";"HRANA"
"SALATA MIJEŠANA 680g/360g";"900419201";"SUNNY NATURE";"0,68";"KG";"1,59";"2,34";"0";"0";"0";"1,59";"5310246001217";"HRANA"
"SALATA OBITELJSKA 400g";"080607601";"NO BRAND";"0,4";"KG";"1,89";"4,73";"0";"0";"0";"1,89";"3858893250371";"HRANA"
"SALATA OD HOBOTNICE 145 g";"016266501";"ONDINA";"0,145";"KG";"4,38";"30,21";"0";"0";"0";"4,38";"8001115117654";"HRANA"
"SALATA OD MORSKIH PLODOVA 150g";"017250901";"NO BRAND";"0,15";"KG";"2,99";"19,93";"0";"0";"0";"2,99";"8005834007906";"HRANA"
"SALATA OD MORSKIH PLODOVA 150g";"017250901";"NO BRAND";"0,15";"KG";"2,99";"19,93";"0";"0";"0";"2,99";"8005834007913";"HRANA"
"SALATA PUTERICA";"014301001";"NO BRAND";"1";"PZ";"0,59";"0,59";"0";"0";"0";"0,59";"8001553801375";"HRANA"
"SALATA PUTERICA";"014301101";"NO BRAND";"1";"PZ";"0,59";"0,59";"0";"0";"0";"0,59";"8001553801382";"HRANA"
"SALATA PUTERICA  BIONDA RICCIOLINA";"014302201";"NO BRAND";"1";"PZ";"0,59";"0,59";"0";"0";"0";"0,59";"8001553801672";"HRANA"
"SALATA PUTERICA (kom)";"080369201";"NO BRAND";"1";"PZ";"0,89";"0,89";"0";"0";"0";"0,99";"";"HRANA"
"SALATA PUTERICA DA TAGLIO FOG.LISCI";"014302101";"NO BRAND";"1";"PZ";"0,59";"0,59";"0";"0";"0";"0,59";"8001553801665";"HRANA"
"SALATA PUTERICA ROMANA";"014301401";"NO BRAND";"1";"PZ";"0,59";"0,59";"0";"0";"0";"0,59";"8001553816119";"HRANA"
"SALATA QUATTRO STAGIONI";"014301201";"NO BRAND";"1";"PZ";"0,59";"0,59";"0";"0";"0";"0,59";"8001553814412";"HRANA"
"SALATA REGINA DEI GHIACCI";"014301301";"NO BRAND";"1";"PZ";"0,59";"0,59";"0";"0";"0";"0,59";"8001553801528";"HRANA"
"SALATNO ULJE 1l";"900055101";"NO BRAND";"1";"LT";"3,49";"3,49";"0";"0";"0";"3,49";"3830020260118";"HRANA"
"SALVETE BIJELE 100%CEL. 2S,100KOM";"017030301";"AMO ESSERE ECO";"1";"PZ";"1,89";"1,89";"0";"0";"0";"1,89";"8017596118103";"TOALETNE POTREPŠTINE"
"SALVETE FAMILY DECOR 1 S,250kom";"016441301";"SOFT DREAM";"1";"PZ";"2,19";"2,19";"0";"0";"0";"2,19";"8017596005618";"TOALETNE POTREPŠTINE"
"SALVETE IMITACIJA TKANINE 2S,60KOM";"018282301";"SOFT DREAM";"1";"PZ";"1,29";"1,29";"0,89";"0,89";"1,29";"1,29";"8017596012661";"TOALETNE POTREPŠTINE"
"SALVETE SPACE 1S, 450KOM";"010727001";"SOFT DREAM";"1";"PZ";"3,29";"3,29";"0";"0";"0";"3,29";"8017596015181";"TOALETNE POTREPŠTINE"
"SALVETE U BOJI 3S, 50KOM";"016823801";"SOFT DREAM";"1";"PZ";"1,59";"1,59";"0";"0";"0";"1,69";"8017596118110";"TOALETNE POTREPŠTINE"
"SALVIETTE BABY 100pz";"018052101";"HELLO BABY";"1";"PZ";"1,49";"1,49";"0";"0";"0";"1,49";"8017596133779";"KOZMETIKA"
"SAMOLJEPLJIVI ELAST. ZAVOJ 6X2,5cm";"016194801";"LA NUOVA PHARMACIA";"1";"PZ";"1,69";"1,69";"0";"0";"0";"1,69";"8017596056696";"KOZMETIKA"
"SAPUN MARSIGLIA VIŠE VRSTA 150g";"013995101";"NEAR YOUR XXX";"0,15";"KG";"0,89";"5,93";"0";"0";"0";"0,89";"8017596050571";"KOZMETIKA"
"SAPUN MARSIGLIA VIŠE VRSTA 150g";"013995101";"NEAR YOUR XXX";"0,15";"KG";"0,89";"5,93";"0";"0";"0";"0,89";"8017596054586";"KOZMETIKA"
"SAPUN MARSIGLIA VIŠE VRSTA 150g";"013995101";"NEAR YOUR XXX";"0,15";"KG";"0,89";"5,93";"0";"0";"0";"0,89";"8017596054593";"KOZMETIKA"
"SAPUN MARSIGLIA VIŠE VRSTA 150g";"013995101";"NEAR YOUR XXX";"0,15";"KG";"0,89";"5,93";"0";"0";"0";"0,89";"8017596054609";"KOZMETIKA"
"SAPUN MIRISNI VIŠE VRSTA 125g";"013965601";"NEAR YOUR XXX";"0,125";"KG";"0,75";"6";"0";"0";"0";"0,75";"8017596019974";"KOZMETIKA"
"SAPUN MIRISNI VIŠE VRSTA 125g";"013965601";"NEAR YOUR XXX";"0,125";"KG";"0,75";"6";"0";"0";"0";"0,75";"8017596019950";"KOZMETIKA"
"SAPUN MIRISNI VIŠE VRSTA 125g";"013965601";"NEAR YOUR XXX";"0,125";"KG";"0,75";"6";"0";"0";"0";"0,75";"8017596075765";"KOZMETIKA"
"SAPUN MIRISNI VIŠE VRSTA 125g";"013965601";"NEAR YOUR XXX";"0,125";"KG";"0,75";"6";"0";"0";"0";"0,75";"8017596075758";"KOZMETIKA"
"SAPUN NEUTRALNI 4X125g";"013919701";"NEAR YOUR XXX";"0,5";"KG";"1,99";"3,98";"0";"0";"0";"2,29";"8017596075734";"KOZMETIKA"
"SAPUN NEUTRALNI 4X125g";"013919701";"NEAR YOUR XXX";"0,5";"KG";"1,99";"3,98";"0";"0";"0";"2,29";"8017596075741";"KOZMETIKA"
"SAPUN RUÈNO PRANJ.RUB.MARSIG.2x250g";"014083301";"DEXAL";"0,5";"KG";"1,69";"3,38";"0";"0";"0";"1,69";"8017596011961";"SREDSTVA ZA ÈIŠÆENJE"
"SAPUN TEK.ZA INTIMNU NJEGU ECO200ml";"016405801";"AMO ESSERE ECO";"0,2";"LT";"1,69";"8,45";"0";"0";"0";"1,59";"8017596115454";"KOZMETIKA"
"SAPUN ZA RUKE I LICE BIO ECO 300ml";"016405701";"AMO ESSERE ECO";"0,3";"LT";"1,59";"5,3";"0";"0";"0";"1,59";"8017596115478";"KOZMETIKA"
"SARAJEVSKI ÆEVAPÈIÆI 500g";"910206501";"NO BRAND";"0,5";"KG";"5,99";"11,98";"0";"0";"0";"5,99";"3830053938756";"HRANA"
"SARDINE BILJNO ULJE S LIMUNOM 105g";"900309801";"NO BRAND";"0,105";"KG";"1,15";"10,95";"0";"0";"0";"1,09";"3830003601556";"HRANA"
"SARDINE U MASLINOVOM ULJU 105g";"900476801";"NO BRAND";"0,105";"KG";"1,39";"13,24";"0";"0";"0";"1,39";"3830003601617";"HRANA"
"SARDINE U UMAKU OD POVRÆA 105g";"900309701";"NO BRAND";"0,105";"KG";"1,19";"11,33";"0";"0";"0";"1,09";"3830003601563";"HRANA"
"SARDINE U UMAKU OD RAJÈICA 105g";"900476701";"NO BRAND";"0,105";"KG";"1,15";"10,95";"0";"0";"0";"1,09";"3830003601648";"HRANA"
"SARMA I PIRE KRUMPIR 500g";"910152701";"NO BRAND";"0,5";"KG";"3,99";"7,98";"0";"0";"0";"3,99";"";"HRANA"
"SCHWARZWALD TORTA S&G 800g";"910208901";"NO BRAND";"0,8";"KG";"9,99";"12,49";"0";"0";"0";"9,99";"3830056445411";"HRANA"
"SELJAÈKA SUHA KOBASICA";"900043301";"MEAT APPETIT";"1";"KG";"11,99";"11,99";"0";"0";"0";"11,99";"";"HRANA"
"SENDVIÈ GRILL PECIVO 110g";"910177301";"NO BRAND";"0,11";"KG";"0,29";"2,64";"0";"0";"0";"0,39";"";"HRANA"
"SENDVIÈ KEKS 46% KAKAO 500g";"007074801";"DOLCIANDO";"0,5";"KG";"2,29";"4,58";"0";"0";"0";"1,99";"4001518003312";"HRANA"
"SENDVIÈ KEKS 46% KAKAO 500g";"007074801";"DOLCIANDO";"0,5";"KG";"2,29";"4,58";"0";"0";"0";"1,99";"8017596006592";"HRANA"
"SENDVIÈ KEKS 46% KAKAO 500g";"007074801";"DOLCIANDO";"0,5";"KG";"2,29";"4,58";"0";"0";"0";"1,99";"8017596057648";"HRANA"
"SENDVIÈ KEKS ÈOKOLADA/KAKAO 500g";"018161501";"DOLCIANDO";"0,5";"KG";"2,09";"4,18";"0";"0";"0";"1,99";"8017596134615";"HRANA"
"SENDVIÈ KUHANA ŠUNKA 140g";"015945801";"TRE MULINI";"0,14";"KG";"1,69";"12,07";"1,09";"7,79";"1,69";"1,99";"8017596107879";"HRANA"
"SENDVIÈ TUNJEVINA 140g";"015945901";"TRE MULINI";"0,14";"KG";"1,69";"12,07";"1,09";"7,79";"1,69";"1,99";"8017596107886";"HRANA"
"SENF 700g";"900287701";"NO BRAND";"0,7";"KG";"1,69";"2,41";"0";"0";"0";"1,59";"3830000999229";"HRANA"
"SIPE OÈIŠÆENE 450g";"010182101";"ONDINA";"0,45";"KG";"4,49";"9,98";"0";"0";"0";"4,49";"8017596040152";"HRANA"
"SIR BIJELI U SALAMURI 450g";"900473401";"NO BRAND";"0,45";"KG";"4,19";"9,31";"0";"0";"0";"4,19";"3830060750105";"HRANA"
"SIR BIJELI U SALAMURI 450g";"900473401";"NO BRAND";"0,45";"KG";"4,19";"9,31";"0";"0";"0";"4,19";"3830060750082";"HRANA"
"SIR BRIE 200g";"011696501";"LAND";"0,2";"KG";"2,25";"11,25";"0";"0";"0";"2,25";"3333750051976";"HRANA"
"SIR BRIE 200g";"011696501";"LAND";"0,2";"KG";"2,25";"11,25";"0";"0";"0";"2,25";"8017596075024";"HRANA"
"SIR DIMLJENI 150g";"910090705";"NO BRAND";"0,15";"KG";"2,19";"14,6";"0";"0";"0";"2,19";"3858888598839";"HRANA"
"SIR DIMLJENI 150g";"017403501";"ALPENSPITZ";"0,15";"KG";"2,29";"15,27";"0";"0";"0";"2,19";"8017596124395";"HRANA"
"SIR EDAMER 300g";"900495802";"LAND";"0,3";"KG";"3,19";"10,63";"0";"0";"0";"3,19";"8017596113627";"HRANA"
"SIR EDAMER 700g";"900495601";"LAND";"0,7";"KG";"6,95";"9,93";"0";"0";"0";"6,95";"8017596113610";"HRANA"
"SIR EDAMER NAREZAN 200g";"013315902";"LAND";"0,2";"KG";"2,09";"10,45";"0";"0";"0";"2,09";"8017596050113";"HRANA"
"SIR EMENTALER NAREZAN 200g";"013315901";"LAND";"0,2";"KG";"2,65";"13,25";"0";"0";"0";"2,65";"8017596050120";"HRANA"
"SIR EMMENTAL BAVARSKI 400g";"011565301";"LAND";"0,4";"KG";"4,49";"11,23";"0";"0";"0";"3,99";"8017596063304";"HRANA"
"SIR EMMENTAL JULIENNE 200g";"015181601";"LAND";"0,2";"KG";"2,49";"12,45";"0";"0";"0";"2,49";"8017596104113";"HRANA"
"SIR FETA GRÈKI 200g";"012858801";"LAND";"0,2";"KG";"3,29";"16,45";"0";"0";"0";"3,29";"5201301120304";"HRANA"
"SIR FETA GRÈKI 200g";"012858801";"LAND";"0,2";"KG";"3,29";"16,45";"0";"0";"0";"3,29";"8017596075895";"HRANA"
"SIR FETA KOCKICE 150g";"016876401";"LAND";"0,15";"KG";"2,79";"18,6";"0";"0";"0";"2,79";"8017596119155";"HRANA"
"SIR GORGONZOLA SLATKA/PIKANTNA 200g";"900330901";"PASCOLI ITALIANI";"0,2";"KG";"3,25";"16,25";"0";"0";"0";"3,19";"8017596113023";"HRANA"
"SIR GORGONZOLA SLATKA/PIKANTNA 200g";"900330901";"PASCOLI ITALIANI";"0,2";"KG";"3,25";"16,25";"0";"0";"0";"3,19";"8017596113016";"HRANA"
"SIR GORGONZOLA SLATKA/PIKANTNA 200g";"900330901";"PASCOLI ITALIANI";"0,2";"KG";"3,25";"16,25";"0";"0";"0";"3,19";"8021398301731";"HRANA"
"SIR GORGONZOLA SLATKA/PIKANTNA 200g";"900330901";"PASCOLI ITALIANI";"0,2";"KG";"3,25";"16,25";"0";"0";"0";"3,19";"8021398301748";"HRANA"
"SIR GOUDA";"010865302";"LAND";"1";"KG";"11,49";"11,49";"0";"0";"0";"9,95";"";"HRANA"
"SIR GOUDA 300g";"900495801";"LAND";"0,3";"KG";"3,19";"10,63";"0";"0";"0";"3,19";"8017596113597";"HRANA"
"SIR GOUDA 500g";"910090701";"NO BRAND";"0,5";"KG";"4,99";"9,98";"0";"0";"0";"4,99";"3858888597436";"HRANA"
"SIR GOUDA 700g";"900495501";"LAND";"0,7";"KG";"5,99";"8,56";"0";"0";"0";"5,99";"8017596113580";"HRANA"
"SIR GOUDA DIMLJENA 500g";"910090702";"NO BRAND";"0,5";"KG";"5,49";"10,98";"0";"0";"0";"5,49";"3858888598877";"HRANA"
"SIR GOUDA NAREZAK 500g";"900573301";"NO BRAND";"0,5";"KG";"5,19";"10,38";"0";"0";"0";"4,98";"8017596131881";"HRANA"
"SIR GOUDA NAREZANA 200g";"013418101";"LAND";"0,2";"KG";"2,05";"10,25";"0";"0";"0";"2,05";"8017596073860";"HRANA"
"SIR GRAN BAVARESE 100g";"008066401";"NO BRAND";"0,1";"KG";"1,99";"19,9";"0";"0";"0";"1,49";"4006402010179";"HRANA"
"SIR GRANA PADANO 300g";"013328301";"PASCOLI ITALIANI";"0,3";"KG";"6,69";"22,3";"0";"0";"0";"6,49";"8001230054698";"HRANA"
"SIR GRANA PADANO 300g";"013328301";"PASCOLI ITALIANI";"0,3";"KG";"6,69";"22,3";"0";"0";"0";"6,49";"8017596075123";"HRANA"
"SIR GRANA PADANO 300g";"013328301";"PASCOLI ITALIANI";"0,3";"KG";"6,69";"22,3";"0";"0";"0";"6,49";"8002710111429";"HRANA"
"SIR GRANA PADANO DOP KOCKICE 350g";"013328101";"PASCOLI ITALIANI";"0,35";"KG";"7,99";"22,83";"0";"0";"0";"7,89";"8017596051998";"HRANA"
"SIR KOZJI NAREZANI 120g";"016785901";"LAND";"0,12";"KG";"2,49";"20,75";"0";"0";"0";"2,29";"8017596119995";"HRANA"
"SIR LISTIÆI 16 kom 400g";"017960101";"LAND";"0,4";"KG";"2,99";"7,48";"0";"0";"0";"2,99";"8017596050090";"HRANA"
"SIR LISTIÆI 50 kom 1kg";"007905301";"LAND";"1";"KG";"7,49";"7,49";"0";"0";"0";"6,79";"8017596005403";"HRANA"
"SIR LISTIÆI 50 kom 1kg";"007905301";"LAND";"1";"KG";"7,49";"7,49";"0";"0";"0";"6,79";"8017596050083";"HRANA"
"SIR LISTIÆI LIGHT 200g";"009791001";"LAND";"0,2";"KG";"1,59";"7,95";"0";"0";"0";"1,59";"8017596062796";"HRANA"
"SIR LIVANJSKI 300 G";"910196201";"LAND";"0,3";"KG";"5,99";"19,97";"0";"0";"0";"5,89";"8017596135162";"HRANA"
"SIR LIVANJSKI DIMLJENI 300 G";"910196301";"LAND";"0,3";"KG";"5,99";"19,97";"0";"0";"0";"5,89";"8017596135179";"HRANA"
"SIR MAASDAM";"010861702";"LAND";"1";"KG";"9,29";"9,29";"0";"0";"0";"9,29";"";"HRANA"
"SIR MAASDAM 150g";"900495704";"LAND";"0,15";"KG";"1,99";"13,27";"0";"0";"0";"1,99";"8017596113528";"HRANA"
"SIR MASCARPONE 250g";"011963501";"PASCOLI ITALIANI";"0,25";"KG";"2,49";"9,96";"0";"0";"0";"2,39";"8017596006752";"HRANA"
"SIR MASCARPONE 500g";"014138001";"PASCOLI ITALIANI";"0,5";"KG";"4,89";"9,78";"0";"0";"0";"4,49";"8017596077608";"HRANA"
"SIR MEKI U SALAMURI 800g";"900492401";"LAND";"0,8";"KG";"8,69";"10,86";"0";"0";"0";"8,69";"4006402053664";"HRANA"
"SIR MEKI U SALAMURI 800g";"900492401";"LAND";"0,8";"KG";"8,69";"10,86";"0";"0";"0";"8,69";"8017596123152";"HRANA"
"SIR MOZZARELLA 125g";"010349101";"LAND";"0,125";"KG";"1,15";"9,2";"0";"0";"0";"1,09";"8017596051202";"HRANA"
"SIR MOZZARELLA BUF.C.DOP MINI 300g";"011214501";"PASCOLI ITALIANI";"0,3";"KG";"4,49";"14,97";"0";"0";"0";"4,39";"8017596053763";"HRANA"
"SIR MOZZARELLA JULIENNE 250g";"018340401";"LAND";"0,25";"KG";"2,65";"10,6";"0";"0";"0";"2,65";"8017596133878";"HRANA"
"SIR MOZZARELLA MINI 150g";"016731101";"PASCOLI ITALIANI";"0,15";"KG";"1,59";"10,6";"0";"0";"0";"1,59";"8017596118790";"HRANA"
"SIR MOZZARELLA U VREÆICI 4X125g";"010349301";"LAND";"0,5";"KG";"4,29";"8,58";"0";"0";"0";"3,99";"8017596006684";"HRANA"
"SIR MOZZARELLA U VREÆICI 4X125g";"010349301";"LAND";"0,5";"KG";"4,29";"8,58";"0";"0";"0";"3,99";"8017596059963";"HRANA"
"SIR PARMIGIANO REGGIANO DOP 300g";"013328201";"PASCOLI ITALIANI";"0,3";"KG";"7,99";"26,63";"5,99";"19,97";"7,99";"7,69";"8001230054247";"HRANA"
"SIR PARMIGIANO REGGIANO DOP 300g";"013328201";"PASCOLI ITALIANI";"0,3";"KG";"7,99";"26,63";"5,99";"19,97";"7,99";"7,69";"8017596075208";"HRANA"
"SIR PECORINO SARDO DOP 300g";"014567601";"PASCOLI ITALIANI";"0,3";"KG";"7,49";"24,97";"0";"0";"0";"7,49";"8017596101105";"HRANA"
"SIR PROVOLONE PIKANTNI 300g";"012622002";"LAND";"0,3";"KG";"3,99";"13,3";"0";"0";"0";"3,99";"8017596067081";"HRANA"
"SIR PROVOLONE SLATKI 300g";"012622001";"LAND";"0,3";"KG";"3,99";"13,3";"0";"0";"0";"3,99";"8017596067074";"HRANA"
"SIR RIBANI 150g";"013518101";"LAND";"0,15";"KG";"1,89";"12,6";"0";"0";"0";"1,89";"8017596018533";"HRANA"
"SIR RIBANI GRANA PADANO 200g";"009440001";"PASCOLI ITALIANI";"0,2";"KG";"4,69";"23,45";"3,19";"15,95";"4,69";"4,49";"8017596018564";"HRANA"
"SIR SKUTA 250g";"001952101";"LAND";"0,25";"KG";"1,15";"4,6";"0";"0";"0";"1,15";"8002795001004";"HRANA"
"SIR SKUTA 250g";"001952101";"LAND";"0,25";"KG";"1,15";"4,6";"0";"0";"0";"1,15";"8017596006769";"HRANA"
"SIR SVJEŽI 10% m.m. 500g";"900410301";"NO BRAND";"0,5";"KG";"1,85";"3,7";"0";"0";"0";"1,85";"3858888598723";"HRANA"
"SIR SVJEŽI 10% m.m. 500g";"900410301";"NO BRAND";"0,5";"KG";"1,85";"3,7";"0";"0";"0";"1,85";"3830060750341";"HRANA"
"SIR SVJEŽI 25% m.m. 500g";"900484301";"NO BRAND";"0,5";"KG";"1,99";"3,98";"0";"0";"0";"1,99";"3858888598709";"HRANA"
"SIR SVJEŽI S VRHNJEM 200g";"910212301";"PUTOVANJE KROZ OKUSE";"0,2";"KG";"1,29";"6,45";"0";"0";"0";"1,29";"8017596136053";"HRANA"
"SIR SVJEŽI SKYR 0,1% m.m.150g";"016368401";"LAND";"0,15";"KG";"0,89";"5,93";"0,59";"3,93";"0,89";"0,89";"24100694";"HRANA"
"SIR SVJEŽI ZRNATI 20% 200g";"015597801";"LAND";"0,2";"KG";"1,35";"6,75";"0";"0";"0";"1,39";"8034066309069";"HRANA"
"SIR SVJEŽI ZRNATI 20% 200g";"015597801";"LAND";"0,2";"KG";"1,35";"6,75";"0";"0";"0";"1,39";"8017596008930";"HRANA"
"SIR SVJEŽI ZRNATI BEZ LAK.PROT.150g";"017279201";"LAND";"0,15";"KG";"1,19";"7,93";"0";"0";"0";"1,19";"8017596123817";"HRANA"
"SIR TILSITER 700g";"900493001";"LAND";"0,7";"KG";"7,99";"11,41";"0";"0";"0";"7,89";"8017596113603";"HRANA"
"SIR TILSITER NAREZANI 150g";"900492901";"LAND";"0,15";"KG";"2,09";"13,93";"0";"0";"0";"1,99";"8017596113566";"HRANA"
"SIR TOPLJENI LISTIÆI BEZ LAKTO.200g";"014220001";"AMO ESSERE SENZA LATTOSIO";"0,2";"KG";"1,99";"9,95";"0";"0";"0";"1,99";"8017596077783";"HRANA"
"SIR TOPLJENI LISTIÆI BEZ LAKTO.200g";"014220001";"AMO ESSERE SENZA LATTOSIO";"0,2";"KG";"1,99";"9,95";"0";"0";"0";"1,99";"8017596062796";"HRANA"
"SIR TOPLJENI LISTIÆI CHEDDAR 200g";"014582001";"LAND";"0,2";"KG";"1,89";"9,45";"0";"0";"0";"1,59";"8017596100566";"HRANA"
"SIR TOPLJENI LISTIÆI GOUDA 200g";"900508301";"LAND";"0,2";"KG";"1,99";"9,95";"0";"0";"0";"1,99";"8017596114136";"HRANA"
"SIR TOPLJENI TROKUTIÆI 16kom 280g";"013917601";"LAND";"0,28";"KG";"2,99";"10,68";"2,09";"7,46";"2,99";"2,89";"8017596014191";"HRANA"
"SIR TRAPIST 300g";"900635601";"NO BRAND";"0,3";"KG";"3,99";"13,3";"0";"0";"0";"3,99";"3831051018365";"HRANA"
"SIR TRAPIST 550g";"900635701";"NO BRAND";"0,55";"KG";"6,99";"12,71";"0";"0";"0";"6,99";"3831051018389";"HRANA"
"SIR TRAPIST S KOROM 150g";"910090704";"NO BRAND";"0,15";"KG";"2,19";"14,6";"0";"0";"0";"2,19";"3858888598853";"HRANA"
"SIR TVRDI KOZJI KRAVLJI MIX 400G";"910196401";"LAND";"0,4";"KG";"8,99";"22,48";"0";"0";"0";"8,99";"8017596135186";"HRANA"
"SIR TVRDI KRAVLJI 700g";"900543001";"LAND";"0,7";"KG";"10,99";"15,7";"0";"0";"0";"9,99";"8017596124371";"HRANA"
"SIRNI NAMAZ 200g";"008453401";"LAND";"0,2";"KG";"1,59";"7,95";"1,09";"5,45";"1,59";"1,59";"8017596005373";"HRANA"
"SIRNI NAMAZ BEZ LAKTOZE 175g";"012744801";"AMO ESSERE SENZA LATTOSIO";"0,175";"KG";"1,59";"9,09";"0";"0";"0";"1,59";"8017596070852";"HRANA"
"SIRNI NAMAZ LIGHT 200g";"008387501";"LAND";"0,2";"KG";"1,49";"7,45";"0";"0";"0";"1,49";"8017596005380";"HRANA"
"SIRNI NAMAZ ZAÈINSKO BILJE 175g";"017038101";"LAND";"0,175";"KG";"1,59";"9,09";"0";"0";"0";"1,59";"8017596120601";"HRANA"
"SIRNI PRIPR.SVJEŽI SIR I LOSOS 135g";"017015701";"LAND";"0,135";"KG";"1,59";"11,78";"0";"0";"0";"1,59";"24101332";"HRANA"
"SIRNI PRIPRAVAK MAL/BOROVN.150g";"016792401";"LAND";"0,15";"KG";"0,99";"6,6";"0";"0";"0";"0,89";"24101189";"HRANA"
"SIRNI PRIPRAVAK MAL/BOROVN.150g";"016792401";"LAND";"0,15";"KG";"0,99";"6,6";"0";"0";"0";"0,89";"24101172";"HRANA"
"SIRNICA PINCA PAK 400g";"910069301";"NO BRAND";"0,4";"KG";"2,89";"7,23";"0";"0";"0";"2,89";"3858881127913";"HRANA"
"SIRNICA PINCA PAK 400g";"910069301";"NO BRAND";"0,4";"KG";"2,89";"7,23";"0";"0";"0";"2,89";"3856028409472";"HRANA"
"SIRUP BAZGA 1l";"900470305";"NO BRAND";"1";"LT";"2,09";"2,09";"0";"0";"0";"2,09";"3859892735845";"PIÆE"
"SIRUP BOROVNICA 1l";"900470306";"NO BRAND";"1";"LT";"2,09";"2,09";"0";"0";"0";"2,09";"3859892735838";"PIÆE"
"SIRUP LIMUN 1l";"900470302";"NO BRAND";"1";"LT";"2,09";"2,09";"0";"0";"0";"2,09";"3859892735807";"PIÆE"
"SIRUP LIMUN I NARANÈA 1L";"910190201";"NO BRAND";"1";"LT";"2,99";"2,99";"0";"0";"0";"2,99";"3858893550990";"PIÆE"
"SIRUP MALINA 1l";"900470303";"NO BRAND";"1";"LT";"2,09";"2,09";"0";"0";"0";"2,09";"3859892735814";"PIÆE"
"SIRUP NARANÈA 1l";"900470301";"NO BRAND";"1";"LT";"2,09";"2,09";"0";"0";"0";"2,09";"3859892735791";"PIÆE"
"SIRUP NARANÈA LIGHT 1l";"910139601";"NO BRAND";"1";"LT";"1,39";"1,39";"0";"0";"0";"1,39";"3858893550686";"PIÆE"
"SIRUP VIŠNJA 1l";"900470304";"NO BRAND";"1";"LT";"2,09";"2,09";"0";"0";"0";"2,09";"3859892735821";"PIÆE"
"SIRUP ŠUMSKO VOÆE 1l";"900470307";"NO BRAND";"1";"LT";"2,09";"2,09";"0";"0";"0";"2,09";"3859892735852";"PIÆE"
"SIRUP ŠUMSKO VOÆE LIGHT 1l";"910139701";"NO BRAND";"1";"LT";"1,39";"1,39";"0";"0";"0";"1,39";"3858893550747";"PIÆE"
"SJAJILO ZA PERILICU POSUÐA 1l";"017386101";"DEXAL";"1";"LT";"1,99";"1,99";"0";"0";"0";"1,99";"8017596128393";"SREDSTVA ZA ÈIŠÆENJE"
"SJECKANA PRŽENA PISTACIJA 50g";"015270701";"NO BRAND";"0,05";"KG";"1,99";"39,8";"0";"0";"0";"1,99";"8005912011863";"HRANA"
"SJECKANA RAJÈICA BIO 500ml";"018210901";"AMO ESSERE BIO";"0,5";"KG";"1,39";"2,78";"0";"0";"0";"1,39";"8017596135070";"HRANA"
"SJECKANI PRŽENI BADEM 100g";"015270801";"NO BRAND";"0,1";"KG";"1,99";"19,9";"0";"0";"0";"1,99";"8005912011498";"HRANA"
"SJECKANI PRŽENI LJEŠNJAK 100g";"015270901";"NO BRAND";"0,1";"KG";"1,99";"19,9";"0";"0";"0";"1,99";"8005912011481";"HRANA"
"SJENILO ZA OÈI";"017579501";"FIOR DI MAGNOLIA";"1";"PZ";"3,69";"3,69";"0";"0";"0";"3,69";"8017596071569";"KOZMETIKA"
"SJENILO ZA OÈI";"017579501";"FIOR DI MAGNOLIA";"1";"PZ";"3,69";"3,69";"0";"0";"0";"3,69";"8017596071576";"KOZMETIKA"
"SJENILO ZA OÈI";"017579501";"FIOR DI MAGNOLIA";"1";"PZ";"3,69";"3,69";"0";"0";"0";"3,69";"8017596071583";"KOZMETIKA"
"SJENILO ZA OÈI";"017579501";"FIOR DI MAGNOLIA";"1";"PZ";"3,69";"3,69";"0";"0";"0";"3,69";"8017596071590";"KOZMETIKA"
"SL.KORN.MINI ŠLAG I ÈOK. 12KOM 225g";"012634701";"DOLCIANDO";"0,225";"KG";"3,29";"14,62";"0";"0";"0";"2,99";"8017596043757";"HRANA"
"SL.KORN.STRACCIATELLA 6KOM 450g";"016662601";"DOLCIANDO";"0,45";"KG";"3,39";"7,53";"0";"0";"0";"3,39";"8017596044389";"HRANA"
"SL.KORN.VANILIJA KAKAO 6KOM 450g";"010623001";"DOLCIANDO";"0,45";"KG";"2,75";"6,11";"0";"0";"0";"2,75";"8017596043245";"HRANA"
"SL.KORN.ŠLAG B.GLUT.LAK. 4KOM 300g";"013853702";"AMO ESSERE SENZA GLUTINE";"0,3";"KG";"3,49";"11,63";"0";"0";"0";"3,49";"8017596075192";"HRANA"
"SL.KORNET TORNADO 4KOM 280g";"900478801";"NO BRAND";"0,28";"KG";"2,45";"8,75";"0";"0";"0";"2,45";"8032891928653";"HRANA"
"SL.KORNET VAN. AMARENA 6 KOM 450g";"010619901";"DOLCIANDO";"0,45";"KG";"2,99";"6,64";"0";"0";"0";"2,99";"8017596043290";"HRANA"
"SL.KORNET VANILIJA JAGODA 6KOM 420g";"900275701";"NO BRAND";"0,42";"KG";"2,79";"6,64";"0";"0";"0";"2,79";"8032891928646";"HRANA"
"SL.KORNET VANILIJA JAGODA 6KOM 420g";"900275701";"NO BRAND";"0,42";"KG";"2,79";"6,64";"0";"0";"0";"2,79";"8032891929360";"HRANA"
"SL.OD SOJE KORNET 4KOM 300g";"014383101";"AMO ESSERE VEG";"0,3";"KG";"2,99";"9,97";"0";"0";"0";"2,69";"8017596044105";"HRANA"
"SL.OD SOJE KORNET 4KOM 300g";"014383101";"AMO ESSERE VEG";"0,3";"KG";"2,99";"9,97";"0";"0";"0";"2,69";"8017596044655";"HRANA"
"SL.SANDW MAXI ÈOKO.STRA.4KOM 400g";"013885201";"DOLCIANDO";"0,4";"KG";"3,69";"9,23";"0";"0";"0";"3,29";"8005840095034";"HRANA"
"SL.SANDW MAXI ÈOKO.STRA.4KOM 400g";"013885201";"DOLCIANDO";"0,4";"KG";"3,69";"9,23";"0";"0";"0";"3,29";"8017596044129";"HRANA"
"SL.SANDW. OKRUG. BISCOC.6KOM 288g";"013864401";"DOLCIANDO";"0,288";"KG";"2,99";"10,38";"0";"0";"0";"2,69";"8004362002490";"HRANA"
"SL.SANDW. OKRUG. BISCOC.6KOM 288g";"013864401";"DOLCIANDO";"0,288";"KG";"2,99";"10,38";"0";"0";"0";"2,69";"8017596044112";"HRANA"
"SL.SANDW.DVA OKUSA 8KOM 720g";"008059201";"DOLCIANDO";"0,72";"KG";"4,39";"6,1";"0";"0";"0";"4,39";"8017596002471";"HRANA"
"SL.SANDW.SLAD.BEZ.GL.LAK 6KOM 300g";"013853701";"AMO ESSERE SENZA GLUTINE";"0,3";"KG";"3,49";"11,63";"0";"0";"0";"3,49";"8017596075185";"HRANA"
"SL.SANDW.TRI OKUSA 6KOM 480g";"014395601";"DOLCIANDO";"0,48";"KG";"3,39";"7,06";"0";"0";"0";"3,39";"8017596043771";"HRANA"
"SL.SANDWICH VANILIJA 12 KOM 570g";"008059001";"DOLCIANDO";"0,57";"KG";"3,59";"6,3";"0";"0";"0";"3,59";"8017596002464";"HRANA"
"SL.Š.MIN.VAN.PREL.ÈOK I BAD.8K 328g";"010964901";"DOLCIANDO";"0,328";"KG";"3,99";"12,16";"0";"0";"0";"3,29";"8017596043320";"HRANA"
"SL.ŠTAP. S ÈOK. PRELJEVOM 6KOM 330g";"017799901";"DOLCIANDO";"0,33";"KG";"2,59";"7,85";"0";"0";"0";"2,25";"8017596044143";"HRANA"
"SL.ŠTAP.AMARENA CROCCHINI 6KOM 420g";"007314801";"DOLCIANDO";"0,42";"KG";"3,19";"7,6";"2,49";"5,93";"3,19";"3,19";"8002172001474";"HRANA"
"SL.ŠTAP.AMARENA CROCCHINI 6KOM 420g";"007314801";"DOLCIANDO";"0,42";"KG";"3,19";"7,6";"2,49";"5,93";"3,19";"3,19";"8017596002495";"HRANA"
"SL.ŠTAP.B.B.VAN.ÈOK.PRELJ.3KOM 240g";"010319901";"DOLCIANDO";"0,24";"KG";"2,35";"9,79";"0";"0";"0";"2,25";"8017596043078";"HRANA"
"SL.ŠTAP.B.C.BI.ÈOK.S BAD.3KOM 255g";"013857501";"DOLCIANDO";"0,255";"KG";"2,69";"10,55";"0";"0";"0";"2,25";"8017596075253";"HRANA"
"SL.ŠTAP.B.C.VAN.ÈOK.S BAD.3KOM 255g";"010629001";"DOLCIANDO";"0,255";"KG";"2,69";"10,55";"0";"0";"0";"2,25";"8017596043191";"HRANA"
"SL.ŠTAP.VANILIJA JAGODA 6KOM 300g";"014345001";"DOLCIANDO";"0,3";"KG";"1,99";"6,63";"0";"0";"0";"1,99";"8017596044068";"HRANA"
"SL.ŠTAPIÆ MINI VIŠE VRSTA 8KOM 285g";"010635701";"DOLCIANDO";"0,285";"KG";"3,99";"14";"0";"0";"0";"3,59";"8017596002501";"HRANA"
"SL.ŠTAPIÆ OKR. KOKOS 4kom 202g";"017636801";"DOLCIANDO";"0,202";"KG";"2,69";"13,32";"0";"0";"0";"2,69";"8017596044495";"HRANA"
"SLAD. OD SOJE TIRAMI.BEZ.GLU 250g";"016179101";"AMO ESSERE VEG";"0,25";"KG";"2,19";"8,76";"0";"0";"0";"2,25";"8017596044075";"HRANA"
"SLAD. OD SOJE TIRAMI.BEZ.GLU 250g";"016179101";"AMO ESSERE VEG";"0,25";"KG";"2,19";"8,76";"0";"0";"0";"2,25";"8017596044624";"HRANA"
"SLAD.KORNET CROCCANTE 6KOM 450g";"014332001";"DOLCIANDO";"0,45";"KG";"3,29";"7,31";"0";"0";"0";"3,29";"8017596043870";"HRANA"
"SLAD.KORNET PISTACIJA 6KOM 450g";"013178101";"DOLCIANDO";"0,45";"KG";"3,89";"8,64";"0";"0";"0";"3,89";"8017596043788";"HRANA"
"SLAD.KORNET ŠLAG 6 KOM 450g";"003316701";"DOLCIANDO";"0,45";"KG";"2,79";"6,2";"0";"0";"0";"2,79";"8017596002228";"HRANA"
"SLAD.KORNET ŠLAG 6 KOM 450g";"003316701";"DOLCIANDO";"0,45";"KG";"2,79";"6,2";"0";"0";"0";"2,79";"8002050036314";"HRANA"
"SLAD.OD SOJE KAKA. BEZ GLUT. 250g";"016179103";"AMO ESSERE VEG";"0,25";"KG";"2,19";"8,76";"0";"0";"0";"2,25";"8017596044204";"HRANA"
"SLAD.OD SOJE KAKA. BEZ GLUT. 250g";"016179103";"AMO ESSERE VEG";"0,25";"KG";"2,19";"8,76";"0";"0";"0";"2,25";"8017596044648";"HRANA"
"SLAD.TRONCHETTO ÈOK.I VANIL.320g";"013863201";"DOLCIANDO";"0,32";"KG";"2,29";"7,16";"0";"0";"0";"2,29";"8017596043863";"HRANA"
"SLADOLED BOURBON VANIL. 2l/950g";"910174401";"DOLCIANDO";"2";"LT";"3,79";"1,9";"0";"0";"0";"3,59";"8017596044761";"HRANA"
"SLADOLED JAGODA 500g";"900484001";"NO BRAND";"0,5";"KG";"2,49";"4,98";"0";"0";"0";"2,39";"8032891928738";"HRANA"
"SLADOLED JAGODA LIMUN 500g";"016243101";"NO BRAND";"0,5";"KG";"2,49";"4,98";"0";"0";"0";"2,39";"8017596043153";"HRANA"
"SLADOLED JOGURT OD ŠUMSK. VOÆA 500g";"014313206";"DOLCIANDO";"0,5";"KG";"2,89";"5,78";"0";"0";"0";"2,89";"8017596043955";"HRANA"
"SLADOLED KORNET ÈOKOLADA 6KOM 450g";"012510201";"DOLCIANDO";"0,45";"KG";"3,29";"7,31";"0";"0";"0";"3,29";"8017596043696";"HRANA"
"SLADOLED KREMA 500g";"014313207";"DOLCIANDO";"0,5";"KG";"2,29";"4,58";"0";"0";"0";"2,29";"8017596043962";"HRANA"
"SLADOLED LIM/ANAN/DINJA/JAGODA 1kg";"015614004";"DOLCIANDO";"1";"KG";"5,29";"5,29";"0";"0";"0";"5,29";"8017596044181";"HRANA"
"SLADOLED LIMUN 500g";"014313204";"DOLCIANDO";"0,5";"KG";"2,89";"5,78";"0";"0";"0";"2,89";"8017596043924";"HRANA"
"SLADOLED LJE/KREM/KAK/PAN.COTTA 1kg";"015614002";"DOLCIANDO";"1";"KG";"5,29";"5,29";"0";"0";"0";"5,29";"8017596044174";"HRANA"
"SLADOLED LJE/STRA/MASCARP/SPAGN 1kg";"015614003";"DOLCIANDO";"1";"KG";"5,29";"5,29";"0";"0";"0";"5,29";"8017596044150";"HRANA"
"SLADOLED LJEŠNJAK 500g";"014313203";"DOLCIANDO";"0,5";"KG";"2,89";"5,78";"0";"0";"0";"2,89";"8017596043931";"HRANA"
"SLADOLED MLIJEÈ. KREMA I ÈOKO. 500g";"016243103";"NO BRAND";"0,5";"KG";"2,49";"4,98";"0";"0";"0";"2,39";"8017596044013";"HRANA"
"SLADOLED OD SOJE AMARENA B.GLU 250g";"016179102";"AMO ESSERE VEG";"0,25";"KG";"2,19";"8,76";"0";"0";"0";"2,25";"8017596044082";"HRANA"
"SLADOLED OD SOJE AMARENA B.GLU 250g";"016179102";"AMO ESSERE VEG";"0,25";"KG";"2,19";"8,76";"0";"0";"0";"2,25";"8017596044631";"HRANA"
"SLADOLED PISTACIJA 500g";"014313205";"DOLCIANDO";"0,5";"KG";"4,49";"8,98";"0";"0";"0";"3,99";"8017596043948";"HRANA"
"SLADOLED PISTACIJA VANILIJA 500g";"016243102";"NO BRAND";"0,5";"KG";"2,49";"4,98";"0";"0";"0";"2,49";"8017596044242";"HRANA"
"SLADOLED SANDWICH TRIO 130ml-70g";"910199901";"NO BRAND";"0,07";"KG";"0,79";"11,29";"0";"0";"0";"0,79";"5310079004423";"HRANA"
"SLADOLED STRACCIATELLA 500g";"900276001";"NO BRAND";"0,5";"KG";"2,49";"4,98";"0";"0";"0";"2,49";"8032891928745";"HRANA"
"SLADOLED STRACCIATELLA 500g";"900276001";"NO BRAND";"0,5";"KG";"2,49";"4,98";"0";"0";"0";"2,49";"8032891929346";"HRANA"
"SLADOLED TORTA 750g";"015654301";"DOLCIANDO";"0,75";"KG";"5,49";"7,32";"0";"0";"0";"5,49";"8017596044198";"HRANA"
"SLADOLED TRONCHETTO VANILIJA 320g";"013863202";"DOLCIANDO";"0,32";"KG";"2,29";"7,16";"0";"0";"0";"2,29";"8017596043856";"HRANA"
"SLADOLED TRUFFLE CAKE 500g";"014313202";"DOLCIANDO";"0,5";"KG";"2,89";"5,78";"0";"0";"0";"2,89";"8017596043917";"HRANA"
"SLADOLED VANILIJA 500g";"900276101";"NO BRAND";"0,5";"KG";"2,49";"4,98";"0";"0";"0";"2,39";"8032891928752";"HRANA"
"SLADOLED VANILIJA 500g";"900276101";"NO BRAND";"0,5";"KG";"2,49";"4,98";"0";"0";"0";"2,39";"8032891929353";"HRANA"
"SLADOLED VANILIJA GLAZ. VIŠNJA 500g";"900488903";"DOLCIANDO";"0,5";"KG";"3,99";"7,98";"0";"0";"0";"3,49";"8032891928684";"HRANA"
"SLADOLED VANILIJA ÈOKOLADA 2l 950g";"910174501";"DOLCIANDO";"0,95";"KG";"3,79";"3,99";"0";"0";"0";"3,59";"8017596044778";"HRANA"
"SLADOLED ÈAŠICA ŠLAG 220ml/110g";"910083201";"DOLCIANDO";"0,11";"KG";"0,99";"9";"0";"0";"0";"0,93";"3859889283793";"HRANA"
"SLADOLED ÈAŠICA ŠLAG 220ml/110g";"910083201";"DOLCIANDO";"0,11";"KG";"0,99";"9";"0";"0";"0";"0,93";"24103251";"HRANA"
"SLADOLED ÈOKO TRIO GLAZ. ÈOKO. 500g";"900488904";"DOLCIANDO";"0,5";"KG";"3,99";"7,98";"0";"0";"0";"3,99";"8032891928707";"HRANA"
"SLADOLED ÈOKOLA.VANIL.JAG.2l/950g";"910174301";"DOLCIANDO";"2";"LT";"3,79";"1,9";"0";"0";"0";"3,59";"8017596044785";"HRANA"
"SLADOLED ÈOKOLADA 500g";"900484201";"NO BRAND";"0,5";"KG";"2,49";"4,98";"0";"0";"0";"2,49";"8032891928721";"HRANA"
"SLADOLED ŠLAG 500g";"014313201";"DOLCIANDO";"0,5";"KG";"2,89";"5,78";"0";"0";"0";"2,89";"8017596043900";"HRANA"
"SLADOLED ŠLAG/KAKAO/KAVA/STRACC 1kg";"015614001";"DOLCIANDO";"1";"KG";"5,29";"5,29";"0";"0";"0";"5,29";"8017596044167";"HRANA"
"SLADOLEDI MIX 9kom 300g";"900484801";"NO BRAND";"0,3";"KG";"3,69";"12,3";"0";"0";"0";"3,49";"8032891928639";"HRANA"
"SLANI KREKERI U VREÆI 750g";"008519801";"TRE MULINI";"0,75";"KG";"2,59";"3,45";"0";"0";"0";"2,49";"8017596000446";"HRANA"
"SLANI PERECI I ŠTAPIÆI 250g";"018374801";"MAMBO KIDS";"0,25";"KG";"1,79";"7,16";"0";"0";"0";"1,79";"8002183020174";"HRANA"
"SLANI PERECI I ŠTAPIÆI 250g";"018374801";"MAMBO KIDS";"0,25";"KG";"1,79";"7,16";"0";"0";"0";"1,79";"8017596134790";"HRANA"
"SLANI ÈIPS 45g";"017853301";"MAMBO KIDS";"0,045";"KG";"0,89";"19,78";"0";"0";"0";"0,89";"24102438";"HRANA"
"SLANI ŠTAPIÆI 220g";"910141501";"MAMBO KIDS";"0,22";"KG";"0,79";"3,59";"0";"0";"0";"0,79";"3856014106415";"HRANA"
"SLANI ŠTAPIÆI 220g";"910141501";"MAMBO KIDS";"0,22";"KG";"0,79";"3,59";"0";"0";"0";"0,79";"8017596135490";"HRANA"
"SLANINA DIMLJENA NAREZAK 150g";"900496901";"MEAT APPETIT";"0,15";"KG";"2,09";"13,93";"0";"0";"0";"1,99";"8600416140219";"HRANA"
"SLANINA DIMLJENA NAREZAK 150g";"900496901";"MEAT APPETIT";"0,15";"KG";"2,09";"13,93";"0";"0";"0";"1,99";"8017596130174";"HRANA"
"SLANINA ZA PEÈENJE 150g";"012425201";"LA BOTTEGA DEL GUSTO";"0,15";"KG";"1,89";"12,6";"1,39";"9,27";"1,89";"1,86";"8017596066398";"HRANA"
"SLANINA ZA PEÈENJE NAREZAK 100g";"910138201";"NO BRAND";"0,1";"KG";"2,79";"27,9";"0";"0";"0";"2,79";"3858884937595";"HRANA"
"SLANUTAK 400g/240g";"010429501";"DELIZIE DAL SOLE";"0,24";"KG";"0,59";"2,46";"0";"0";"0";"0,59";"8017596014832";"HRANA"
"SLANUTAK 500g";"014535901";"DELIZIE DAL SOLE";"0,5";"KG";"1,19";"2,38";"0";"0";"0";"1,19";"8017596000613";"HRANA"
"SLATKI KRUH 8 kom 336g";"015533301";"DOLCIANDO";"0,336";"KG";"1,99";"5,92";"0";"0";"0";"1,99";"8017596105103";"HRANA"
"SMOKVA rfz";"080022801";"NO BRAND";"1";"KG";"6,49";"6,49";"0";"0";"0";"5,49";"";"HRANA"
"SMOKVE SUHE KOLUT 180g";"080599701";"NO BRAND";"0,18";"KG";"1,69";"9,39";"0";"0";"0";"1,59";"3870885002034";"HRANA"
"SNACK KREM SIR I GRISINI 4X35g";"016657001";"LAND";"0,14";"KG";"2,49";"17,79";"0";"0";"0";"2,29";"8017596115829";"HRANA"
"SNACK KUKURUZNI NACHO CHEESE 120g";"017503001";"MAMBO KIDS";"0,12";"KG";"0,99";"8,25";"0";"0";"0";"0,99";"8017596129062";"HRANA"
"SNACK MULTIPACK TRIS 180g";"016062901";"MAMBO KIDS";"0,18";"KG";"2,29";"12,72";"0";"0";"0";"1,99";"8017596015693";"HRANA"
"SNACK NA BAZI KRUMPIRA 160g";"016329101";"MAMBO KIDS";"0,16";"KG";"1,29";"8,06";"0";"0";"0";"1,29";"8017596010759";"HRANA"
"SNACK NA BAZI KRUMPIRA 160g";"016329101";"MAMBO KIDS";"0,16";"KG";"1,29";"8,06";"0";"0";"0";"1,29";"8025579230063";"HRANA"
"SNACK OD KRUMPIRA OKUS CHICKEN 150g";"910201901";"MAMBO KIDS";"0,15";"KG";"1,59";"10,6";"0";"0";"0";"1,59";"8017596135513";"HRANA"
"SNACK OD KUKURUZA OKUS PIZZA 120g";"018056901";"MAMBO KIDS";"0,12";"KG";"0,92";"7,67";"0";"0";"0";"0,92";"8017596133724";"HRANA"
"SNACK OD LEÆE 50g";"910137301";"NO BRAND";"0,05";"KG";"0,59";"11,8";"0";"0";"0";"0,59";"3859888532281";"HRANA"
"SNACK OD SLANUTKA 50g";"910137201";"NO BRAND";"0,05";"KG";"0,59";"11,8";"0";"0";"0";"0,59";"3859888532298";"HRANA"
"SNACK OKUS SLANINA 150g";"018062101";"MAMBO KIDS";"0,15";"KG";"1,59";"10,6";"0";"0";"0";"1,49";"8017596133748";"HRANA"
"SNACK ZA MAÈKE OKUS MESO 60g";"015540601";"RADAMES";"0,06";"KG";"0,69";"11,5";"0";"0";"0";"0,65";"8017596106537";"PROIZVODI ZA KUÆANSTVO"
"SNACK ZA MAÈKE OKUS RIBA 60g";"015529601";"RADAMES";"0,06";"KG";"0,69";"11,5";"0";"0";"0";"0,65";"8017596106544";"PROIZVODI ZA KUÆANSTVO"
"SNACK ZA MAÈKE OKUS SIR 60g";"015521501";"RADAMES";"0,06";"KG";"0,69";"11,5";"0";"0";"0";"0,65";"8017596106551";"PROIZVODI ZA KUÆANSTVO"
"SODA BIKARBONA 40g";"900475201";"NO BRAND";"0,04";"KG";"0,15";"3,75";"0";"0";"0";"0,15";"3859893282546";"HRANA"
"SODA BIKARBONA 500g";"013720901";"BLUES";"0,5";"KG";"0,99";"1,98";"0";"0";"0";"0,99";"8017596013415";"HRANA"
"SOFT CAKE NARANÈA 125g";"900458401";"NO BRAND";"0,125";"KG";"0,99";"7,92";"0";"0";"0";"0,99";"5310005025560";"HRANA"
"SOFT CAKE NARANÈA 250g";"900458301";"NO BRAND";"0,25";"KG";"1,89";"7,56";"0";"0";"0";"1,69";"5310005025607";"HRANA"
"SOFT CAKE VIŠNJA 125g";"900458501";"NO BRAND";"0,125";"KG";"0,99";"7,92";"0";"0";"0";"0,99";"5310005025584";"HRANA"
"SOJA UMAK 250ml";"016072101";"AMO ESSERE VEG";"0,25";"LT";"1,99";"7,96";"0";"0";"0";"1,99";"8017596113979";"HRANA"
"SOJA UMAK 250ml";"016072101";"AMO ESSERE VEG";"0,25";"LT";"1,99";"7,96";"0";"0";"0";"1,99";"8017596127563";"HRANA"
"SOJA UMAK 250ml";"016072101";"AMO ESSERE VEG";"0,25";"LT";"1,99";"7,96";"0";"0";"0";"1,99";"8017596129970";"HRANA"
"SOK ANANAS 100% 1l";"018502201";"PUERTOSOL";"1";"LT";"1,99";"1,99";"0";"0";"0";"1,99";"8017596011459";"PIÆE"
"SOK BRESKVA 99% VOÆA B/D.ŠE3X200ml";"016572602";"PUERTOSOL";"0,6";"LT";"1,49";"2,48";"0";"0";"0";"1,49";"8017596078377";"PIÆE"
"SOK GREJP 100% 1l";"018504501";"PUERTOSOL";"1";"LT";"1,89";"1,89";"0";"0";"0";"1,89";"8017596011473";"PIÆE"
"SOK I PULPA OD MANGA 1l";"900626101";"PUERTOSOL";"1";"LT";"1,79";"1,79";"0";"0";"0";"1,79";"8017596136947";"PIÆE"
"SOK JABUKA 100% 1l";"013843801";"PUERTOSOL";"1";"LT";"1,29";"1,29";"0";"0";"0";"1,39";"8017596070432";"PIÆE"
"SOK KRUŠKA 99% VOÈA B/D.ŠE.3X200ml";"016572502";"PUERTOSOL";"0,6";"LT";"1,49";"2,48";"0";"0";"0";"1,49";"8017596078360";"PIÆE"
"SOK NARANÈA 100% 1l";"018522701";"PUERTOSOL";"1";"LT";"2,39";"2,39";"0";"0";"0";"2,39";"8017596011480";"PIÆE"
"SOK OD JABUKE 3l";"910219401";"PUERTOSOL";"3";"KG";"4,65";"1,55";"0";"0";"0";"4,65";"8017596138392";"PIÆE"
"SOK TROPIK 100% 1l";"018621301";"PUERTOSOL";"1";"LT";"1,79";"1,79";"0";"0";"0";"1,79";"8017596011466";"PIÆE"
"SOL KRUPNA MORSKA pvc 1kg";"910011201";"NO BRAND";"1";"KG";"0,59";"0,59";"0";"0";"0";"0,59";"3859888817036";"HRANA"
"SOL SITNA MORSKA KUTIJA 1kg";"910011001";"NO BRAND";"1";"KG";"0,69";"0,69";"0";"0";"0";"0,69";"3859888817005";"HRANA"
"SOL SITNA MORSKA pvc 1kg";"910011101";"NO BRAND";"1";"KG";"0,59";"0,59";"0";"0";"0";"0,59";"3859888817029";"HRANA"
"SOL ZA PERILICU POSUÐA 1kg";"013683801";"DEXAL";"1";"KG";"0,69";"0,69";"0";"0";"0";"0,69";"8017596074492";"SREDSTVA ZA ÈIŠÆENJE"
"SOLARNA VODA ZA SUNÈANJE 500ml";"018431001";"NEAR YOUR XXX";"0,5";"LT";"2,99";"5,98";"0";"0";"0";"2,99";"8017596136992";"KOZMETIKA"
"SOLNA KISELINA 1L";"005547501";"DEXAL";"1";"LT";"0,99";"0,99";"0";"0";"0";"0,99";"8007930811081";"SREDSTVA ZA ÈIŠÆENJE"
"SOLNA KISELINA 1L";"005547501";"DEXAL";"1";"LT";"0,99";"0,99";"0";"0";"0";"0,99";"80113430";"SREDSTVA ZA ÈIŠÆENJE"
"SOLNA KISELINA 1L";"005547501";"DEXAL";"1";"LT";"0,99";"0,99";"0";"0";"0";"0,99";"8017596011572";"SREDSTVA ZA ÈIŠÆENJE"
"SOMUN 200g";"910030601";"NO BRAND";"0,2";"KG";"0,59";"2,95";"0";"0";"0";"0,58";"";"HRANA"
"SOMUN 4kom 600g";"910198201";"IL BRACIERE";"0,6";"KG";"1,99";"3,32";"0";"0";"0";"2,49";"8017596046499";"HRANA"
"SORBETTI VOÆNI MIX 8KOM 560g";"016720201";"DOLCIANDO";"0,56";"KG";"3,69";"6,59";"0";"0";"0";"3,69";"8017596044396";"HRANA"
"SPAGHETTI S RAKOVIMA I MEKUŠC.175g";"017358801";"TRE MULINI";"0,175";"KG";"1,79";"10,23";"1,29";"7,37";"1,79";"1,79";"8017596100719";"HRANA"
"SPARE RIBS BBQ UMAK";"910210401";"NO BRAND";"1";"KG";"18,99";"18,99";"0";"0";"0";"18,99";"";"HRANA"
"SPARE RIBS CLASSIC UMAK";"910209901";"NO BRAND";"1";"KG";"18,99";"18,99";"0";"0";"0";"18,99";"";"HRANA"
"SPIRALA PROTIV KOMARACA 10kom";"011987301";"NOOZE";"1";"PZ";"0,99";"0,99";"0";"0";"0";"0,99";"8017596059758";"PROIZVODI ZA KUÆANSTVO"
"SPREJ MAX PR.KOMARACA,KRPELJA 90ml";"910076001";"NO BRAND";"0,09";"LT";"4,99";"55,44";"0";"0";"0";"4,99";"5904517324558";"PROIZVODI ZA KUÆANSTVO"
"SPREJ MAX PR.KOMARACA,KRPELJA 90ml";"910076001";"NO BRAND";"0,09";"LT";"4,99";"55,44";"0";"0";"0";"4,99";"5904517387423";"PROIZVODI ZA KUÆANSTVO"
"SPREJ PROTIV INSEK.VIŠENAMJEN.400ml";"014630601";"NOOZE";"0,4";"LT";"2,99";"7,48";"0";"0";"0";"2,99";"8017596076847";"PROIZVODI ZA KUÆANSTVO"
"SPREJ PROTIV MUHA I KOMARACA 400ml";"018479101";"NOOZE";"0,4";"LT";"2,49";"6,23";"0";"0";"0";"2,49";"8017596062598";"PROIZVODI ZA KUÆANSTVO"
"SPREJ PROTIV OSA I STRŠLJENA 300ml";"910076801";"NO BRAND";"0,3";"LT";"5,99";"19,97";"0";"0";"0";"5,99";"5904517081987";"PROIZVODI ZA KUÆANSTVO"
"SPREJ PROTIV OSA I STRŠLJENA 300ml";"910076801";"NO BRAND";"0,3";"LT";"5,99";"19,97";"0";"0";"0";"5,99";"5904517345522";"PROIZVODI ZA KUÆANSTVO"
"SPREJ PROTIV ŽOHARA I MRAVA 300ml";"011470701";"NOOZE";"0,3";"LT";"2,69";"8,97";"0";"0";"0";"2,69";"8017596062604";"PROIZVODI ZA KUÆANSTVO"
"SPREJ ZA ODMAŠÆ I IZBJELJIV. 750ml";"014319401";"DEXAL";"0,75";"LT";"1,59";"2,12";"0";"0";"0";"1,59";"8017596077059";"SREDSTVA ZA ÈIŠÆENJE"
"SPREJ ZA SUNÈANJE SPF20+250ml";"018433001";"NEAR YOUR XXX";"0,25";"LT";"3,99";"15,96";"0";"0";"0";"3,99";"8017596135957";"KOZMETIKA"
"SPREJ ZA UKLJANJANE MRLJA 500ml";"017841001";"DEXAL";"0,5";"LT";"1,29";"2,58";"0";"0";"0";"1,25";"8017596004024";"SREDSTVA ZA ÈIŠÆENJE"
"SPUŽVA MREŽICA ZA TUŠIRANJE";"017150701";"NEAR YOUR XXX";"1";"PZ";"0,89";"0,89";"0";"0";"0";"0,89";"8017596052469";"KOZMETIKA"
"SPUŽVA ZA KUPANJE MASAŽNA";"010338501";"NEAR YOUR XXX";"1";"PZ";"0,49";"0,49";"0";"0";"0";"0,49";"8017596053305";"KOZMETIKA"
"SPUŽVASTE KRPE 10kom";"015653601";"SISTEMA CASA";"1";"PZ";"2,39";"2,39";"0";"0";"0";"2,39";"8017596062154";"PROIZVODI ZA KUÆANSTVO"
"SPUŽVICE KUÆANSTVO ABRAZIVNE 6kom";"012338701";"SISTEMA CASA";"1";"PZ";"0,75";"0,75";"0";"0";"0";"0,95";"8017596064851";"PROIZVODI ZA KUÆANSTVO"
"SPUŽVICE KUÆANSTVO BEZ OGREB.4kom";"015618901";"SISTEMA CASA";"1";"PZ";"1,19";"1,19";"0";"0";"0";"1,19";"8017596106087";"PROIZVODI ZA KUÆANSTVO"
"SPUŽVICE ZA KUÆANSTVO CELULOZA.3kom";"015530201";"SISTEMA CASA";"1";"PZ";"1,19";"1,19";"0";"0";"0";"1,19";"8017596064035";"PROIZVODI ZA KUÆANSTVO"
"SPUŽVICE ZA KUÆANSTVO CLASSIC. 8kom";"015463301";"SISTEMA CASA";"1";"PZ";"0,99";"0,99";"0";"0";"0";"0,99";"8017596106094";"PROIZVODI ZA KUÆANSTVO"
"SRDELA BEZ GLAVE 400g";"910029401";"NO BRAND";"0,4";"KG";"3,19";"7,98";"0";"0";"0";"2,49";"3858891990439";"HRANA"
"SRDELE U SUNCOKRETOVOM ULJU 125g";"016820901";"ATHENA";"0,125";"KG";"0,99";"7,92";"0";"0";"0";"0,99";"8017596112040";"HRANA"
"SREBNI LUK U NALJEVU 560g";"080542401";"NO BRAND";"0,56";"KG";"2,89";"5,16";"0";"0";"0";"2,89";"3859890799238";"HRANA"
"SRED. ODMAŠÆIVANJE REFIL MARSIG. 1l";"014150601";"DEXAL";"1";"LT";"1,39";"1,39";"0";"0";"0";"1,39";"8017596075949";"SREDSTVA ZA ÈIŠÆENJE"
"SRED. PEGLANJE ODJEÆE SPREJ 500ml";"015127801";"NO BRAND";"0,5";"LT";"1,59";"3,18";"0";"0";"0";"1,49";"8017596011343";"PROIZVODI ZA KUÆANSTVO"
"SRED. ZA IZBJELJIVANJE SPREJ 1l";"009215901";"DEXAL";"1";"LT";"1,49";"1,49";"0";"0";"0";"1,49";"8017596015877";"SREDSTVA ZA ÈIŠÆENJE"
"SRED. ZA UKL.MRLJA ZA RUBLJE 1kg";"009664301";"DEXAL";"1";"KG";"2,99";"2,99";"0";"0";"0";"2,99";"8032779811350";"SREDSTVA ZA ÈIŠÆENJE"
"SRED. ZA UKL.MRLJA ZA RUBLJE 1kg";"009664301";"DEXAL";"1";"KG";"2,99";"2,99";"0";"0";"0";"2,99";"8017596019981";"SREDSTVA ZA ÈIŠÆENJE"
"SRED. ZA UKLA. MRLJA \\\"OXY BLU\\\" 1kg";"008987601";"DEXAL";"1";"KG";"3,65";"3,65";"0";"0";"0";"3,65";"8017596014733";"SREDSTVA ZA ÈIŠÆENJE"
"SRED. ZA UKLANJANJE KAMENCA 750ml";"010288401";"DEXAL";"0,75";"LT";"1,69";"2,25";"0";"0";"0";"1,69";"8017596052827";"SREDSTVA ZA ÈIŠÆENJE"
"SRED. ZA ÈIŠÆENJE DRVA SPREJ 400ml";"015026701";"DEXAL";"0,4";"LT";"1,69";"4,23";"0";"0";"0";"1,69";"8017596102904";"SREDSTVA ZA ÈIŠÆENJE"
"SRED. ZA ÈIŠÆENJE STAKLA ECO 1l";"017384901";"AMO ESSERE ECO";"1";"LT";"1,79";"1,79";"0";"0";"0";"1,79";"8017596128386";"SREDSTVA ZA ÈIŠÆENJE"
"SRED. ZA ÈIŠÆENJE STAKLA SPREJ 1l";"014106101";"DEXAL";"1";"LT";"1,79";"1,79";"0";"0";"0";"1,79";"8017596075017";"SREDSTVA ZA ÈIŠÆENJE"
"SRED.ZA CISC PODOVA AGR/FRESH 1,5l";"018678301";"DEXAL";"1,5";"LT";"1,59";"1,06";"0";"0";"0";"1,59";"8017596140654";"SREDSTVA ZA ÈIŠÆENJE"
"SRED.ZA CISC PODOVA AGR/FRESH 1,5l";"018678301";"DEXAL";"1,5";"LT";"1,59";"1,06";"0";"0";"0";"1,59";"8017596140661";"SREDSTVA ZA ÈIŠÆENJE"
"SRED.ZA IZBJELJIVANJE S MIRISOM 2l";"012416901";"DEXAL";"2";"LT";"1,09";"0,55";"0";"0";"0";"1,09";"8017596005076";"SREDSTVA ZA ÈIŠÆENJE"
"SRED.ZA ÈIŠC.PODOVA CLAS/MUSC.1,25l";"017590601";"DEXAL";"1,25";"LT";"1,59";"1,27";"0";"0";"0";"1,59";"8017596125446";"SREDSTVA ZA ÈIŠÆENJE"
"SRED.ZA ÈIŠC.PODOVA CLAS/MUSC.1,25l";"017590601";"DEXAL";"1,25";"LT";"1,59";"1,27";"0";"0";"0";"1,59";"8017596059901";"SREDSTVA ZA ÈIŠÆENJE"
"SRED.ZA ÈIŠC.PODOVA CLAS/MUSC.1,25l";"018722201";"DEXAL";"1,25";"LT";"1,59";"1,27";"0";"0";"0";"1,59";"8017596059901";"SREDSTVA ZA ÈIŠÆENJE"
"SRED.ZA ÈIŠC.PODOVA CLAS/MUSC.1,25l";"018722201";"DEXAL";"1,25";"LT";"1,59";"1,27";"0";"0";"0";"1,59";"8017596125446";"SREDSTVA ZA ÈIŠÆENJE"
"SRED.ZA ÈIŠÆ.PODOVA LAVA/BAUQ.1,25l";"012313601";"DEXAL";"1,25";"LT";"1,59";"1,27";"0";"0";"0";"1,59";"8017596066619";"SREDSTVA ZA ÈIŠÆENJE"
"SRED.ZA ÈIŠÆ.PODOVA LAVA/BAUQ.1,25l";"012313601";"DEXAL";"1,25";"LT";"1,59";"1,27";"0";"0";"0";"1,59";"8017596066626";"SREDSTVA ZA ÈIŠÆENJE"
"SRED.ZA ÈIŠÆENJE VIŠENAMJ.OCAT 2l";"011029901";"DEXAL";"2";"LT";"1,99";"1";"0";"0";"0";"1,99";"8017596017093";"SREDSTVA ZA ÈIŠÆENJE"
"SRED.ZA ÈIŠÈ. PARKETA I MRAMOR 1l";"017418201";"DEXAL";"1,25";"LT";"1,59";"1,27";"0";"0";"0";"1,59";"8017596128546";"SREDSTVA ZA ÈIŠÆENJE"
"SRED.ZA ÈIŠÈENJE JABUÈNI OCAT 900ml";"015533801";"DEXAL";"0,9";"LT";"1,39";"1,54";"0";"0";"0";"1,39";"8003985208098";"SREDSTVA ZA ÈIŠÆENJE"
"SRED.ZA ÈIŠÈENJE JABUÈNI OCAT 900ml";"015533801";"DEXAL";"0,9";"LT";"1,39";"1,54";"0";"0";"0";"1,39";"8017596119384";"SREDSTVA ZA ÈIŠÆENJE"
"SRED.ÈIŠ.PERILICE RUBLJA 2kom 500ml";"017438201";"DEXAL";"0,5";"LT";"2,99";"5,98";"0";"0";"0";"2,99";"8031447226038";"SREDSTVA ZA ÈIŠÆENJE"
"SRED.ÈIŠ.PERILICE RUBLJA 2kom 500ml";"017438201";"DEXAL";"0,5";"LT";"2,99";"5,98";"0";"0";"0";"2,99";"8017596128966";"SREDSTVA ZA ÈIŠÆENJE"
"SRED.ÈIŠÆ.VIŠENAMJENSKO MIRIS.750ml";"012435401";"DEXAL";"0,75";"LT";"1,79";"2,39";"1,19";"1,59";"1,79";"1,79";"8017596015099";"SREDSTVA ZA ÈIŠÆENJE"
"SRED.ÈIŠÆ.VIŠENAMJENSKO MIRIS.750ml";"012435401";"DEXAL";"0,75";"LT";"1,79";"2,39";"1,19";"1,59";"1,79";"1,79";"8017596075161";"SREDSTVA ZA ÈIŠÆENJE"
"SREDSTVO PROTIV KAMENCA SPREJ 750ml";"012523201";"DEXAL";"0,75";"LT";"1,99";"2,65";"0";"0";"0";"1,99";"8017596061911";"SREDSTVA ZA ÈIŠÆENJE"
"SREDSTVO ZA IZBJELJIVANJE 5L";"011846401";"DEXAL";"5";"LT";"2,19";"0,44";"0";"0";"0";"2,19";"8017596064387";"SREDSTVA ZA ÈIŠÆENJE"
"SREDSTVO ZA KUPAONICU SPREJ 750ml";"012478401";"DEXAL";"0,75";"LT";"1,79";"2,39";"0";"0";"0";"1,79";"8017596008978";"SREDSTVA ZA ÈIŠÆENJE"
"SRIJEMSKA KOBASICA 500g";"910128501";"NO BRAND";"0,5";"KG";"6,99";"13,98";"0";"0";"0";"6,49";"3859893850912";"HRANA"
"SRIJEMSKA KOBASICA 500g";"910128501";"NO BRAND";"0,5";"KG";"6,99";"13,98";"0";"0";"0";"6,49";"8017596138033";"HRANA"
"STALAK ZA SJEMENJE PRAZNI";"014301801";"NO BRAND";"1";"PZ";"0,02";"0,02";"0";"0";"0";"0,02";"";"HRANA"
"STERILNE GAZE PAMUK 10x10 100kom";"016195401";"LA NUOVA PHARMACIA";"1";"PZ";"1,39";"1,39";"0";"0";"0";"1,39";"8017596056665";"KOZMETIKA"
"STERILNE GAZE PAMUK 18x40 6kom";"016194101";"LA NUOVA PHARMACIA";"1";"PZ";"0,89";"0,89";"0";"0";"0";"0,89";"8017596056672";"KOZMETIKA"
"STICK MAÈKE RAZL.OKUSI 10X5g 50g";"015578901";"RADAMES";"0,05";"KG";"1,39";"27,8";"0";"0";"0";"1,39";"8017596104212";"PROIZVODI ZA KUÆANSTVO"
"STICK ZA PSE PREM.PIL.200g/GOV.250g";"016744301";"RADAMES";"0,2";"KG";"1,09";"5,45";"0";"0";"0";"1,19";"8017596119438";"PROIZVODI ZA KUÆANSTVO"
"STICK ZA PSE PREM.PIL.200g/GOV.250g";"016744301";"RADAMES";"0,2";"KG";"1,09";"5,45";"0";"0";"0";"1,19";"8017596119421";"PROIZVODI ZA KUÆANSTVO"
"STICK ZA PSE RAZL.OKUSI 10x10g 100g";"014026701";"RADAMES";"0,1";"KG";"1,35";"13,5";"0";"0";"0";"1,29";"8017596075789";"PROIZVODI ZA KUÆANSTVO"
"STICK ZA PSE RAZL.OKUSI 10x10g 100g";"014026701";"RADAMES";"0,1";"KG";"1,35";"13,5";"0";"0";"0";"1,29";"8017596075772";"PROIZVODI ZA KUÆANSTVO"
"STRUGALICA ZA TVRDU KOŽU STOPALA";"018170201";"LA NUOVA PHARMACIA";"1";"PZ";"1,99";"1,99";"0";"0";"0";"1,99";"8017596056801";"KOZMETIKA"
"SUDŽUK";"900106701";"MEAT APPETIT";"1";"KG";"13,99";"13,99";"0";"0";"0";"13,99";"";"HRANA"
"SUDŽUKICA JUNEÆA KOBASICA";"070209101";"NO BRAND";"1";"KG";"9,49";"9,49";"0";"0";"0";"10,99";"";"HRANA"
"SUHA PEÈENICA 100g";"910012101";"PUTOVANJE KROZ OKUSE";"0,1";"KG";"2,29";"22,9";"0";"0";"0";"2,29";"3858884937694";"HRANA"
"SUHA PEÈENICA 100g";"910012101";"PUTOVANJE KROZ OKUSE";"0,1";"KG";"2,29";"22,9";"0";"0";"0";"2,29";"8017596138095";"HRANA"
"SUHI KVASAC 60g";"016847101";"TRE MULINI";"0,06";"KG";"1,09";"18,17";"0";"0";"0";"0,99";"8017596117205";"HRANA"
"SUHI VRGANJI 30g";"008931701";"DELIZIE DAL SOLE";"0,03";"KG";"2,19";"73";"0";"0";"0";"2,19";"8017596005311";"HRANA"
"SUNCOKRETOVO ULJE 1L";"910142901";"COLLINA D'ORO";"1";"LT";"1,49";"1,49";"0";"0";"0";"1,49";"8017596010186";"HRANA"
"SUPERIOR BRAND 35% 100ml";"910087301";"NO BRAND";"0,1";"LT";"1,19";"11,9";"0";"0";"0";"1,19";"3850164243488";"PIÆE"
"SURIMI COCKTAIL 160g";"016268301";"NO BRAND";"0,16";"KG";"2,99";"18,69";"0";"0";"0";"2,99";"8001115607247";"HRANA"
"SURIMI ŠTAPIÆI OKUS RAKOVA 250g";"008492201";"NO BRAND";"0,25";"KG";"1,59";"6,36";"0";"0";"0";"1,59";"8001179010014";"HRANA"
"SURIMI ŠTAPIÆI OKUS RAKOVA 250g";"008492201";"NO BRAND";"0,25";"KG";"1,59";"6,36";"0";"0";"0";"1,59";"8032745830064";"HRANA"
"SURIMI ŠTAPIÆI OKUS RAKOVA 250g";"008492201";"NO BRAND";"0,25";"KG";"1,59";"6,36";"0";"0";"0";"1,59";"4770190049566";"HRANA"
"SUSHI KOMPLET 199g";"910186101";"NO BRAND";"0,199";"KG";"5,99";"30,1";"0";"0";"0";"5,99";"5906259710170";"HRANA"
"SUSHI XL KOMPLET 367,5g";"910186001";"NO BRAND";"0,367";"KG";"9,99";"27,22";"0";"0";"0";"9,99";"5906259710194";"HRANA"
"SUŠENI ATLAN.BAKALAR 400-600g VP";"910185701";"NO BRAND";"1";"KG";"73,9";"73,9";"0";"0";"0";"57,9";"";"HRANA"
"SUŠENI ATLAN.BAKALAR 600-800g VP";"910066001";"NO BRAND";"1";"KG";"83,9";"83,9";"0";"0";"0";"66,9";"";"HRANA"
"SUŠENI ATLAN.BAKALAR DJELOVI VP";"910185801";"NO BRAND";"1";"KG";"73,9";"73,9";"0";"0";"0";"57,9";"";"HRANA"
"SUŠENI ATLANTSKI BAKALAR 400-600g";"910066101";"NO BRAND";"1";"KG";"55,9";"55,9";"0";"0";"0";"55,9";"";"HRANA"
"SV.CARSKO MESO S.K.";"070064801";"NO BRAND";"1";"KG";"5,99";"5,99";"0";"0";"0";"5,29";"";"HRANA"
"SV.CARSKO MESO S.K. NAREZANO";"070001401";"NO BRAND";"1";"KG";"7,29";"7,29";"0";"0";"0";"5,69";"";"HRANA"
"SV.CARSKO MESO S.K.MARINIRANO";"070028301";"NO BRAND";"1";"KG";"5,49";"5,49";"0";"0";"0";"5,99";"";"HRANA"
"SVIJEÆA MIRISNA 30h VIŠE VRSTA";"017648801";"VICINO A TE";"1";"PZ";"1,79";"1,79";"0";"0";"0";"1,79";"8005730033207";"PROIZVODI ZA KUÆANSTVO"
"SVIJEÆA MIRISNA 30h VIŠE VRSTA";"017648801";"VICINO A TE";"1";"PZ";"1,79";"1,79";"0";"0";"0";"1,79";"8005730033184";"PROIZVODI ZA KUÆANSTVO"
"SVIJEÆA MIRISNA 30h VIŠE VRSTA";"017648801";"VICINO A TE";"1";"PZ";"1,79";"1,79";"0";"0";"0";"1,79";"8005730033214";"PROIZVODI ZA KUÆANSTVO"
"SVIJEÆA MIRISNA 30h VIŠE VRSTA";"017648801";"VICINO A TE";"1";"PZ";"1,79";"1,79";"0";"0";"0";"1,79";"8005730033191";"PROIZVODI ZA KUÆANSTVO"
"SVIJEÆA MIRISNA 30h VIŠE VRSTA";"017648801";"VICINO A TE";"1";"PZ";"1,79";"1,79";"0";"0";"0";"1,79";"24102124";"PROIZVODI ZA KUÆANSTVO"
"SVIJEÆA MIRISNA 30h VIŠE VRSTA";"017648801";"VICINO A TE";"1";"PZ";"1,79";"1,79";"0";"0";"0";"1,79";"24102131";"PROIZVODI ZA KUÆANSTVO"
"SVIJEÆA MIRISNA 30h VIŠE VRSTA";"017648801";"VICINO A TE";"1";"PZ";"1,79";"1,79";"0";"0";"0";"1,79";"24102117";"PROIZVODI ZA KUÆANSTVO"
"SVIJEÆA MIRISNA 30h VIŠE VRSTA";"017648801";"VICINO A TE";"1";"PZ";"1,79";"1,79";"0";"0";"0";"1,79";"24102100";"PROIZVODI ZA KUÆANSTVO"
"SVIJEÆA MIRISNA ANTITABAC";"910151901";"NO BRAND";"1";"PZ";"2,39";"2,39";"0";"0";"0";"2,39";"3858888023720";"PROIZVODI ZA KUÆANSTVO"
"SVIJEÆA MIRISNA BOR ÈEŠER";"910152401";"NO BRAND";"1";"PZ";"2,39";"2,39";"0";"0";"0";"2,39";"3858888024628";"PROIZVODI ZA KUÆANSTVO"
"SVIJEÆA MIRISNA JASMIN";"910152501";"NO BRAND";"1";"PZ";"2,39";"2,39";"0";"0";"0";"2,39";"3858883236903";"PROIZVODI ZA KUÆANSTVO"
"SVIJEÆA MIRISNA LAVANDA";"910152001";"NO BRAND";"1";"PZ";"2,39";"2,39";"0";"0";"0";"2,39";"3858888023669";"PROIZVODI ZA KUÆANSTVO"
"SVIJEÆA MIRISNA NARANÈA CIMET";"910152201";"NO BRAND";"1";"PZ";"2,39";"2,39";"0";"0";"0";"2,39";"3858888024529";"PROIZVODI ZA KUÆANSTVO"
"SVIJEÆA MIRISNA VANILIJA";"910152601";"NO BRAND";"1";"PZ";"2,39";"2,39";"0";"0";"0";"2,39";"3858883236149";"PROIZVODI ZA KUÆANSTVO"
"SVIJEÆA MIRISNA VANILIJA 100h";"017275401";"NO BRAND";"1";"PZ";"5,99";"5,99";"0";"0";"0";"5,99";"8017596119650";"PROIZVODI ZA KUÆANSTVO"
"SVIJEÆA MIRISNA ŠUMSKO VOÆE 100h";"017275301";"NO BRAND";"1";"PZ";"5,99";"5,99";"0";"0";"0";"5,99";"8017596119643";"PROIZVODI ZA KUÆANSTVO"
"SVIJEÆA VRTNA CITRONELA";"014459601";"NOOZE";"1";"PZ";"1,09";"1,09";"0";"0";"0";"1,09";"8005730029378";"PROIZVODI ZA KUÆANSTVO"
"SVIJEÆA VRTNA CITRONELA";"014459601";"NOOZE";"1";"PZ";"1,09";"1,09";"0";"0";"0";"1,09";"8017596128454";"PROIZVODI ZA KUÆANSTVO"
"SVINIJSKA LEÐA BK U MEDIT.MARINADI";"070203401";"NO BRAND";"1";"KG";"7,99";"7,99";"0";"0";"0";"7,99";"";"HRANA"
"SVINJ.LEÐA BEZ KOSTI ODREZAK 500g";"910164801";"NO BRAND";"0,5";"KG";"3,59";"7,18";"0";"0";"0";"4,29";"5998002029752";"HRANA"
"SVINJ.LEÐA S KOSTI ODREZAK 600g";"910164701";"NO BRAND";"0,6";"KG";"4,29";"7,15";"0";"0";"0";"4,29";"5998002029745";"HRANA"
"SVINJ.SLAB.I LEÐA BK OBITELJ.PAK";"070201101";"NO BRAND";"1";"KG";"6,99";"6,99";"0";"0";"0";"5,99";"";"HRANA"
"SVINJ.SLABI.LEÐA SK BF OBITELJ.PAK.";"070201301";"NO BRAND";"1";"KG";"5,49";"5,49";"0";"0";"0";"5,89";"";"HRANA"
"SVINJ.VRAT BEZ KOSTI ODREZAK 500g";"910165001";"NO BRAND";"0,5";"KG";"3,69";"7,38";"0";"0";"0";"4,39";"5998002029776";"HRANA"
"SVINJSKA GLAVA";"910152301";"NO BRAND";"1";"KG";"1,39";"1,39";"0";"0";"0";"1,39";"";"HRANA"
"SVINJSKA GLAVA";"070002601";"NO BRAND";"1";"KG";"1,49";"1,49";"0";"0";"0";"1,49";"";"HRANA"
"SVINJSKA JETRA";"005651401";"NO BRAND";"1";"KG";"2,08";"2,08";"0";"0";"0";"2,08";"";"HRANA"
"SVINJSKA JETRA";"070003301";"NO BRAND";"1";"KG";"3,59";"3,59";"0";"0";"0";"3,59";"";"HRANA"
"SVINJSKA KARE REBRA";"070092501";"NO BRAND";"1";"KG";"4,89";"4,89";"0";"0";"0";"5,99";"";"HRANA"
"SVINJSKA KARE REBRA LOIN RIBS";"013839301";"NO BRAND";"1";"KG";"5,05";"5,05";"0";"0";"0";"5,05";"";"HRANA"
"SVINJSKA KARE REBRA VP (LOIN RIBS)";"910167101";"NO BRAND";"1";"KG";"4,99";"4,99";"0";"0";"0";"5,99";"";"HRANA"
"SVINJSKA KOLJENICA";"005651301";"NO BRAND";"1";"KG";"3,97";"3,97";"0";"0";"0";"3,97";"";"HRANA"
"SVINJSKA KOLJENICA PAK";"015930001";"NO BRAND";"1";"KG";"4,29";"4,29";"0";"0";"0";"4,29";"";"HRANA"
"SVINJSKA KOLJENICA SK";"070002201";"NO BRAND";"1";"KG";"4,29";"4,29";"0";"0";"0";"4,29";"";"HRANA"
"SVINJSKA KOLJENICA SK MARINIRANA";"070040601";"NO BRAND";"1";"KG";"3,59";"3,59";"0";"0";"0";"4,59";"";"HRANA"
"SVINJSKA LEÐA BK U CHILI MARINADI";"070203301";"NO BRAND";"1";"KG";"7,99";"7,99";"0";"0";"0";"7,99";"";"HRANA"
"SVINJSKA LEÐA S KOSTI I KOŽOM";"070200401";"NO BRAND";"1";"KG";"5,49";"5,49";"0";"0";"0";"5,49";"";"HRANA"
"SVINJSKA LEÐA SK GRILL";"070204401";"NO BRAND";"1";"KG";"6,29";"6,29";"0";"0";"0";"6,29";"";"HRANA"
"SVINJSKA LEÐA SK U CHILI MARINADI";"070063601";"NO BRAND";"1";"KG";"6,49";"6,49";"0";"0";"0";"6,49";"";"HRANA"
"SVINJSKA LEÐA SK U MEDIT.MARINADI";"070203601";"NO BRAND";"1";"KG";"6,49";"6,49";"0";"0";"0";"6,49";"";"HRANA"
"SVINJSKA LEÐNA SLANINA";"070048501";"NO BRAND";"1";"KG";"3,49";"3,49";"0";"0";"0";"3,49";"";"HRANA"
"SVINJSKA LEÐNA SLANINA.";"011214801";"NO BRAND";"1";"KG";"1,71";"1,71";"0";"0";"0";"1,71";"";"HRANA"
"SVINJSKA LOPATICA";"006027701";"NO BRAND";"1";"KG";"5,59";"5,59";"0";"0";"0";"5,59";"";"HRANA"
"SVINJSKA LOPATICA 4D (BKK)";"007102801";"NO BRAND";"1";"KG";"4,68";"4,68";"0";"0";"0";"4,68";"";"HRANA"
"SVINJSKA LOPATICA BK";"070064301";"NO BRAND";"1";"KG";"5,89";"5,89";"0";"0";"0";"5,49";"";"HRANA"
"SVINJSKA LOPATICA ZA SUŠENJE";"070200301";"NO BRAND";"1";"KG";"5,29";"5,29";"0";"0";"0";"5,29";"";"HRANA"
"SVINJSKA MAST 1kg";"910129501";"PUTOVANJE KROZ OKUSE";"1";"KG";"2,2";"2,2";"0";"0";"0";"2,2";"3859891884469";"HRANA"
"SVINJSKA MAST 1kg";"910129501";"PUTOVANJE KROZ OKUSE";"1";"KG";"2,2";"2,2";"0";"0";"0";"2,2";"8017596135803";"HRANA"
"SVINJSKA PEÈENKA U OVOJNICI";"070047001";"NO BRAND";"1";"KG";"6,5";"6,5";"0";"0";"0";"6,5";"";"HRANA"
"SVINJSKA POLOVICA - RASJEK";"009272501";"NO BRAND";"1";"KG";"3,71";"3,71";"0";"0";"0";"3,71";"";"HRANA"
"SVINJSKA POLOVICA EWG RASJEK";"070082501";"NO BRAND";"1";"KG";"3,99";"3,99";"0";"0";"0";"3,99";"";"HRANA"
"SVINJSKA POLOVICA-FRANCUSKA OBRADA";"005773101";"NO BRAND";"1";"KG";"3,85";"3,85";"0";"0";"0";"3,85";"";"HRANA"
"SVINJSKA PUNJENA ROLICA";"070207301";"NO BRAND";"1";"KG";"9,29";"9,29";"0";"0";"0";"9,29";"";"HRANA"
"SVINJSKA REBRA";"070001601";"NO BRAND";"1";"KG";"6,79";"6,79";"0";"0";"0";"6,79";"";"HRANA"
"SVINJSKA REBRA BBQ U MARINADI";"016096801";"NO BRAND";"1";"KG";"5,97";"5,97";"0";"0";"0";"5,97";"";"HRANA"
"SVINJSKA REBRA BEZ KOŽE";"007102201";"NO BRAND";"1";"KG";"6,8";"6,8";"0";"0";"0";"6,8";"";"HRANA"
"SVINJSKA REBRA S KOŽOM";"070000801";"NO BRAND";"1";"KG";"4,99";"4,99";"0";"0";"0";"4,99";"";"HRANA"
"SVINJSKA REBRA SK ODREZAK";"070000601";"NO BRAND";"1";"KG";"7,3";"7,3";"0";"0";"0";"7,3";"";"HRANA"
"SVINJSKA REBRA U CHILI MARINADI";"070091201";"NO BRAND";"1";"KG";"6,99";"6,99";"0";"0";"0";"6,99";"";"HRANA"
"SVINJSKA REBRA U MEDITERAN MARINADI";"070203501";"NO BRAND";"1";"KG";"6,99";"6,99";"0";"0";"0";"6,99";"";"HRANA"
"SVINJSKA SLABINA I LEDA SK KOMAD";"070097601";"NO BRAND";"1";"KG";"6,19";"6,19";"0";"0";"0";"6,19";"";"HRANA"
"SVINJSKA SLABINA I LEÐA BEZ KOSTI";"070000102";"NO BRAND";"1";"KG";"7,49";"7,49";"0";"0";"0";"7,49";"";"HRANA"
"SVINJSKA SLABINA I LEÐA BK";"007102301";"NO BRAND";"1";"KG";"5,86";"5,86";"0";"0";"0";"5,86";"";"HRANA"
"SVINJSKA SLABINA I LEÐA BK";"009913701";"NO BRAND";"1";"KG";"7,59";"7,59";"0";"0";"0";"7,59";"";"HRANA"
"SVINJSKA SLABINA I LEÐA BK";"013209301";"IL BRACIERE";"1";"KG";"3,45";"3,45";"0";"0";"0";"3,45";"";"HRANA"
"SVINJSKA SLABINA I LEÐA BK ODREZAK";"070000101";"NO BRAND";"1";"KG";"7,99";"7,99";"0";"0";"0";"7,99";"";"HRANA"
"SVINJSKA SLABINA I LEÐA BK PANIRANA";"070202201";"NO BRAND";"1";"KG";"7,56";"7,56";"0";"0";"0";"7,56";"";"HRANA"
"SVINJSKA SLABINA I LEÐA SK BF ODREZ";"070093401";"NO BRAND";"1";"KG";"6,39";"6,39";"0";"0";"0";"6,39";"";"HRANA"
"SVINJSKA SLABINA I LEÐA SK I FILEOM";"007102101";"NO BRAND";"1";"KG";"5,2";"5,2";"0";"0";"0";"5,2";"";"HRANA"
"SVINJSKE  NOGICE.";"011151201";"NO BRAND";"1";"KG";"1,33";"1,33";"0";"0";"0";"1,33";"";"HRANA"
"SVINJSKE GULAŠ KOCKE";"070002101";"NO BRAND";"1";"KG";"7,39";"7,39";"0";"0";"0";"6,19";"";"HRANA"
"SVINJSKE GULAŠ KOCKICE OD BUTA 500g";"910165201";"NO BRAND";"0,5";"KG";"3,39";"6,78";"0";"0";"0";"3,39";"3830053932532";"HRANA"
"SVINJSKE GULAŠ KOCKICE OD BUTA 500g";"910165201";"NO BRAND";"0,5";"KG";"3,39";"6,78";"0";"0";"0";"3,39";"3830053938015";"HRANA"
"SVINJSKE KOŽICE";"070002501";"NO BRAND";"1";"KG";"1,19";"1,19";"0";"0";"0";"1,19";"";"HRANA"
"SVINJSKE MESNATE KOSTI";"070002901";"NO BRAND";"1";"KG";"1,79";"1,79";"0";"0";"0";"1,79";"";"HRANA"
"SVINJSKE NOGICE";"070002401";"NO BRAND";"1";"KG";"1,99";"1,99";"0";"0";"0";"1,99";"";"HRANA"
"SVINJSKE ROLICE S KOBASICOM";"070206601";"NO BRAND";"1";"KG";"7,99";"7,99";"0";"0";"0";"7,99";"";"HRANA"
"SVINJSKI BUT 4D (BKK)";"007103001";"NO BRAND";"1";"KG";"4,85";"4,85";"0";"0";"0";"4,85";"";"HRANA"
"SVINJSKI BUT BEZ KOSTI ODREZAK MAP";"009547901";"IL BRACIERE";"1";"KG";"6,99";"6,99";"0";"0";"0";"6,99";"";"HRANA"
"SVINJSKI BUT BK";"070001801";"NO BRAND";"1";"KG";"6,69";"6,69";"0";"0";"0";"6,69";"";"HRANA"
"SVINJSKI BUT BK - RESTORAN";"070205101";"NO BRAND";"1";"KG";"6,19";"6,19";"0";"0";"0";"6,19";"";"HRANA"
"SVINJSKI BUT BK ODREZAK";"070001201";"NO BRAND";"1";"KG";"6,99";"6,99";"4,29";"4,29";"6,99";"6,99";"";"HRANA"
"SVINJSKI BUT OBITELJSKO PAK.";"070201201";"NO BRAND";"1";"KG";"5,79";"5,79";"0";"0";"0";"5,35";"";"HRANA"
"SVINJSKI BUT SK ZA SUŠENJE";"070200201";"NO BRAND";"1";"KG";"5,89";"5,89";"0";"0";"0";"5,89";"";"HRANA"
"SVINJSKI BUT VP";"013386001";"NO BRAND";"1";"KG";"6,79";"6,79";"0";"0";"0";"6,79";"";"HRANA"
"SVINJSKI FILE";"070002001";"NO BRAND";"1";"KG";"8,89";"8,89";"0";"0";"0";"8,89";"";"HRANA"
"SVINJSKI FILE S PANCETOM";"070207401";"NO BRAND";"1";"KG";"11,99";"11,99";"0";"0";"0";"11,99";"";"HRANA"
"SVINJSKI FILE S PANCETOM CHILI MAR.";"070207501";"NO BRAND";"1";"KG";"11,99";"11,99";"0";"0";"0";"11,99";"";"HRANA"
"SVINJSKI FILE VP";"014718801";"NO BRAND";"1";"KG";"8,9";"8,9";"0";"0";"0";"8,89";"";"HRANA"
"SVINJSKI KARE SK - RESTORAN";"070205201";"NO BRAND";"1";"KG";"5,29";"5,29";"0";"0";"0";"5,29";"";"HRANA"
"SVINJSKI KARE U POTRBUŠINI SA ZAÈIN";"070206701";"NO BRAND";"1";"KG";"8,99";"8,99";"0";"0";"0";"8,99";"";"HRANA"
"SVINJSKI OMBOLO ZAÈINJENI";"070202801";"NO BRAND";"1";"KG";"8,29";"8,29";"0";"0";"0";"8,29";"";"HRANA"
"SVINJSKI PRSNI VRŠCI";"012096101";"NO BRAND";"1";"KG";"2,9";"2,9";"0";"0";"0";"2,9";"";"HRANA"
"SVINJSKI PRSNI VRŠCI SK";"070095501";"NO BRAND";"1";"KG";"3,79";"3,79";"0";"0";"0";"3,79";"";"HRANA"
"SVINJSKI RAŽNJIÆI";"070077301";"NO BRAND";"1";"KG";"6,99";"6,99";"0";"0";"0";"6,99";"";"HRANA"
"SVINJSKI RAŽNJIÆI S HAMBURGEROM MAP";"910165501";"NO BRAND";"1";"KG";"7,49";"7,49";"0";"0";"0";"6,69";"";"HRANA"
"SVINJSKI RAŽNJIÆI S PAPRIKOM MAP";"910165601";"NO BRAND";"1";"KG";"7,49";"7,49";"0";"0";"0";"6,69";"";"HRANA"
"SVINJSKI VRAT BEZ KOSTI KOM";"070001901";"NO BRAND";"1";"KG";"5,49";"5,49";"0";"0";"0";"5,49";"";"HRANA"
"SVINJSKI VRAT BEZ KOSTI ODREZAK";"070001101";"NO BRAND";"1";"KG";"5,49";"5,49";"0";"0";"0";"5,49";"";"HRANA"
"SVINJSKI VRAT BK";"015208101";"NO BRAND";"1";"KG";"6,24";"6,24";"0";"0";"0";"6,24";"";"HRANA"
"SVINJSKI VRAT BK PAK VP";"012951501";"NO BRAND";"1";"KG";"6,99";"6,99";"0";"0";"0";"6,99";"";"HRANA"
"SVINJSKI VRAT BK U CHILI MARINADI";"070065801";"NO BRAND";"1";"KG";"6,49";"6,49";"0";"0";"0";"7,49";"";"HRANA"
"SVINJSKI VRAT BK U MEDIT.MARINADI";"070203701";"NO BRAND";"1";"KG";"6,49";"6,49";"0";"0";"0";"7,49";"";"HRANA"
"SVINJSKI VRAT SK";"007102601";"NO BRAND";"1";"KG";"4,68";"4,68";"0";"0";"0";"4,68";"";"HRANA"
"SVINJSKI VRAT SK GRILL";"070204501";"NO BRAND";"1";"KG";"6,29";"6,29";"0";"0";"0";"6,29";"";"HRANA"
"SVINJSKI VRAT SK ODREZAK";"070011801";"NO BRAND";"1";"KG";"6,49";"6,49";"0";"0";"0";"6,19";"";"HRANA"
"SVINJSKI VRAT SK U CHILI MARINADI";"070077601";"NO BRAND";"1";"KG";"6,79";"6,79";"0";"0";"0";"6,49";"";"HRANA"
"SVINJSKI VRAT SK U KOMADU";"070064501";"NO BRAND";"1";"KG";"5,79";"5,79";"0";"0";"0";"5,99";"";"HRANA"
"SVINJSKI VRAT SK U MEDIT.MARINADI";"070203801";"NO BRAND";"1";"KG";"6,79";"6,79";"0";"0";"0";"6,49";"";"HRANA"
"SVINJSKI VRAT.SK OBITELJSKO PAK.";"070201401";"NO BRAND";"1";"KG";"5,99";"5,99";"0";"0";"0";"5,79";"";"HRANA"
"SVINJSKO CARSKO MESO NEOBRAÐENO";"009273401";"NO BRAND";"1";"KG";"4,97";"4,97";"0";"0";"0";"4,97";"";"HRANA"
"SVINJSKO CARSKO MESO S KOŽOM MAP";"910167201";"NO BRAND";"1";"KG";"6,89";"6,89";"0";"0";"0";"6,89";"";"HRANA"
"SVINJSKO MESO 80/20";"010711101";"NO BRAND";"1";"KG";"4,36";"4,36";"0";"0";"0";"4,36";"";"HRANA"
"SVINJSKO MESO ZA HLADETINU";"070206101";"NO BRAND";"1";"KG";"3,89";"3,89";"0";"0";"0";"3,89";"";"HRANA"
"SVINJSKO MLJEVENO MESO";"070010601";"NO BRAND";"1";"KG";"5,39";"5,39";"0";"0";"0";"5,39";"";"HRANA"
"SVINJSKO MLJEVENO MESO OBIT.PAK.";"070058201";"NO BRAND";"1";"KG";"4,07";"4,07";"0";"0";"0";"4,07";"";"HRANA"
"SVINJSKO MLJEVENO MESO ZA KOBASICE";"070200501";"NO BRAND";"1";"KG";"5,19";"5,19";"0";"0";"0";"5,19";"";"HRANA"
"SVINSKI BUT BK PANIRANI ODREZAK";"070202301";"NO BRAND";"1";"KG";"7,29";"7,29";"0";"0";"0";"7,29";"";"HRANA"
"SVITAK ÈOKOLADA-VANILIJA 90g";"910020901";"NO BRAND";"0,09";"KG";"0,55";"6,11";"0";"0";"0";"0,55";"";"HRANA"
"SVJEZA PORCHETTA BK ZACINJENA ";"070003001";"NO BRAND";"1";"KG";"7,99";"7,99";"0";"0";"0";"7,99";"";"HRANA"
"SVJEZE PILECE ROLADICE BK ZAÈINJENO";"070041701";"NO BRAND";"1";"KG";"5,99";"5,99";"0";"0";"0";"5,99";"";"HRANA"
"SVJEZE ROLANO PILE BK ZAÈINJENO ";"070018601";"NO BRAND";"1";"KG";"5,49";"5,49";"0";"0";"0";"5,49";"";"HRANA"
"SVJEÆICA MUZIÈKA PLAVA";"015105101";"NO BRAND";"1";"PZ";"1,06";"1,06";"0";"0";"0";"1,06";"8006545157485";"PROIZVODI ZA KUÆANSTVO"
"SVJEÆICA MUZIÈKA ROZA";"015105201";"NO BRAND";"1";"PZ";"1,06";"1,06";"0";"0";"0";"1,06";"8006545157515";"PROIZVODI ZA KUÆANSTVO"
"SVJEŽA JAJA M 10/1";"910012601";"NO BRAND";"1";"PZ";"2,45";"2,45";"0";"0";"0";"2,29";"3859889611442";"HRANA"
"SVJEŽA JAJA M 10/1";"910012601";"NO BRAND";"1";"PZ";"2,45";"2,45";"0";"0";"0";"2,29";"3859889711456";"HRANA"
"SVJEŽA JAJA M 10/1";"910012601";"NO BRAND";"1";"PZ";"2,45";"2,45";"0";"0";"0";"2,29";"8017596133076";"HRANA"
"SVJEŽA JAJA M 18/1";"910012701";"NO BRAND";"1";"PZ";"4,39";"4,39";"0";"0";"0";"3,89";"3859889711463";"HRANA"
"SVJEŽA JAJA M 18/1";"910012701";"NO BRAND";"1";"PZ";"4,39";"4,39";"0";"0";"0";"3,89";"3859889611428";"HRANA"
"SVJEŽA JAJA PODNI UZGOJ L 10/1";"910012301";"PUTOVANJE KROZ OKUSE";"1";"PZ";"2,99";"2,99";"0";"0";"0";"2,59";"3859889711432";"HRANA"
"SVJEŽA JAJA PODNI UZGOJ L 10/1";"910012301";"PUTOVANJE KROZ OKUSE";"1";"PZ";"2,99";"2,99";"0";"0";"0";"2,59";"8017596133083";"HRANA"
"SVJEŽA JAJA PODNI UZGOJ M 10/1";"910012401";"PUTOVANJE KROZ OKUSE";"1";"PZ";"2,89";"2,89";"0";"0";"0";"2,39";"3859889711425";"HRANA"
"SVJEŽA JAJA PODNI UZGOJ M 10/1";"910012401";"PUTOVANJE KROZ OKUSE";"1";"PZ";"2,89";"2,89";"0";"0";"0";"2,39";"8017596133076";"HRANA"
"SVJEŽA JAJA RAZL. VEL. BIO 6/1";"910177101";"NO BRAND";"1";"PZ";"2,49";"2,49";"0";"0";"0";"2,29";"3857500131508";"HRANA"
"SVJEŽA JAJA RAZL. VEL. BIO 6/1";"910177101";"NO BRAND";"1";"PZ";"2,49";"2,49";"0";"0";"0";"2,29";"3857500131546";"HRANA"
"SVJEŽA JAJA SLOBODNI UZGOJ M 10/1";"910154501";"PUTOVANJE KROZ OKUSE";"1";"PZ";"3,29";"3,29";"0";"0";"0";"2,99";"3859892582302";"HRANA"
"SVJEŽA JAJA SLOBODNI UZGOJ M 10/1";"910154501";"PUTOVANJE KROZ OKUSE";"1";"PZ";"3,29";"3,29";"0";"0";"0";"2,99";"8017596133069";"HRANA"
"SVJEŽA MLADA PATKA BEZ IZNUTRICA";"070035401";"NO BRAND";"1";"KG";"5,49";"5,49";"0";"0";"0";"5,49";"";"HRANA"
"SVJEŽA PIADINA 5 KOM 600g";"010701301";"TRE MULINI";"0,6";"KG";"2,29";"3,82";"0";"0";"0";"2,29";"8017596014252";"HRANA"
"SVJEŽA SVINJSKA KOBASICA ZA SUŠENJE";"070208801";"NO BRAND";"1";"KG";"5,99";"5,99";"0";"0";"0";"5,99";"";"HRANA"
"SVJEŽA TJESTENINA STROZZAPRETI 500g";"013817001";"TRE MULINI";"0,5";"KG";"1,59";"3,18";"0";"0";"0";"1,59";"8017596073617";"HRANA"
"SVJEŽA TJESTENINA STROZZAPRETI 500g";"013817001";"TRE MULINI";"0,5";"KG";"1,59";"3,18";"0";"0";"0";"1,59";"8017596118288";"HRANA"
"SVJEŽA TJESTENINA TROFIE 500g";"010628501";"TRE MULINI";"0,5";"KG";"1,59";"3,18";"0";"0";"0";"1,59";"8017596118271";"HRANA"
"SVJEŽA TJESTENINA TROFIE 500g";"010628501";"TRE MULINI";"0,5";"KG";"1,59";"3,18";"0";"0";"0";"1,59";"8017596008053";"HRANA"
"SVJEŽE LISNATO TIJESTO 265g";"011661801";"TRE MULINI";"0,265";"KG";"1,15";"4,34";"0";"0";"0";"1,15";"8017596018335";"HRANA"
"SVJEŽE MLIJEKO ESL 3,2% M.M. 1l";"910196801";"PUTOVANJE KROZ OKUSE";"1";"LT";"0,99";"0,99";"0";"0";"0";"0,99";"8017596136046";"HRANA"
"SVJEŽE PILE PUNJENO KRUHOM ZAÈINJEN";"910127801";"NO BRAND";"1";"KG";"3,49";"3,49";"0";"0";"0";"3,18";"";"HRANA"
"SVJEŽE TAGLIATELLE S JAJIMA 500g";"013711901";"TRE MULINI";"0,5";"KG";"2,49";"4,98";"0";"0";"0";"2,49";"8017596013491";"HRANA"
"SVJEŽE TAGLIATELLE S JAJIMA 500g";"013711901";"TRE MULINI";"0,5";"KG";"2,49";"4,98";"0";"0";"0";"2,49";"8015035001214";"HRANA"
"SVJEŽE TIJESTO ZA FOCACCIU 385g";"010629401";"TRE MULINI";"0,385";"KG";"1,59";"4,13";"0";"0";"0";"1,59";"8017596018359";"HRANA"
"SVJEŽE TIJESTO ZA PIZZU 400g";"010492201";"TRE MULINI";"0,4";"KG";"1,39";"3,48";"0";"0";"0";"1,39";"8017596018342";"HRANA"
"SVJEŽE VRHNJE ZA ŠLAG 36% m.m.250ml";"900391101";"NO BRAND";"0,25";"LT";"1,69";"6,76";"0";"0";"0";"1,69";"9006207003241";"HRANA"
"SVJEŽE VUÈENO TIJESTO 500g";"910004001";"NO BRAND";"0,5";"KG";"1,25";"2,5";"0";"0";"0";"1,25";"3858891273549";"HRANA"
"SVJEŽE VUÈENO TIJESTO 500g";"910208701";"PUTOVANJE KROZ OKUSE";"0,5";"KG";"1,25";"2,5";"0";"0";"0";"1,25";"8017596136268";"HRANA"
"SVJEŽI CAPPELL. SUHA ŠUNKA 2x500g";"017726101";"NO BRAND";"1";"KG";"3,99";"3,99";"0";"0";"0";"3,99";"8017596064905";"HRANA"
"SVJEŽI CAPPELL. SUHA ŠUNKA 2x500g";"017726101";"NO BRAND";"1";"KG";"3,99";"3,99";"0";"0";"0";"3,99";"8033075800987";"HRANA"
"SVJEŽI CAPPELLETTI MESO 2x500g";"017726001";"NO BRAND";"1";"KG";"3,99";"3,99";"0";"0";"0";"3,99";"8017596062772";"HRANA"
"SVJEŽI CAPPELLETTI MESO 2x500g";"017726001";"NO BRAND";"1";"KG";"3,99";"3,99";"0";"0";"0";"3,99";"8033075800970";"HRANA"
"SVJEŽI KVASAC 42g";"910049601";"NO BRAND";"0,042";"KG";"0,75";"17,86";"0";"0";"0";"0,75";"3859889940832";"HRANA"
"SVJEŽI KVASAC 42g";"910049601";"NO BRAND";"0,042";"KG";"0,75";"17,86";"0";"0";"0";"0,75";"3858887683444";"HRANA"
"SVJEŽI KVASAC 42g";"910049601";"NO BRAND";"0,042";"KG";"0,75";"17,86";"0";"0";"0";"0,75";"3858887683451";"HRANA"
"SVJEŽI NJOKI BEZ GLUTENA 2x200g";"015532101";"AMO ESSERE SENZA GLUTINE";"0,4";"KG";"1,79";"4,48";"0";"0";"0";"1,79";"8017596107060";"HRANA"
"SVJEŽI NJOKI OD KRUMPIRA 1kg";"013386601";"TRE MULINI";"1";"KG";"1,99";"1,99";"1,39";"1,39";"1,99";"1,99";"8015057000769";"HRANA"
"SVJEŽI NJOKI OD KRUMPIRA 1kg";"013386601";"TRE MULINI";"1";"KG";"1,99";"1,99";"1,39";"1,39";"1,99";"1,99";"8017596008084";"HRANA"
"SVJEŽI NJOKI OD KRUMPIRA 500g";"013514801";"TRE MULINI";"0,5";"KG";"1,09";"2,18";"0";"0";"0";"1,09";"8017596073044";"HRANA"
"SVJEŽI POSNI SKYR PROTEIN 300g";"017097101";"LAND";"0,3";"KG";"1,29";"4,3";"0";"0";"0";"1,25";"24101370";"HRANA"
"SVJEŽI RAVIOLI S TELETINOM 500g";"018663801";"TRE MULINI";"0,5";"KG";"2,99";"5,98";"0";"0";"0";"2,99";"8017596120014";"HRANA"
"SVJEŽI SOK OD JABUKE 1l";"080587101";"NO BRAND";"1";"LT";"2,29";"2,29";"0";"0";"0";"2,19";"3830031648783";"HRANA"
"SVJEŽI SOK OD NARANÈE 1l";"080583801";"NO BRAND";"1";"LT";"3,39";"3,39";"0";"0";"0";"2,99";"3830031648721";"HRANA"
"SVJEŽI TAGLIOLINI S JAJIMA 500g";"013711903";"TRE MULINI";"0,5";"KG";"1,99";"3,98";"0";"0";"0";"1,99";"8017596013484";"HRANA"
"SVJEŽI TAGLIOLINI S JAJIMA 500g";"013711903";"TRE MULINI";"0,5";"KG";"1,99";"3,98";"0";"0";"0";"1,99";"8015035000217";"HRANA"
"SVJEŽI ŠPINAT 500g";"080049801";"FOGLIA VERDE";"0,5";"KG";"1,99";"3,98";"0";"0";"0";"1,99";"9999999999994";"HRANA"
"SVJEŽI ŠPINAT 500g";"080049801";"FOGLIA VERDE";"0,5";"KG";"1,99";"3,98";"0";"0";"0";"1,99";"8017596030214";"HRANA"
"SVJEŽI ŠPINAT 500g";"080049801";"FOGLIA VERDE";"0,5";"KG";"1,99";"3,98";"0";"0";"0";"1,99";"3858890541601";"HRANA"
"T-BONE SUHO ZRENJE";"910065901";"NO BRAND";"1";"KG";"28,49";"28,49";"0";"0";"0";"24,55";"";"HRANA"
"TABL.PERIL.POSUÐA LIMUN 720g40kom";"013097001";"DEXAL";"0,72";"KG";"3,99";"5,54";"0";"0";"0";"3,99";"8017596068712";"SREDSTVA ZA ÈIŠÆENJE"
"TABL.PERIL.SUÐA TUTTO 40kom 720g";"017803601";"DEXAL";"0,72";"KG";"4,99";"6,93";"0";"0";"0";"4,99";"8017596131201";"SREDSTVA ZA ÈIŠÆENJE"
"TABLE.PERIL.POSU.MULTI.100kom 1,8kg";"013628001";"DEXAL";"1";"PZ";"7,99";"7,99";"0";"0";"0";"7,99";"8017596067586";"SREDSTVA ZA ÈIŠÆENJE"
"TABLE.PERIL.POSUÐA ECO 40kom 720g";"016427901";"AMO ESSERE ECO";"1";"PZ";"3,99";"3,99";"0";"0";"0";"3,99";"8017596111319";"SREDSTVA ZA ÈIŠÆENJE"
"TABLETE O.KAM. PER.RUB.50kom 600g";"017403801";"DEXAL";"0,6";"KG";"3,49";"5,82";"0";"0";"0";"3,49";"8017596128508";"SREDSTVA ZA ÈIŠÆENJE"
"TAJICE COMFORT L/XL CRNE";"013130701";"GLISSADE";"1";"PZ";"7,96";"7,96";"0";"0";"0";"7,96";"8017596072450";"PROIZVODI ZA KUÆANSTVO"
"TAJICE COMFORT S/M CRNE";"013130601";"GLISSADE";"1";"PZ";"7,96";"7,96";"0";"0";"0";"7,96";"8017596072443";"PROIZVODI ZA KUÆANSTVO"
"TAMNA ÈOKOLADA 50%KAK. 500g";"006447701";"DOLCIANDO";"0,5";"KG";"5,99";"11,98";"0";"0";"0";"5,49";"8005851000607";"HRANA"
"TAMNA ÈOKOLADA 50%KAK. 500g";"006447701";"DOLCIANDO";"0,5";"KG";"5,99";"11,98";"0";"0";"0";"5,49";"8017596012265";"HRANA"
"TANJURI DESERT UZORAK BIORAZ.20kom";"016066201";"SISTEMA CASA";"1";"PZ";"2,49";"2,49";"0";"0";"0";"2,49";"8017596111203";"PROIZVODI ZA KUÆANSTVO"
"TANJURI DUBOKI ALUMINIJSKI 12kom";"900518601";"NO BRAND";"1";"PZ";"2,49";"2,49";"0";"0";"0";"2,49";"8011851101039";"PROIZVODI ZA KUÆANSTVO"
"TANJURI OVALNI CELULO.BIORAZ. 25kom";"018067201";"SISTEMA CASA";"1";"PZ";"3,19";"3,19";"0";"0";"0";"3,19";"8017596136527";"PROIZVODI ZA KUÆANSTVO"
"TANJURI PLIT. CELULOZA BIORAZ.20kom";"015899301";"SISTEMA CASA";"1";"PZ";"2,49";"2,49";"0";"0";"0";"2,49";"8017596111166";"PROIZVODI ZA KUÆANSTVO"
"TANJURI PLITKI ALUMINIJSKI 12kom";"900518501";"NO BRAND";"1";"PZ";"2,49";"2,49";"0";"0";"0";"2,49";"8011851101053";"PROIZVODI ZA KUÆANSTVO"
"TANJURI PLITKI UZORAK BIORAZ.20kom";"016066101";"SISTEMA CASA";"1";"PZ";"2,69";"2,69";"0";"0";"0";"2,69";"8017596111197";"PROIZVODI ZA KUÆANSTVO"
"TARALLI DJEVIÈANSKO MASL.ULJE 500g";"011572801";"TRE MULINI";"0,5";"KG";"1,69";"3,38";"0";"0";"0";"1,69";"8017596008299";"HRANA"
"TARALLI MULTIPACK 8x50g";"014487501";"TRE MULINI";"0,4";"KG";"1,79";"4,48";"0";"0";"0";"1,79";"8017596079893";"HRANA"
"TARALLINI GRANO ARSO 300g";"014705201";"NO BRAND";"0,3";"KG";"2,12";"7,07";"0";"0";"0";"2,12";"8021851600043";"HRANA"
"TARALLINI INTEGRALNI 300g";"014704901";"NO BRAND";"0,3";"KG";"2,12";"7,07";"0";"0";"0";"2,12";"8021851600050";"HRANA"
"TARALLINI OD VIŠE VRSTA ŽITAR.300g";"014705101";"NO BRAND";"0,3";"KG";"2,12";"7,07";"0";"0";"0";"2,12";"8021851600203";"HRANA"
"TARTAR UMAK 260g";"910149901";"SUNNY NATURE";"0,26";"KG";"1,39";"5,35";"0";"0";"0";"1,39";"8017596130990";"HRANA"
"TARTAR UMAK TUBA 165g";"900469501";"SUNNY NATURE";"0,165";"KG";"1,29";"7,82";"0";"0";"0";"1,29";"8017596112224";"HRANA"
"TEK.SAP. VERBENA/ORHIDEJA REFIL 1lt";"018202401";"NEAR YOUR XXX";"1";"LT";"1,59";"1,59";"0";"0";"0";"1,59";"8017596135285";"KOZMETIKA"
"TEK.SAP. VERBENA/ORHIDEJA REFIL 1lt";"018202401";"NEAR YOUR XXX";"1";"LT";"1,59";"1,59";"0";"0";"0";"1,59";"8017596135278";"KOZMETIKA"
"TEK.SAPUN INTIMNA NJEGU KAMIL.300ml";"013362801";"FIOR DI MAGNOLIA";"0,3";"LT";"1,29";"4,3";"0";"0";"0";"1,39";"8017596066541";"KOZMETIKA"
"TEK.SAPUN INTIMNA NJEGU KAMIL.300ml";"013362801";"FIOR DI MAGNOLIA";"0,3";"LT";"1,29";"4,3";"0";"0";"0";"1,39";"8017596014115";"KOZMETIKA"
"TEK.SAPUN INTIMNA NJEGU KAMIL.300ml";"018427101";"FIOR DI MAGNOLIA";"0,3";"LT";"1,29";"4,3";"0";"0";"0";"1,29";"8017596137210";"KOZMETIKA"
"TEK.SAPUN INTIMNA NJEGU KAMIL.300ml";"018427101";"FIOR DI MAGNOLIA";"0,3";"LT";"1,29";"4,3";"0";"0";"0";"1,29";"8017596137227";"KOZMETIKA"
"TEK.SAPUN ZA INTIMNU NJEGU 500ml";"017337801";"FIOR DI MAGNOLIA";"0,5";"LT";"1,49";"2,98";"0";"0";"0";"1,49";"8017596072986";"KOZMETIKA"
"TEK.SAPUN.ARGAN/ALOE REFI 2l";"018427201";"NEAR YOUR XXX";"2";"LT";"2,99";"1,5";"0";"0";"0";"2,99";"8017596137173";"KOZMETIKA"
"TEK.SAPUN.ARGAN/ALOE REFI 2l";"018427201";"NEAR YOUR XXX";"2";"LT";"2,99";"1,5";"0";"0";"0";"2,99";"8017596137180";"KOZMETIKA"
"TEK.ZA SKIDANJE ŠMINKE DVOFAZ.150ml";"014456801";"FIOR DI MAGNOLIA";"0,15";"LT";"1,95";"13";"0";"0";"0";"1,95";"8017596017840";"KOZMETIKA"
"TEK.ZA ÈIŠÆENJE PERIL. POSUÐA 250ml";"017558301";"DEXAL";"0,25";"LT";"1,49";"5,96";"0";"0";"0";"1,49";"8017596019905";"SREDSTVA ZA ÈIŠÆENJE"
"TEKUÆI JOGURT 3,2% m.m. 1kg";"900388601";"LAND";"1";"KG";"1,89";"1,89";"0";"0";"0";"1,89";"3831051012752";"HRANA"
"TEKUÆI JOGURT 3,2% m.m. 1kg";"900388601";"LAND";"1";"KG";"1,89";"1,89";"0";"0";"0";"1,89";"3831051014459";"HRANA"
"TEKUÆI JOGURT 3,2% m.m. 1kg";"900388601";"LAND";"1";"KG";"1,89";"1,89";"0";"0";"0";"1,89";"8017596132123";"HRANA"
"TEKUÆI JOGURT JAGODA 1kg PET";"900491301";"LAND";"1";"KG";"1,99";"1,99";"0";"0";"0";"1,99";"3831051015968";"HRANA"
"TEKUÆI JOGURT JAGODA 1kg PET";"900491301";"LAND";"1";"KG";"1,99";"1,99";"0";"0";"0";"1,99";"8017596132086";"HRANA"
"TEKUÆI JOGURT ŠUMSKO VOÆE 1l PET";"900491201";"LAND";"1";"KG";"1,99";"1,99";"0";"0";"0";"1,99";"3831051015982";"HRANA"
"TEKUÆI JOGURT ŠUMSKO VOÆE 1l PET";"900491201";"LAND";"1";"KG";"1,99";"1,99";"0";"0";"0";"1,99";"8017596132079";"HRANA"
"TEKUÆI PUDER/BRONZER VIŠE 30ml";"017459101";"FIOR DI MAGNOLIA";"0,03";"LT";"4,69";"156,33";"0";"0";"0";"4,69";"8017596018106";"KOZMETIKA"
"TEKUÆI PUDER/BRONZER VIŠE 30ml";"017459101";"FIOR DI MAGNOLIA";"0,03";"LT";"4,69";"156,33";"0";"0";"0";"4,69";"8017596018113";"KOZMETIKA"
"TEKUÆI PUDER/BRONZER VIŠE 30ml";"017459101";"FIOR DI MAGNOLIA";"0,03";"LT";"4,69";"156,33";"0";"0";"0";"4,69";"8017596018120";"KOZMETIKA"
"TEKUÆI PUDER/BRONZER VIŠE 30ml";"017459101";"FIOR DI MAGNOLIA";"0,03";"LT";"4,69";"156,33";"0";"0";"0";"4,69";"8017596018090";"KOZMETIKA"
"TEKUÆINA ZA ISPIRA.USTA MENTA 500ml";"018598601";"WHITE & FRESH";"0,5";"LT";"1,45";"2,9";"0";"0";"0";"1,45";"8017596138194";"KOZMETIKA"
"TEKUÆINA ZA ODÈEPLJIVANJE ODVODA 1l";"009898301";"DEXAL";"1";"LT";"1,49";"1,49";"0";"0";"0";"1,49";"8017596004031";"SREDSTVA ZA ÈIŠÆENJE"
"TEKUèI SAPUN S PUMPICOM VIŠE.VR. 1l";"018105901";"NEAR YOUR XXX";"1";"LT";"1,69";"1,69";"0";"0";"0";"1,69";"8017596134400";"KOZMETIKA"
"TEKUèI SAPUN S PUMPICOM VIŠE.VR. 1l";"018105901";"NEAR YOUR XXX";"1";"LT";"1,69";"1,69";"0";"0";"0";"1,69";"8017596134394";"KOZMETIKA"
"TELECI BUT BK";"070037701";"NO BRAND";"1";"KG";"17,49";"17,49";"0";"0";"0";"15,99";"";"HRANA"
"TELECI BUT RUŽA BK";"070210901";"NO BRAND";"1";"KG";"16,99";"16,99";"0";"0";"0";"16,49";"";"HRANA"
"TELETINA ZA PEÈENJE";"070038201";"NO BRAND";"1";"KG";"9,99";"9,99";"0";"0";"0";"9,99";"";"HRANA"
"TELEÆA JETRA";"910185901";"NO BRAND";"1";"KG";"14,52";"14,52";"0";"0";"0";"14,52";"";"HRANA"
"TELEÆA KOLJENICA SK";"070038501";"NO BRAND";"1";"KG";"10,49";"10,49";"0";"0";"0";"10,99";"";"HRANA"
"TELEÆA LEÐA SK BF U CHILI MARINADI";"070204201";"NO BRAND";"1";"KG";"15,39";"15,39";"0";"0";"0";"15,39";"";"HRANA"
"TELEÆA LEÐA SK BF U MEDIT.MARINADI";"070204301";"NO BRAND";"1";"KG";"15,39";"15,39";"0";"0";"0";"15,39";"";"HRANA"
"TELEÆA LOPATICA B.K.";"070037801";"NO BRAND";"1";"KG";"13,99";"13,99";"0";"0";"0";"13,99";"";"HRANA"
"TELEÆA LOPATICA SK";"070073201";"NO BRAND";"1";"KG";"9,99";"9,99";"0";"0";"0";"8,49";"";"HRANA"
"TELEÆA POTKOLJENICA VP";"910091501";"NO BRAND";"1";"KG";"14,52";"14,52";"0";"0";"0";"14,52";"";"HRANA"
"TELEÆA PRSA,REBRA I POTRBUŠINA SK";"014993701";"NO BRAND";"1";"KG";"11,16";"11,16";"0";"0";"0";"11,16";"";"HRANA"
"TELEÆA REBRA U CHILI MARINADI";"070030201";"NO BRAND";"1";"KG";"9,99";"9,99";"0";"0";"0";"9,49";"";"HRANA"
"TELEÆA REBRA U MEDITERAN MARINADI";"070203901";"NO BRAND";"1";"KG";"9,99";"9,99";"0";"0";"0";"9,49";"";"HRANA"
"TELEÆA REBRA/PRSA/FLAM";"070038001";"NO BRAND";"1";"KG";"9,99";"9,99";"0";"0";"0";"8,59";"";"HRANA"
"TELEÆA ROŠTILJ KOBASICA";"070209301";"NO BRAND";"1";"KG";"11,49";"11,49";"0";"0";"0";"9,99";"";"HRANA"
"TELEÆA SLABINA I LEDA SK BF";"012452001";"NO BRAND";"1";"KG";"17,28";"17,28";"0";"0";"0";"17,28";"";"HRANA"
"TELEÆA SLABINA I LEÐA SK BF";"070037301";"NO BRAND";"1";"KG";"17,99";"17,99";"0";"0";"0";"14,99";"";"HRANA"
"TELEÆA SLABINA I LEÐA SK PANIRANA";"070202501";"NO BRAND";"1";"KG";"18,49";"18,49";"0";"0";"0";"15,49";"";"HRANA"
"TELEÆE KOSTI";"070097401";"NO BRAND";"1";"KG";"2,99";"2,99";"0";"0";"0";"2,99";"";"HRANA"
"TELEÆE LOPATICA BK";"011398901";"NO BRAND";"1";"KG";"16,51";"16,51";"0";"0";"0";"16,51";"";"HRANA"
"TELEÆE LOPATICA SK BEZ KOLJENICE";"005734201";"NO BRAND";"1";"KG";"11,16";"11,16";"0";"0";"0";"11,16";"";"HRANA"
"TELEÆE MESO 80/20";"910140001";"NO BRAND";"1";"KG";"11,16";"11,16";"0";"0";"0";"11,16";"";"HRANA"
"TELEÆE MLJEVENO MESO";"070010901";"NO BRAND";"1";"KG";"10,99";"10,99";"0";"0";"0";"9,89";"";"HRANA"
"TELEÆE TRIPICE";"070209801";"NO BRAND";"1";"KG";"7,99";"7,99";"0";"0";"0";"7,99";"";"HRANA"
"TELEÆE TRIPICE VP";"910151401";"NO BRAND";"1";"KG";"8,33";"8,33";"0";"0";"0";"8,33";"";"HRANA"
"TELEÆI BURGER (2x125g) 250g";"910185201";"NO BRAND";"0,25";"KG";"4,39";"17,56";"0";"0";"0";"4,39";"8718767011314";"HRANA"
"TELEÆI BUT BK";"012217801";"NO BRAND";"1";"KG";"18,96";"18,96";"0";"0";"0";"18,96";"";"HRANA"
"TELEÆI BUT BK PANIRANI ODREZAK";"070202401";"NO BRAND";"1";"KG";"14,69";"14,69";"0";"0";"0";"14,69";"";"HRANA"
"TELEÆI BUT ODREZAK 450g";"910035201";"NO BRAND";"0,45";"KG";"14,73";"32,73";"0";"0";"0";"14,73";"3858890180886";"HRANA"
"TELEÆI ODREZ.U MARIN.TARTUFA 150g.";"910074701";"NO BRAND";"0,15";"KG";"5,29";"35,27";"0";"0";"0";"3,79";"8718767009120";"HRANA"
"TELEÆI OSSOBUCO";"070206001";"NO BRAND";"1";"KG";"15,89";"15,89";"0";"0";"0";"12,99";"";"HRANA"
"TELEÆI ROLANI FLAM";"070206501";"NO BRAND";"1";"KG";"11,49";"11,49";"0";"0";"0";"10,99";"";"HRANA"
"TELEÆI T-BONE 350g";"910218601";"NO BRAND";"0,35";"KG";"14,49";"41,4";"0";"0";"0";"14,49";"3800173302706";"HRANA"
"TELEÆI VRAT S.K";"070038301";"NO BRAND";"1";"KG";"9,99";"9,99";"7,99";"7,99";"9,99";"8,39";"";"HRANA"
"TELEÆI VRAT SK";"011918301";"NO BRAND";"1";"KG";"11,16";"11,16";"0";"0";"0";"11,16";"";"HRANA"
"TEMELJAC OD MESA ZA JUHU 1l";"014936901";"DON JEREZ";"1";"LT";"1,29";"1,29";"0";"0";"0";"1,29";"8017596103024";"HRANA"
"TEMELJAC U ŽELATINI GOVEÐI 112g";"910026501";"DON JEREZ";"0,112";"KG";"1,19";"10,63";"0";"0";"0";"1,19";"8017596111807";"HRANA"
"TEMELJAC U ŽELATINI PILEÆI 112g";"910026601";"DON JEREZ";"0,112";"KG";"1,19";"10,63";"0,89";"7,95";"0,89";"1,19";"8017596111791";"HRANA"
"TEMELJAC U ŽELATINI POVRTNI 112g";"910026401";"DON JEREZ";"0,112";"KG";"1,19";"10,63";"0";"0";"0";"1,19";"8017596111814";"HRANA"
"TERANINO 0.5l";"910205001";"NO BRAND";"0,5";"LT";"8,99";"17,98";"0";"0";"0";"8,99";"3858891544915";"PIÆE"
"TERMO PLASTIÈNA VREÈICA 51X49+20cm";"018336501";"NO BRAND";"1";"PZ";"0,89";"0,89";"0";"0";"0";"1,06";"8017596060167";"PROIZVODI ZA KUÆANSTVO"
"TEST ZA TRUDNOÆU";"016192901";"LA NUOVA PHARMACIA";"1";"PZ";"3,32";"3,32";"0";"0";"0";"3,32";"8017596056931";"KOZMETIKA"
"TIKVA BUTTERNUT KOCKE 350g";"080609501";"NO BRAND";"0,35";"KG";"1,89";"5,4";"0";"0";"0";"1,89";"3858893250777";"HRANA"
"TIKVA BUTTERNUT rfz";"080213501";"NO BRAND";"1";"KG";"1,29";"1,29";"0";"0";"0";"1,49";"";"HRANA"
"TIKVA HOKAIDO rfz";"080468501";"NO BRAND";"1";"KG";"1,29";"1,29";"0";"0";"0";"1,09";"";"HRANA"
"TIKVICA";"014305101";"NO BRAND";"1";"PZ";"0,59";"0,59";"0";"0";"0";"0,59";"8001553802860";"HRANA"
"TIKVICA";"014305201";"NO BRAND";"1";"PZ";"0,59";"0,59";"0";"0";"0";"0,59";"8001553828617";"HRANA"
"TIKVICA";"014305301";"NO BRAND";"1";"PZ";"0,59";"0,59";"0";"0";"0";"0,59";"8001553828624";"HRANA"
"TIKVICE rfz";"080062402";"NO BRAND";"1";"KG";"1,69";"1,69";"0";"0";"0";"1,59";"";"HRANA"
"TIRAMISU 500g";"011241401";"DOLCIANDO";"0,5";"KG";"3,99";"7,98";"0";"0";"0";"3,99";"8017596055750";"HRANA"
"TIRAMISU 500g";"011241401";"DOLCIANDO";"0,5";"KG";"3,99";"7,98";"0";"0";"0";"3,99";"8017596073488";"HRANA"
"TIROLSKA KOBASICA .  400g";"900351701";"MEAT APPETIT";"0,4";"KG";"2,39";"5,98";"0";"0";"0";"2,42";"3830011820451";"HRANA"
"TIROLSKA KOBASICA .  400g";"900351701";"MEAT APPETIT";"0,4";"KG";"2,39";"5,98";"0";"0";"0";"2,42";"8017596129925";"HRANA"
"TJE. DITALINI RIGATI B/GLUTENA 500g";"014717601";"AMO ESSERE SENZA GLUTINE";"0,5";"KG";"1,89";"3,78";"0";"0";"0";"1,89";"8017596101662";"HRANA"
"TJE. SPAGHETTI BEZ GLUTENA 500g";"013453503";"AMO ESSERE SENZA GLUTINE";"0,5";"KG";"1,89";"3,78";"0";"0";"0";"1,89";"8017596071842";"HRANA"
"TJE.CONCHIGLIETTE RIGATE JUHA 500g";"013512401";"TRE MULINI";"0,5";"KG";"0,99";"1,98";"0";"0";"0";"0,99";"8017596015334";"HRANA"
"TJE.INTE.PENNE RIGATE BRONZO 500g";"017738401";"TRE MULINI";"0,5";"KG";"0,99";"1,98";"0";"0";"0";"0,99";"8017596131263";"HRANA"
"TJE.INTEGR.SPAGHETTI BRONZO 500g";"017738301";"TRE MULINI";"0,5";"KG";"0,99";"1,98";"0";"0";"0";"0,99";"8017596131270";"HRANA"
"TJE.INTEGRALNA FARFALLE BRONZO 500g";"017738501";"TRE MULINI";"0,5";"KG";"0,99";"1,98";"0";"0";"0";"0,99";"8017596131256";"HRANA"
"TJE.PENNE RIGATE BEZ GLUTENA 500g";"013453502";"AMO ESSERE SENZA GLUTINE";"0,5";"KG";"1,89";"3,78";"0";"0";"0";"1,89";"8017596071866";"HRANA"
"TJESTENI. BRONÈANA FUSSILI BIO 500g";"016089301";"AMO ESSERE BIO";"0,5";"KG";"1,19";"2,38";"0";"0";"0";"1,19";"8017596112163";"HRANA"
"TJESTENI. BRONÈANA SPAGHETTI BIO 50";"016089201";"AMO ESSERE BIO";"0,5";"KG";"1,19";"2,38";"0";"0";"0";"1,19";"8017596112170";"HRANA"
"TJESTENINA 4 SIRA 160g";"900464001";"EAT EASY AND TASTY";"0,16";"KG";"1,49";"9,31";"0";"0";"0";"1,49";"8017596108845";"HRANA"
"TJESTENINA BAVETTE 500g";"003959417";"TRE MULINI";"0,5";"KG";"0,89";"1,78";"0";"0";"0";"0,89";"8017596005984";"HRANA"
"TJESTENINA BUCATINI 500g";"003959420";"TRE MULINI";"0,5";"KG";"0,89";"1,78";"0";"0";"0";"0,89";"8017596005991";"HRANA"
"TJESTENINA CARBONARA 160g";"900464101";"EAT EASY AND TASTY";"0,16";"KG";"1,49";"9,31";"0";"0";"0";"1,49";"8017596108852";"HRANA"
"TJESTENINA DITALI GRANDI 500g";"013516901";"TRE MULINI";"0,5";"KG";"0,89";"1,78";"0";"0";"0";"0,89";"8017596010599";"HRANA"
"TJESTENINA FARFALLE 500g";"018116401";"TRE MULINI";"0,5";"KG";"0,89";"1,78";"0";"0";"0";"0,89";"8017596072153";"HRANA"
"TJESTENINA FUSILLI 1kg";"013529501";"TRE MULINI";"1";"KG";"1,49";"1,49";"0";"0";"0";"1,49";"8017596005830";"HRANA"
"TJESTENINA FUSILLI BEZ GLUTENA 500g";"013453501";"AMO ESSERE SENZA GLUTINE";"0,5";"KG";"1,89";"3,78";"0";"0";"0";"1,89";"8017596071859";"HRANA"
"TJESTENINA FUSILLI BRONZO 500g";"016051401";"TRE MULINI";"0,5";"KG";"1,19";"2,38";"0";"0";"0";"1,19";"8017596110565";"HRANA"
"TJESTENINA GNOCC.SARDI BRONZO 500g";"016451701";"TRE MULINI";"0,5";"KG";"1,19";"2,38";"0";"0";"0";"1,19";"8017596112538";"HRANA"
"TJESTENINA KRPICE S JAJIMA 500g";"900540901";"NO BRAND";"0,5";"KG";"1,29";"2,58";"0";"0";"0";"1,29";"3831001819929";"HRANA"
"TJESTENINA MAŠNICE ZA JUHU 500g";"014878501";"TRE MULINI";"0,5";"KG";"0,89";"1,78";"0";"0";"0";"0,89";"8017596006035";"HRANA"
"TJESTENINA MINI PUŽIÆI 500G";"900580901";"TRE MULINI";"0,5";"KG";"0,89";"1,78";"0";"0";"0";"0,89";"8017596103369";"HRANA"
"TJESTENINA PENNE RIGATE 1kg";"007033101";"TRE MULINI";"1";"KG";"1,49";"1,49";"0";"0";"0";"1,49";"8017596052582";"HRANA"
"TJESTENINA PENNE RIGATE 5kg";"014902601";"TRE MULINI";"5";"KG";"6,99";"1,4";"0";"0";"0";"6,99";"8017596102096";"HRANA"
"TJESTENINA PENNE RIGATE BRONZO 500G";"016052601";"TRE MULINI";"0,5";"KG";"1,19";"2,38";"0";"0";"0";"1,19";"8017596110541";"HRANA"
"TJESTENINA PENNE RIGATE P.P. 1kg";"013048701";"NO BRAND";"1";"KG";"1,39";"1,39";"0";"0";"0";"1,39";"8017596072047";"HRANA"
"TJESTENINA PIPE RIGATE 500g";"009520501";"TRE MULINI";"0,5";"KG";"0,89";"1,78";"0";"0";"0";"0,89";"8017596006103";"HRANA"
"TJESTENINA PUŽIÈI 500G";"900581001";"NO BRAND";"0,5";"KG";"0,89";"1,78";"0";"0";"0";"0,89";"8017596103376";"HRANA"
"TJESTENINA RAJÈICE I SIR 160g";"900541801";"EAT EASY AND TASTY";"0,16";"KG";"1,49";"9,31";"0";"0";"0";"1,49";"8017596128102";"HRANA"
"TJESTENINA REZANCI OD ŠPINATA 500g";"900493701";"NO BRAND";"0,5";"KG";"1,79";"3,58";"0";"0";"0";"1,69";"3831001819554";"HRANA"
"TJESTENINA RIBANA KAŠA 500g";"900538601";"NO BRAND";"0,5";"KG";"1,69";"3,38";"0";"0";"0";"1,59";"3831001819912";"HRANA"
"TJESTENINA S JAJIMA FIDELINI 500g";"900531401";"NO BRAND";"0,5";"KG";"1,59";"3,18";"0";"0";"0";"1,59";"3831001819899";"HRANA"
"TJESTENINA S JAJIMA FILINI 250g";"011699801";"TRE MULINI";"0,25";"KG";"0,89";"3,56";"0";"0";"0";"0,89";"8017596008602";"HRANA"
"TJESTENINA S JAJIMA GRATTINI 250g";"011693701";"TRE MULINI";"0,25";"KG";"0,89";"3,56";"0";"0";"0";"0,89";"8017596008596";"HRANA"
"TJESTENINA S JAJIMA MAŠNICE 250g";"016722201";"TRE MULINI";"0,25";"KG";"0,89";"3,56";"0";"0";"0";"0,89";"8017596117168";"HRANA"
"TJESTENINA S JAJIMA REZANCI 250g";"016777301";"TRE MULINI";"0,25";"KG";"1,19";"4,76";"0";"0";"0";"1,19";"8017596117144";"HRANA"
"TJESTENINA S JAJIMA TAGLIERINI 250g";"016773301";"TRE MULINI";"0,25";"KG";"1,19";"4,76";"0";"0";"0";"1,19";"8017596117267";"HRANA"
"TJESTENINA S JAJIMA ŠKOLJKICE 250g";"016778101";"TRE MULINI";"0,25";"KG";"0,89";"3,56";"0";"0";"0";"0,89";"8017596117151";"HRANA"
"TJESTENINA SPAGHETTI 1kg";"013529201";"TRE MULINI";"1";"KG";"1,49";"1,49";"0";"0";"0";"1,49";"8017596005908";"HRANA"
"TJESTENINA SPAGHETTI 5kg";"014902701";"TRE MULINI";"5";"KG";"6,99";"1,4";"0";"0";"0";"6,99";"8017596102102";"HRANA"
"TJESTENINA SPAGHETTI P.P. 1kg";"013048601";"NO BRAND";"1";"KG";"1,39";"1,39";"0";"0";"0";"1,39";"8017596072030";"HRANA"
"TJESTENINA SPAGHETTINI 500g";"003959419";"TRE MULINI";"0,5";"KG";"0,89";"1,78";"0";"0";"0";"0,89";"8017596006141";"HRANA"
"TJESTENINA SVINUTI PUŽIÆI 500G";"900581101";"TRE MULINI";"0,5";"KG";"0,89";"1,78";"0";"0";"0";"0,89";"8017596102133";"HRANA"
"TJESTENINA TAGLIATELLE DURUM 500g";"015768801";"TRE MULINI";"0,5";"KG";"1,29";"2,58";"0";"0";"0";"1,29";"8017596054197";"HRANA"
"TJESTENINA TORTIGLIONI 1kg";"007032901";"TRE MULINI";"1";"KG";"1,49";"1,49";"1,04";"1,04";"1,49";"1,49";"8017596005953";"HRANA"
"TJESTENINA TORTIGLIONI BRONZO 500g";"016052101";"TRE MULINI";"0,5";"KG";"1,19";"2,38";"0";"0";"0";"1,19";"8017596110558";"HRANA"
"TJESTENINA VALOVITI REZANCI BR.500g";"016469701";"TRE MULINI";"0,5";"KG";"1,29";"2,58";"0";"0";"0";"1,29";"8017596112613";"HRANA"
"TJESTENINA ZA DJECU BIO 350g";"017555201";"PRIME PAPPE";"0,35";"KG";"0,99";"2,83";"0";"0";"0";"0,99";"8017596127655";"HRANA"
"TJESTENINA ZVIJEZDICE BIO 350g";"013656201";"PRIME PAPPE";"0,35";"KG";"0,99";"2,83";"0";"0";"0";"0,99";"8017596073501";"HRANA"
"TJESTENINA ZVJEZDICE 500g";"014878001";"TRE MULINI";"0,5";"KG";"0,89";"1,78";"0";"0";"0";"0,89";"8017596072184";"HRANA"
"TJESTENINA ŠPAGETI BRONZO 500g";"016052201";"TRE MULINI";"0,5";"KG";"0,99";"1,98";"0";"0";"0";"0,99";"8017596110572";"HRANA"
"TLAÈENICA 400g";"910017001";"NO BRAND";"0,4";"KG";"2,69";"6,73";"0";"0";"0";"2,69";"3838876021532";"HRANA"
"TOA. PAP. KAM. FIORITA 4S,150L,6R ";"014060601";"SOFT DREAM";"1";"PZ";"2,09";"2,09";"0";"0";"0";"2,09";"8017596074775";"TOALETNE POTREPŠTINE"
"TOALETNI PAP. MIR. KAM. 3 S,300L,6R";"014860501";"SOFT DREAM";"1";"PZ";"3,69";"3,69";"0";"0";"0";"3,89";"8017596102812";"TOALETNE POTREPŠTINE"
"TOALETNI PAP. MIR. KAM. 3 S,300L,6R";"014860501";"SOFT DREAM";"1";"PZ";"3,69";"3,69";"0";"0";"0";"3,89";"8018426666108";"TOALETNE POTREPŠTINE"
"TOALETNI PAPIR 2S, 150L, 12R";"016764401";"SOFT DREAM";"1";"PZ";"3,19";"3,19";"0";"0";"0";"3,19";"8017596106292";"TOALETNE POTREPŠTINE"
"TOALETNI PAPIR 3 S, 118 L, 10 R";"910079301";"SOFT DREAM";"1";"PZ";"2,19";"2,19";"0";"0";"0";"2,19";"8017596118653";"TOALETNE POTREPŠTINE"
"TOALETNI PAPIR 3 S, 180L, 12R";"011323801";"SOFT DREAM";"1";"PZ";"3,19";"3,19";"0";"0";"0";"3,19";"8017596018717";"TOALETNE POTREPŠTINE"
"TOALETNI PAPIR DUGI 2S,600L,4R";"011373801";"SOFT DREAM";"1";"PZ";"2,99";"2,99";"0";"0";"0";"2,99";"8017596004482";"TOALETNE POTREPŠTINE"
"TOALETNI PAPIR MEKAN 2S,170L,20R";"014025101";"SOFT DREAM";"1";"PZ";"4,99";"4,99";"0";"0";"0";"4,99";"8017596074782";"TOALETNE POTREPŠTINE"
"TOALETNI PAPIR RECIK.ECO 2S,300L,4R";"016815301";"AMO ESSERE ECO";"1";"PZ";"1,99";"1,99";"0";"0";"0";"1,99";"8017596106308";"TOALETNE POTREPŠTINE"
"TOALETNI PAPIR VLAŽNI 60 M 4kom";"910155001";"NO BRAND";"1";"PZ";"3,79";"3,79";"0";"0";"0";"3,69";"3859890063988";"TOALETNE POTREPŠTINE"
"TOALETNI PAPIR VLAŽNI 60kom";"910193401";"NO BRAND";"1";"PZ";"0,99";"0,99";"0";"0";"0";"0,99";"3859890063971";"TOALETNE POTREPŠTINE"
"TOAST KRUH 330g";"008273201";"TRE MULINI";"0,33";"KG";"0,79";"2,39";"0";"0";"0";"0,79";"8017596004970";"HRANA"
"TOAST KRUH BUTTER 500g";"900465401";"TRE MULINI";"0,5";"KG";"1,55";"3,1";"0";"0";"0";"1,55";"8017596110510";"HRANA"
"TOAST KRUH CLASSIC 500g";"900465301";"TRE MULINI";"0,5";"KG";"1,19";"2,38";"0";"0";"0";"1,19";"8017596110497";"HRANA"
"TOAST KRUH INTEGRAL 500g";"900465501";"TRE MULINI";"0,5";"KG";"1,39";"2,78";"0";"0";"0";"1,39";"8017596110503";"HRANA"
"TONIK ZA URAVNOT.KOŽU BIO ECO 150ml";"014361501";"AMO ESSERE ECO";"0,15";"LT";"1,89";"12,6";"0";"0";"0";"1,89";"8017596077837";"KOZMETIKA"
"TOPLJENI SIR S FEFERONIMA 8kom 140g";"910010001";"NO BRAND";"0,14";"KG";"1,69";"12,07";"0";"0";"0";"1,69";"3858888598365";"HRANA"
"TOPLJENI SIR SA ŠUNKOM 8 kom 140g";"910010002";"NO BRAND";"0,14";"KG";"1,69";"12,07";"0";"0";"0";"1,69";"3858888598334";"HRANA"
"TORBA S PLAST.RUÈKOM ZA KOLICA 1kom";"016558702";"NO BRAND";"1";"PZ";"3,99";"3,99";"0";"0";"0";"3,99";"";"PROIZVODI ZA KUÆANSTVO"
"TORBA ZA KUPNJU 85% RECIKLIRANA";"016726301";"NO BRAND";"1";"PZ";"1,19";"1,19";"0";"0";"0";"1,19";"8017596117977";"PROIZVODI ZA KUÆANSTVO"
"TORBA ZA KUPNJU PAPIR 100% REC 200k";"016304601";"NO BRAND";"1";"PZ";"0,29";"0,29";"0";"0";"0";"0,29";"8017596078230";"PROIZVODI ZA KUÆANSTVO"
"TORBA ZA KUPNJU PP SKLOPIVA";"017686501";"NO BRAND";"1";"PZ";"0,99";"0,99";"0";"0";"0";"0,99";"8017596216090";"PROIZVODI ZA KUÆANSTVO"
"TORBA ZA KUPOVINU PAMUK FAIR TRADE";"016647601";"NO BRAND";"1";"PZ";"1,99";"1,99";"0";"0";"0";"1,99";"8017596115973";"PROIZVODI ZA KUÆANSTVO"
"TORNADO MIX 400g.";"910204901";"NO BRAND";"0,4";"KG";"3,49";"8,73";"0";"0";"0";"3,49";"3858893922469";"HRANA"
"TORRONCINI PUNJENI 130g";"015772301";"DM DUCA MOSCATI";"0,13";"KG";"1,79";"13,77";"0";"0";"0";"1,69";"8017596108302";"HRANA"
"TORRONCINI S BADEMIMA 130g";"015772401";"DM DUCA MOSCATI";"0,13";"KG";"1,69";"13";"0";"0";"0";"1,69";"8017596108296";"HRANA"
"TORRONCINI S BADEMIMA 130g";"015773501";"DM DUCA MOSCATI";"0,13";"KG";"1,99";"15,31";"0";"0";"0";"1,99";"8017596108326";"HRANA"
"TORRONCINI VISE VRSTA  180G";"018654701";"DM DUCA MOSCATI";"0,18";"KG";"2,99";"16,61";"0";"0";"0";"2,99";"8017596139450";"HRANA"
"TORRONE S BADEMIMA 200g";"016380501";"DM DUCA MOSCATI";"0,2";"KG";"2,99";"14,95";"0";"0";"0";"2,49";"8017596115133";"HRANA"
"TORRONE S BADEMIMA 200g";"016380701";"DM DUCA MOSCATI";"0,2";"KG";"2,59";"12,95";"0";"0";"0";"2,49";"8017596115140";"HRANA"
"TORRONE S LJEŠNJAKOM 200g";"016381001";"DM DUCA MOSCATI";"0,2";"KG";"2,29";"11,45";"0";"0";"0";"1,99";"8017596115157";"HRANA"
"TORTA BELGIJSKA 800g";"910198601";"DOLCIANDO";"0,8";"KG";"9,99";"12,49";"0";"0";"0";"9,99";"8017596044846";"HRANA"
"TORTA CROSTATA MARELICA 500g";"012119501";"DOLCIANDO";"0,5";"KG";"2,99";"5,98";"0";"0";"0";"2,99";"8017596065667";"HRANA"
"TORTA KREM BOROVNICA 800g";"910198901";"DOLCIANDO";"0,8";"KG";"9,99";"12,49";"0";"0";"0";"9,99";"8017596044853";"HRANA"
"TORTA KREMA LIMUN 650g";"011924501";"DOLCIANDO";"0,65";"KG";"4,89";"7,52";"0";"0";"0";"4,89";"8017596065940";"HRANA"
"TORTA KREMA LIMUN 650g";"011924501";"DOLCIANDO";"0,65";"KG";"4,89";"7,52";"0";"0";"0";"4,89";"8001865000534";"HRANA"
"TORTA MAÐARICA SRCE 500g.";"910133101";"NO BRAND";"0,5";"KG";"7,99";"15,98";"0";"0";"0";"7,99";"3858894680832";"HRANA"
"TORTA MEDENA 800g";"910198801";"DOLCIANDO";"0,8";"KG";"9,99";"12,49";"0";"0";"0";"9,99";"8017596044860";"HRANA"
"TORTA OD JABUKA 150g";"910123201";"NO BRAND";"0,15";"KG";"1,72";"11,47";"0";"0";"0";"1,72";"5413476975799";"HRANA"
"TORTA RAFFAELLO 800g S&G";"910217201";"NO BRAND";"0,8";"KG";"9,99";"12,49";"0";"0";"0";"9,99";"3830056445541";"HRANA"
"TORTA RED VELVET 800g";"910198701";"DOLCIANDO";"0,8";"KG";"9,99";"12,49";"0";"0";"0";"9,99";"8017596044877";"HRANA"
"TORTA TIRAMISU 400g";"012078701";"DOLCIANDO";"0,4";"KG";"2,39";"5,98";"0";"0";"0";"2,39";"8017596065643";"HRANA"
"TORTA ÈOKOLADNA 400g";"012087101";"DOLCIANDO";"0,4";"KG";"2,39";"5,98";"0";"0";"0";"2,39";"8017596065650";"HRANA"
"TORTELLI RICOTTA I ŠPINAT 500g";"012091901";"TRE MULINI";"0,5";"KG";"2,35";"4,7";"0";"0";"0";"2,29";"8017596012371";"HRANA"
"TORTELLI RICOTTA I ŠPINAT 500g";"012091901";"TRE MULINI";"0,5";"KG";"2,35";"4,7";"0";"0";"0";"2,29";"8006515025660";"HRANA"
"TORTELLI S VRGANJIMA 500g";"008264201";"TRE MULINI";"0,5";"KG";"2,99";"5,98";"0";"0";"0";"2,99";"8011242120496";"HRANA"
"TORTELLI S VRGANJIMA 500g";"008264201";"TRE MULINI";"0,5";"KG";"2,99";"5,98";"0";"0";"0";"2,99";"8011242120342";"HRANA"
"TORTELLI S VRGANJIMA 500g";"008264201";"TRE MULINI";"0,5";"KG";"2,99";"5,98";"0";"0";"0";"2,99";"8017596012364";"HRANA"
"TORTELLINI S PRŠUTOM 500g";"009002901";"TRE MULINI";"0,5";"KG";"2,35";"4,7";"0";"0";"0";"2,35";"8017596015587";"HRANA"
"TORTELLONI RICOTTA I ŠPINAT 2x500g";"017725901";"NO BRAND";"1";"KG";"3,99";"3,99";"0";"0";"0";"3,99";"8017596011329";"HRANA"
"TORTELLONI RICOTTA I ŠPINAT 2x500g";"017725901";"NO BRAND";"1";"KG";"3,99";"3,99";"0";"0";"0";"3,99";"8033075800994";"HRANA"
"TORTICE PUNJENE JABUKAMA 200g";"018107501";"DOLCIANDO";"0,2";"KG";"1,39";"6,95";"0";"0";"0";"1,39";"8017596133991";"HRANA"
"TORTILJE 4 KOM 300g";"017189301";"TRE MULINI";"0,3";"KG";"1,19";"3,97";"0";"0";"0";"1,19";"8017596123596";"HRANA"
"TORTILLA 300g";"017934701";"MAMBO KIDS";"0,3";"KG";"1,79";"5,97";"0";"0";"0";"1,69";"8017596132840";"HRANA"
"TRAVA ZA MAÈKE";"014307501";"NO BRAND";"1";"PZ";"0,59";"0,59";"0";"0";"0";"0,59";"8001553807001";"HRANA"
"TRIPICE GOVEÐE 400g";"900410001";"NO BRAND";"0,4";"KG";"2,99";"7,48";"0";"0";"0";"2,89";"3856020218430";"HRANA"
"TRIS BUÐOLA,S. ŠUNKA,PEÈENICA 210g";"910145501";"MEAT APPETIT";"0,21";"KG";"5,49";"26,14";"0";"0";"0";"5,49";"8017596129291";"HRANA"
"TULJCI ZA ÈIŠÆENJE UŠIJU 2kom";"016191601";"LA NUOVA PHARMACIA";"1";"PZ";"1,99";"1,99";"0";"0";"0";"1,99";"8017596056962";"KOZMETIKA"
"TUNA KOMADIÆI U MASLI. ULJU 300g";"010622901";"ATHENA";"0,3";"KG";"3,79";"12,63";"0";"0";"0";"3,79";"8005850232320";"HRANA"
"TUNA KOMADIÆI U MASLI. ULJU 300g";"010622901";"ATHENA";"0,3";"KG";"3,79";"12,63";"0";"0";"0";"3,79";"8017596066947";"HRANA"
"TUNA S GRAHOM 2X160g";"009800201";"ATHENA";"0,32";"KG";"2,79";"8,72";"0";"0";"0";"2,69";"8017596051240";"HRANA"
"TUNA S GRAŠKOM 2X160g";"009800301";"ATHENA";"0,32";"KG";"2,79";"8,72";"0";"0";"0";"2,69";"8017596051233";"HRANA"
"TUNA SALATA KUKURUZ/GRAŠAK 2x160g";"017737901";"ATHENA";"0,32";"KG";"3,99";"12,47";"0";"0";"0";"3,99";"8017596130891";"HRANA"
"TUNA SALATA KUS KUS 2x160g";"017738001";"ATHENA";"0,32";"KG";"3,99";"12,47";"0";"0";"0";"3,99";"8017596130907";"HRANA"
"TUNA SALATA MEKSIÈKA 2x160g";"017737801";"ATHENA";"0,32";"KG";"3,99";"12,47";"0";"0";"0";"3,99";"8017596130884";"HRANA"
"TUNA U BILJNOM ILJU 1KG";"008129001";"NO BRAND";"1";"KG";"8,49";"8,49";"0";"0";"0";"8,49";"8412604987717";"HRANA"
"TUNA U BILJNOM ILJU 1KG";"008129001";"NO BRAND";"1";"KG";"8,49";"8,49";"0";"0";"0";"8,49";"8057502936476";"HRANA"
"TUNA U BILJNOM ILJU 1KG";"008129001";"NO BRAND";"1";"KG";"8,49";"8,49";"0";"0";"0";"8,49";"8017596115553";"HRANA"
"TUNA U BILJNOM ILJU 1KG";"008129001";"NO BRAND";"1";"KG";"8,49";"8,49";"0";"0";"0";"8,49";"8056364119973";"HRANA"
"TUNA U BILJNOM ILJU 1KG";"008129001";"NO BRAND";"1";"KG";"8,49";"8,49";"0";"0";"0";"8,49";"8001247000268";"HRANA"
"TUNA U BILJNOM ILJU 1KG";"008129001";"NO BRAND";"1";"KG";"8,49";"8,49";"0";"0";"0";"8,49";"8429583001525";"HRANA"
"TUNA U BILJNOM ILJU 1KG";"008129001";"NO BRAND";"1";"KG";"8,49";"8,49";"0";"0";"0";"8,49";"8429583000726";"HRANA"
"TUNA U BILJNOM ILJU 1KG";"008129001";"NO BRAND";"1";"KG";"8,49";"8,49";"0";"0";"0";"8,49";"8429583007145";"HRANA"
"TUNA U BILJNOM ILJU 1KG";"008129001";"NO BRAND";"1";"KG";"8,49";"8,49";"0";"0";"0";"8,49";"8429583000511";"HRANA"
"TUNA U BILJNOM ULJU 160g";"003142701";"ATHENA";"0,16";"KG";"1,79";"11,19";"0";"0";"0";"1,79";"8005850112035";"HRANA"
"TUNA U BILJNOM ULJU 160g";"003142701";"ATHENA";"0,16";"KG";"1,79";"11,19";"0";"0";"0";"1,79";"8005850112769";"HRANA"
"TUNA U BILJNOM ULJU 160g";"003142701";"ATHENA";"0,16";"KG";"1,79";"11,19";"0";"0";"0";"1,79";"8017596007834";"HRANA"
"TUNA U BILJNOM ULJU 4X80g";"016781301";"ATHENA";"0,32";"KG";"3,39";"10,59";"0";"0";"0";"3,39";"8017596014955";"HRANA"
"TUNA U BILJNOME ULJU 620g";"017834601";"ATHENA";"0,62";"KG";"5,99";"9,66";"0";"0";"0";"5,99";"8412604988035";"HRANA"
"TUNA U BILJNOME ULJU 620g";"017834601";"ATHENA";"0,62";"KG";"5,99";"9,66";"0";"0";"0";"5,99";"8017596015570";"HRANA"
"TUNA U BILJNOME ULJU 620g";"017834601";"ATHENA";"0,62";"KG";"5,99";"9,66";"0";"0";"0";"5,99";"8429583010947";"HRANA"
"TUNA U MASLINOVOM ULJU 160g";"008077401";"ATHENA";"0,16";"KG";"1,89";"11,81";"0";"0";"0";"1,89";"8017596004215";"HRANA"
"TUNA U MASLINOVOM ULJU 80g";"003112001";"ATHENA";"0,08";"KG";"0,99";"12,38";"0";"0";"0";"0,99";"8005850112424";"HRANA"
"TUNA U MASLINOVOM ULJU 80g";"003112001";"ATHENA";"0,08";"KG";"0,99";"12,38";"0";"0";"0";"0,99";"8005850113056";"HRANA"
"TUNA U MASLINOVOM ULJU 80g";"003112001";"ATHENA";"0,08";"KG";"0,99";"12,38";"0";"0";"0";"0,99";"8017596004208";"HRANA"
"TUNA U MASLINOVOM ULJU ŽP 160g";"008377101";"ONDINA";"0,16";"KG";"2,19";"13,69";"0";"0";"0";"2,19";"8017596004222";"HRANA"
"TUNA U MASLINOVOM ULJU ŽP 4X80g";"008434601";"ONDINA";"0,32";"KG";"4,39";"13,72";"0";"0";"0";"4,39";"8017596007865";"HRANA"
"TUNA U VLASTITOM SOKU 160g/112g";"003113801";"ATHENA";"0,112";"KG";"1,79";"15,98";"0";"0";"0";"1,79";"8005850112844";"HRANA"
"TUNA U VLASTITOM SOKU 160g/112g";"003113801";"ATHENA";"0,112";"KG";"1,79";"15,98";"0";"0";"0";"1,79";"8017596004239";"HRANA"
"TUNA U VLASTITOM SOKU 3X80g";"011548501";"ATHENA";"0,168";"KG";"2,65";"15,77";"1,85";"11,01";"2,65";"2,65";"8017596019103";"HRANA"
"TUNA ŽP U MASLINOVOM ULJU 12x80g";"900242801";"ONDINA";"0,96";"KG";"11,99";"12,49";"0";"0";"0";"11,99";"8017596055033";"HRANA"
"TUNA ŽUTOPERAJNA U MASLI.ULJU 3*60g";"016068401";"ONDINA";"0,18";"KG";"2,99";"16,61";"0";"0";"0";"2,99";"8017596113207";"HRANA"
"ULJE SUNCOKRETOVO 5l";"008764201";"COLLINA D'ORO";"5";"LT";"7,29";"1,46";"0";"0";"0";"7,29";"8017596052728";"HRANA"
"ULJE ZA KOSU 2 VRSTE 100ml";"013020301";"COLOR LOOK";"0,1";"LT";"3,49";"34,9";"0";"0";"0";"3,98";"8017596109538";"KOZMETIKA"
"ULJE ZA KOSU 2 VRSTE 100ml";"013020301";"COLOR LOOK";"0,1";"LT";"3,49";"34,9";"0";"0";"0";"3,98";"8017596069153";"KOZMETIKA"
"ULJE ZA KOSU 2 VRSTE 100ml";"013020301";"COLOR LOOK";"0,1";"LT";"3,49";"34,9";"0";"0";"0";"3,98";"8017596069160";"KOZMETIKA"
"ULJE ZA KOSU 2 VRSTE 100ml";"013020301";"COLOR LOOK";"0,1";"LT";"3,49";"34,9";"0";"0";"0";"3,98";"8017596102256";"KOZMETIKA"
"ULJE ZA KOSU 2 VRSTE 100ml";"013020301";"COLOR LOOK";"0,1";"LT";"3,49";"34,9";"0";"0";"0";"3,98";"8017596102263";"KOZMETIKA"
"ULJE ZA TIJELO 200ml";"014114301";"FIOR DI MAGNOLIA";"0,2";"LT";"3,19";"15,95";"0";"0";"0";"2,99";"8017596076151";"KOZMETIKA"
"ULOŠCI ZA OBUÆU AKTIVNI UGLJEN";"016195801";"LA NUOVA PHARMACIA";"1";"PZ";"1,29";"1,29";"0";"0";"0";"1,29";"8017596056863";"KOZMETIKA"
"ULOŠCI ZA OBUÆU MEMORIJSKA PJENA";"017783201";"LA NUOVA PHARMACIA";"1";"PZ";"1,49";"1,49";"0";"0";"0";"1,49";"8017596126733";"KOZMETIKA"
"ULOŠCI ZA OBUÆU MIRISNI";"016196101";"LA NUOVA PHARMACIA";"1";"PZ";"1,29";"1,29";"0";"0";"0";"1,19";"8017596056870";"KOZMETIKA"
"ULOŠCI ZA SLABU INK.SUPER 14kom";"014859701";"LA NUOVA PHARMACIA";"1";"PZ";"2,99";"2,99";"0";"0";"0";"2,99";"8017596101945";"KOZMETIKA"
"ULOŠCI ZA SLABU INKO.10kom";"017656701";"LA NUOVA PHARMACIA";"1";"PZ";"1,99";"1,99";"0";"0";"0";"1,99";"8017596101938";"KOZMETIKA"
"ULOŠCI ZA SLABU INKON. MINI 20kom";"017156401";"LA NUOVA PHARMACIA";"1";"PZ";"2,39";"2,39";"0";"0";"0";"2,39";"8017596121547";"KOZMETIKA"
"ULOŠCI ZA SLABU INKON. NORMAL 14kom";"017156601";"LA NUOVA PHARMACIA";"1";"PZ";"2,39";"2,39";"0";"0";"0";"2,39";"8017596101921";"KOZMETIKA"
"UMAK MORSKI PLODOVI 300g";"011283701";"ATHENA";"0,3";"KG";"3,19";"10,63";"0";"0";"0";"3,19";"8017596041463";"HRANA"
"UMAK RAGU 2x180g";"013405701";"DELIZIE DAL SOLE";"0,36";"KG";"2,29";"6,36";"0";"0";"0";"2,29";"8017596072191";"HRANA"
"UNGHERESE SALAMA 100g";"017223501";"FRESCHE FETTE";"0,1";"KG";"1,89";"18,9";"0";"0";"0";"1,89";"8017596070067";"HRANA"
"UNGHERESE SALAMA 150g";"011382101";"LA BOTTEGA DEL GUSTO";"0,15";"KG";"2,19";"14,6";"0";"0";"0";"2,19";"8017596007124";"HRANA"
"UNGHERESE SALAMA 350g";"010754701";"LA BOTTEGA DEL GUSTO";"0,35";"KG";"4,49";"12,83";"0";"0";"0";"4,49";"8017596057594";"HRANA"
"UPALJAÈ PUNJIVI 3kom";"017598801";"NO BRAND";"1";"PZ";"0,99";"0,99";"0";"0";"0";"0,9";"8016572202386";"PROIZVODI ZA KUÆANSTVO"
"UPALJAÈ PUNJIVI 3kom";"017598801";"NO BRAND";"1";"PZ";"0,99";"0,99";"0";"0";"0";"0,9";"8017596130044";"PROIZVODI ZA KUÆANSTVO"
"UPIJAJUÆE PROSTIRKE 60X90cm 10kom";"016748501";"RADAMES";"1";"PZ";"4,59";"4,59";"0";"0";"0";"4,49";"8017596117526";"PROIZVODI ZA KUÆANSTVO"
"US BLACK ANGUS BBQ ODREZAK 300g";"910218701";"NO BRAND";"0,3";"KG";"13,99";"46,63";"0";"0";"0";"13,99";"3800173301754";"HRANA"
"US BLACK ANGUS DENVER ODREZAK 300g";"910218801";"NO BRAND";"0,3";"KG";"10,99";"36,63";"0";"0";"0";"10,99";"3800173302713";"HRANA"
"VAFEL PUNJEN MEDOM 2 kom 80g";"017016401";"DOLCIANDO";"0,08";"KG";"0,99";"12,38";"0";"0";"0";"0,99";"24101325";"HRANA"
"VALJAK ZA ÈIŠÆENJE ODJEÆE 50 LIST.";"010324601";"SISTEMA CASA";"1";"PZ";"1,19";"1,19";"0";"0";"0";"1,06";"8017596053244";"PROIZVODI ZA KUÆANSTVO"
"VANILIJA BURBON STAPIC";"015806901";"DOLCIANDO";"1";"PZ";"3,49";"3,49";"0";"0";"0";"3,49";"8017596108807";"HRANA"
"VANILIN AROMA (5VRE.)2G";"007092001";"DOLCIANDO";"0,002";"KG";"0,39";"195";"0";"0";"0";"0,39";"8005650006008";"HRANA"
"VANILIN AROMA (5VRE.)2G";"007092001";"DOLCIANDO";"0,002";"KG";"0,39";"195";"0";"0";"0";"0,39";"8017596013095";"HRANA"
"VANILIN AROMA (5VRE.)2G";"007092001";"DOLCIANDO";"0,002";"KG";"0,39";"195";"0";"0";"0";"0,39";"8005650120605";"HRANA"
"VANILIN KIFLICE 400g";"900249001";"NO BRAND";"0,4";"KG";"1,99";"4,98";"0";"0";"0";"1,99";"3830013191832";"HRANA"
"VANILIN KIFLICE 400g";"900249001";"NO BRAND";"0,4";"KG";"1,99";"4,98";"0";"0";"0";"1,99";"3830062580519";"HRANA"
"VANILIN KIFLICE 400g";"900249001";"NO BRAND";"0,4";"KG";"1,99";"4,98";"0";"0";"0";"1,99";"3830051240073";"HRANA"
"VANILIN ŠEÆER 5kom 50g";"900474901";"NO BRAND";"0,05";"KG";"0,35";"7";"0";"0";"0";"0,35";"5310005026611";"HRANA"
"VELIKI LINZERI 600g";"910175001";"NO BRAND";"0,6";"KG";"5,79";"9,65";"0";"0";"0";"5,79";"3830062492744";"HRANA"
"VENTAGLI RUÈNO RAÐENI 200g";"910185101";"NO BRAND";"0,2";"KG";"5,49";"27,45";"0";"0";"0";"5,49";"8032610387884";"HRANA"
"VERMOUTH BIJELI 14,5% 1000ml";"013823201";"NO BRAND";"1";"LT";"4,62";"4,62";"0";"0";"0";"4,62";"8004565064110";"PIÆE"
"VIENAMJ.KRPE MIKROFIB.ECO 30x30cm";"017417301";"AMO ESSERE ECO";"1";"PZ";"1,89";"1,89";"0";"0";"0";"1,89";"8017596123374";"PROIZVODI ZA KUÆANSTVO"
"VILICE DRVENE 15kom";"900624501";"NO BRAND";"1";"PZ";"0,79";"0,79";"0";"0";"0";"0,79";"8001511134187";"PROIZVODI ZA KUÆANSTVO"
"VIN. PROS.VIL.D.OLMI DOC 750ml";"900536001";"NO BRAND";"0,75";"LT";"6,02";"8,03";"0";"0";"0";"6,02";"8006870018369";"PIÆE"
"VINO  GRAŠEVINA  BIB 5L";"910196101";"NO BRAND";"5";"LT";"10,99";"2,2";"0";"0";"0";"10,99";"3859893667541";"PIÆE"
"VINO BIJELO LE BRICOLE 5l";"012128601";"NO BRAND";"5";"LT";"7,89";"1,58";"0";"0";"0";"7,89";"8000128090510";"PIÆE"
"VINO BIJELO PET 2l";"910006101";"NO BRAND";"2";"LT";"3,09";"1,55";"0";"0";"0";"3,09";"3858891543109";"PIÆE"
"VINO BIJELO TETRAPAK 1,5l";"900157401";"NO BRAND";"1,5";"LT";"2,49";"1,66";"0";"0";"0";"2,49";"8008295000257";"PIÆE"
"VINO CABERNET SAUVIGNON 750ml";"910160401";"NO BRAND";"0,75";"LT";"4,99";"6,65";"3,99";"5,32";"4,99";"4,99";"3859891249671";"PIÆE"
"VINO CASTELLI ROM. DOC BIANCO 1,5l";"001318501";"NO BRAND";"1,5";"LT";"3,89";"2,59";"0";"0";"0";"3,52";"8004300360910";"PIÆE"
"VINO CASTELLI ROM. DOC BIANCO 1,5l";"001318501";"NO BRAND";"1,5";"LT";"3,89";"2,59";"0";"0";"0";"3,52";"8000013004455";"PIÆE"
"VINO CASTELLI ROM. DOC BIANCO 1,5l";"001318501";"NO BRAND";"1,5";"LT";"3,89";"2,59";"0";"0";"0";"3,52";"8001333300036";"PIÆE"
"VINO CASTELLI ROM. DOC BIANCO 1,5l";"001318501";"NO BRAND";"1,5";"LT";"3,89";"2,59";"0";"0";"0";"3,52";"8005833001653";"PIÆE"
"VINO CASTELLI ROM. DOC BIANCO 1,5l";"001318501";"NO BRAND";"1,5";"LT";"3,89";"2,59";"0";"0";"0";"3,52";"8000128095140";"PIÆE"
"VINO CASTELLI ROM. DOC ROSE 1500ml";"012383201";"NO BRAND";"1,5";"LT";"3,89";"2,59";"0";"0";"0";"3,52";"8003295008180";"PIÆE"
"VINO CASTELLI ROM. DOC ROSE 1500ml";"012383201";"NO BRAND";"1,5";"LT";"3,89";"2,59";"0";"0";"0";"3,52";"8004300356814";"PIÆE"
"VINO CASTELLI ROM. DOC ROSE 1500ml";"012383201";"NO BRAND";"1,5";"LT";"3,89";"2,59";"0";"0";"0";"3,52";"8000128095157";"PIÆE"
"VINO CH. LAUZ. BORDEAUX AOC 750ml";"017873701";"NO BRAND";"0,75";"LT";"5,99";"7,99";"0";"0";"0";"5,99";"3303292905587";"PIÆE"
"VINO CH. LAUZ. BORDEAUX AOC 750ml";"017873701";"NO BRAND";"0,75";"LT";"5,99";"7,99";"0";"0";"0";"5,99";"3303293206256";"PIÆE"
"VINO CH. LAUZ. BORDEAUX AOC 750ml";"017873701";"NO BRAND";"0,75";"LT";"5,99";"7,99";"0";"0";"0";"5,99";"3303293202500";"PIÆE"
"VINO CH. LAUZ. BORDEAUX AOC 750ml";"017873701";"NO BRAND";"0,75";"LT";"5,99";"7,99";"0";"0";"0";"5,99";"3303293304846";"PIÆE"
"VINO CHARDONNAY PET 2l";"910006301";"NO BRAND";"2";"LT";"3,69";"1,85";"0";"0";"0";"3,69";"3858891543130";"PIÆE"
"VINO CHARDONNAY SOLEMORO IGP 750ml";"014385401";"NO BRAND";"0,75";"LT";"3,49";"4,65";"0";"0";"0";"3,99";"8020685011339";"PIÆE"
"VINO CHIANTI 750ml";"004516101";"NO BRAND";"0,75";"LT";"3,99";"5,32";"0";"0";"0";"3,99";"8004784000012";"PIÆE"
"VINO CHIANTI 750ml";"004516101";"NO BRAND";"0,75";"LT";"3,99";"5,32";"0";"0";"0";"3,99";"8004784002337";"PIÆE"
"VINO CHIANTI 750ml";"004516101";"NO BRAND";"0,75";"LT";"3,99";"5,32";"0";"0";"0";"3,99";"8018485000097";"PIÆE"
"VINO CHIANTI 750ml";"004516101";"NO BRAND";"0,75";"LT";"3,99";"5,32";"0";"0";"0";"3,99";"8057741770008";"PIÆE"
"VINO CRNO LE BRICOLE PET 5l";"012128602";"NO BRAND";"5";"LT";"7,89";"1,58";"0";"0";"0";"7,89";"8000128090503";"PIÆE"
"VINO CRNO TETRAPAK 1,5l";"900157501";"NO BRAND";"1,5";"LT";"2,49";"1,66";"0";"0";"0";"2,49";"8008295000264";"PIÆE"
"VINO DINGAÈ VRHUNSKO 750ml";"910078901";"NO BRAND";"0,75";"LT";"11,99";"15,99";"0";"0";"0";"10,99";"3859888568969";"PIÆE"
"VINO FRAGOLINO 750ml";"012407301";"NO BRAND";"0,75";"LT";"2,99";"3,99";"0";"0";"0";"2,52";"8003295009293";"PIÆE"
"VINO FRAGOLINO 750ml";"012407301";"NO BRAND";"0,75";"LT";"2,99";"3,99";"0";"0";"0";"2,52";"8008920001963";"PIÆE"
"VINO FRAGOLINO 750ml";"012407301";"NO BRAND";"0,75";"LT";"2,99";"3,99";"0";"0";"0";"2,52";"8008920002007";"PIÆE"
"VINO FRAGOLINO 750ml";"012407301";"NO BRAND";"0,75";"LT";"2,99";"3,99";"0";"0";"0";"2,52";"8007531111542";"PIÆE"
"VINO FRANKOVKA 750 ML";"910181801";"NO BRAND";"0,75";"LT";"4,49";"5,99";"0";"0";"0";"4,49";"3859893667091";"PIÆE"
"VINO FRANKOVKA 750 ML";"910181801";"NO BRAND";"0,75";"LT";"4,49";"5,99";"0";"0";"0";"4,49";"3859893667473";"PIÆE"
"VINO GRAŠEVINA 1l";"910006801";"NO BRAND";"1";"LT";"3,49";"3,49";"0";"0";"0";"3,29";"3858891543185";"PIÆE"
"VINO GRAŠEVINA 750ml";"910160701";"NO BRAND";"0,75";"LT";"3,99";"5,32";"0";"0";"0";"3,99";"3859891249633";"PIÆE"
"VINO GRAŠEVINA PET 2l";"910006901";"NO BRAND";"2";"LT";"3,99";"2";"0";"0";"0";"3,99";"3858891543116";"PIÆE"
"VINO GRAŠEVINA PET 3l";"910007101";"NO BRAND";"3";"LT";"5,99";"2";"0";"0";"0";"5,89";"3858891543055";"PIÆE"
"VINO GRAŠEVINA VRH. 750ml";"910160601";"NO BRAND";"0,75";"LT";"5,99";"7,99";"0";"0";"0";"5,49";"3859891249725";"PIÆE"
"VINO GRAŠEVINA ZOI 1l";"910209701";"NO BRAND";"1";"LT";"4,99";"4,99";"0";"0";"0";"4,99";"3859891249770";"PIÆE"
"VINO KVALIT. RAJNSKI RIZLING 750ml";"910160501";"NO BRAND";"0,75";"LT";"4,99";"6,65";"0";"0";"0";"4,49";"3859891249718";"PIÆE"
"VINO LAMBRUSCO BISER CRNO VINO 1,5l";"007750301";"NO BRAND";"1,5";"LT";"3,89";"2,59";"0";"0";"0";"3,52";"8003295001853";"PIÆE"
"VINO LAMBRUSCO BISER CRNO VINO 1,5l";"007750301";"NO BRAND";"1,5";"LT";"3,89";"2,59";"0";"0";"0";"3,52";"8008920001956";"PIÆE"
"VINO LAMBRUSCO BISER CRNO VINO 1,5l";"007750301";"NO BRAND";"1,5";"LT";"3,89";"2,59";"0";"0";"0";"3,52";"8008530011567";"PIÆE"
"VINO LAMBRUSCO BISER CRNO VINO 1,5l";"007750301";"NO BRAND";"1,5";"LT";"3,89";"2,59";"0";"0";"0";"3,52";"8003295012910";"PIÆE"
"VINO LAŠKI RIZLING SLOVENIJA 750ml";"900261501";"NO BRAND";"0,75";"LT";"4,99";"6,65";"0";"0";"0";"4,99";"3830001607871";"PIÆE"
"VINO LAŠKI RIZLING SLOVENIJA 750ml";"900261501";"NO BRAND";"0,75";"LT";"4,99";"6,65";"0";"0";"0";"4,99";"3830078702066";"PIÆE"
"VINO MALVAZIJA ISTRA BIO 750ML";"910075301";"NO BRAND";"0,75";"LT";"6,99";"9,32";"0";"0";"0";"5,99";"3859890332015";"PIÆE"
"VINO MALVAZIJA PET 2l";"910006401";"NO BRAND";"2";"LT";"4,29";"2,15";"0";"0";"0";"4,29";"3858891543123";"PIÆE"
"VINO MERLOT 1500ml";"900530801";"NO BRAND";"1,5";"LT";"3,99";"2,66";"0";"0";"0";"3,69";"8003295011333";"PIÆE"
"VINO MONTEPU. D'ABRUZZO DOC 1500ml";"005051801";"NO BRAND";"1,5";"LT";"4,59";"3,06";"0";"0";"0";"4,52";"8004300024805";"PIÆE"
"VINO MONTEPU. D'ABRUZZO DOC 1500ml";"005051801";"NO BRAND";"1,5";"LT";"4,59";"3,06";"0";"0";"0";"4,52";"8000013003113";"PIÆE"
"VINO MONTEPU. D'ABRUZZO DOC 1500ml";"005051801";"NO BRAND";"1,5";"LT";"4,59";"3,06";"0";"0";"0";"4,52";"8008530015084";"PIÆE"
"VINO MONTEPU. D'ABRUZZO DOC 1500ml";"005051801";"NO BRAND";"1,5";"LT";"4,59";"3,06";"0";"0";"0";"4,52";"8001651337127";"PIÆE"
"VINO MONTEPU. D'ABRUZZO DOC 1500ml";"005051801";"NO BRAND";"1,5";"LT";"4,59";"3,06";"0";"0";"0";"4,52";"8005228037731";"PIÆE"
"VINO MONTEPU. D'ABRUZZO DOC 1500ml";"005051801";"NO BRAND";"1,5";"LT";"4,59";"3,06";"0";"0";"0";"4,52";"8000128095171";"PIÆE"
"VINO MUŠKAT OTTONEL 750ml";"900546301";"NO BRAND";"0,75";"LT";"5,99";"7,99";"0";"0";"0";"5,99";"3830078700871";"PIÆE"
"VINO MUŠKAT OTTONEL 750ml";"900546301";"NO BRAND";"0,75";"LT";"5,99";"7,99";"0";"0";"0";"5,99";"3830078702127";"PIÆE"
"VINO NEGROMARO SOLEMORO IGP 750ml";"010284601";"NO BRAND";"0,75";"LT";"3,49";"4,65";"0";"0";"0";"3,49";"8020685015986";"PIÆE"
"VINO NEGROMARO SOLEMORO IGP 750ml";"010284601";"NO BRAND";"0,75";"LT";"3,49";"4,65";"0";"0";"0";"3,49";"8006853001128";"PIÆE"
"VINO NERO D'AVOLA DOC 1,5l";"008591501";"NO BRAND";"1,5";"LT";"4,02";"2,68";"0";"0";"0";"4,02";"8005228018136";"PIÆE"
"VINO NERO D'AVOLA DOC 1,5l";"008591501";"NO BRAND";"1,5";"LT";"4,02";"2,68";"0";"0";"0";"4,02";"8005228018037";"PIÆE"
"VINO NERO D'AVOLA DOC 1,5l";"008591501";"NO BRAND";"1,5";"LT";"4,02";"2,68";"0";"0";"0";"4,02";"8000013006121";"PIÆE"
"VINO NERO D'AVOLA DOC 1,5l";"008591501";"NO BRAND";"1,5";"LT";"4,02";"2,68";"0";"0";"0";"4,02";"8000128095096";"PIÆE"
"VINO NERO D'AVOLA DOC 1,5l";"008591501";"NO BRAND";"1,5";"LT";"4,02";"2,68";"0";"0";"0";"4,02";"8004300029640";"PIÆE"
"VINO NERO D'AVOLA DOC 1,5l";"008591501";"NO BRAND";"1,5";"LT";"4,02";"2,68";"0";"0";"0";"4,02";"8007046038808";"PIÆE"
"VINO PELJEŠAC 1L";"910078801";"NO BRAND";"1";"LT";"3,99";"3,99";"2,99";"2,99";"3,99";"3,02";"3859888568983";"PIÆE"
"VINO PJENUŠAVO FRIZZANTINO1500ml";"006614201";"NO BRAND";"1,5";"LT";"3,59";"2,39";"0";"0";"0";"3,52";"8003295002560";"PIÆE"
"VINO PJENUŠAVO FRIZZANTINO1500ml";"006614201";"NO BRAND";"1,5";"LT";"3,59";"2,39";"0";"0";"0";"3,52";"8003295008838";"PIÆE"
"VINO POSTUP VRHUNSKO 750ml";"910079001";"NO BRAND";"0,75";"LT";"11,99";"15,99";"0";"0";"0";"10,99";"3859888568976";"PIÆE"
"VINO POŠIP  750 ml";"910214101";"NO BRAND";"0,75";"LT";"6,99";"9,32";"0";"0";"0";"6,99";"3859893940156";"PIÆE"
"VINO PRIMITIVO MAND.SOLE. DOP 750ml";"011434201";"NO BRAND";"0,75";"LT";"4,99";"6,65";"0";"0";"0";"4,99";"8020685010776";"PIÆE"
"VINO PRIMITIVO MAND.SOLE. DOP 750ml";"011434201";"NO BRAND";"0,75";"LT";"4,99";"6,65";"0";"0";"0";"4,99";"8023354600100";"PIÆE"
"VINO PRIMITIVO SOLEMORO IGP 750ml";"009352901";"NO BRAND";"0,75";"LT";"3,99";"5,32";"0";"0";"0";"4,02";"8020685010752";"PIÆE"
"VINO PRIMITIVO SOLEMORO IGP 750ml";"009352901";"NO BRAND";"0,75";"LT";"3,99";"5,32";"0";"0";"0";"4,02";"8023354060218";"PIÆE"
"VINO PRIMITIVO SOLEMORO IGP 750ml";"009352901";"NO BRAND";"0,75";"LT";"3,99";"5,32";"0";"0";"0";"4,02";"8023354600056";"PIÆE"
"VINO ROSE PLAVAC MALI 750ml";"910078701";"NO BRAND";"0,75";"LT";"4,99";"6,65";"0";"0";"0";"4,99";"3859888568990";"PIÆE"
"VINO ROSE SOLEMORO IGP 750ml";"009352701";"NO BRAND";"0,75";"LT";"3,29";"4,39";"0";"0";"0";"3,52";"8020685010738";"PIÆE"
"VINO ROSE SOLEMORO IGP 750ml";"009352701";"NO BRAND";"0,75";"LT";"3,29";"4,39";"0";"0";"0";"3,52";"8023354600025";"PIÆE"
"VINO ROSE SOLEMORO IGP 750ml";"009352701";"NO BRAND";"0,75";"LT";"3,29";"4,39";"0";"0";"0";"3,52";"8023354020212";"PIÆE"
"VINO ROSE TETRAPAK 1,5l";"009745101";"NO BRAND";"1,5";"LT";"2,49";"1,66";"0";"0";"0";"2,49";"8008295000271";"PIÆE"
"VINO ROSSO DOP RISERVA 750ml";"015605601";"NO BRAND";"0,75";"LT";"4,99";"6,65";"0";"0";"0";"4,99";"8020685012749";"PIÆE"
"VINO TRAMINAC 750 ML";"900518401";"NO BRAND";"0,75";"LT";"5,49";"7,32";"0";"0";"0";"5,99";"3830078700215";"PIÆE"
"VINO TRAMINAC 750 ML";"900518401";"NO BRAND";"0,75";"LT";"5,49";"7,32";"0";"0";"0";"5,99";"3830078702103";"PIÆE"
"VINO VRANAC 1l";"910006501";"NO BRAND";"1";"LT";"2,89";"2,89";"0";"0";"0";"2,89";"3858891543178";"PIÆE"
"VINO VRANAC PET 2l";"910006601";"NO BRAND";"2";"LT";"3,69";"1,85";"0";"0";"0";"3,69";"3858891543154";"PIÆE"
"VIŠENAMJ.MARAMICE ZA ÈIŠÆENJE 80kom";"011729501";"SISTEMA CASA";"1";"PZ";"1,59";"1,59";"0";"0";"0";"1,85";"8017596063557";"PROIZVODI ZA KUÆANSTVO"
"VIŠENAMJENSKE KRPE ZA ÈIŠÆENJE 5kom";"012411401";"SISTEMA CASA";"1";"PZ";"1,99";"1,99";"0";"0";"0";"1,99";"8017596066442";"PROIZVODI ZA KUÆANSTVO"
"VIŠENAMJENSKI TEPIH 44x75cm";"012055001";"SISTEMA CASA";"1";"PZ";"3,49";"3,49";"0";"0";"0";"3,49";"8017596066374";"PROIZVODI ZA KUÆANSTVO"
"VIŠNJA SMRZNUTA 400g";"900529101";"NO BRAND";"0,4";"KG";"3,69";"9,23";"0";"0";"0";"2,49";"3858891045139";"HRANA"
"VL.MARAMICE INTIMNE DELICATE 20kom";"017196701";"FIOR DI MAGNOLIA";"1";"PZ";"0,79";"0,79";"0";"0";"0";"0,79";"8017596121387";"KOZMETIKA"
"VL.MARAMICE INTIMNE RIFRESC. 20kom";"017196601";"FIOR DI MAGNOLIA";"1";"PZ";"0,79";"0,79";"0";"0";"0";"0,79";"8017596121394";"KOZMETIKA"
"VLA.MAR.ZA SKID.ŠMI.100%PAMUK 25kom";"017069901";"FIOR DI MAGNOLIA";"1";"PZ";"0,99";"0,99";"0";"0";"0";"0,99";"8017596121400";"KOZMETIKA"
"VLASAC 6g";"009309601";"DON JEREZ";"0,006";"KG";"0,99";"165";"0";"0";"0";"0,99";"80731009";"HRANA"
"VLAŽNE MARAM.ZA ÆIŠÆENJE O.C.60kom";"910155101";"NO BRAND";"1";"PZ";"1,29";"1,29";"0";"0";"0";"1,29";"3859890063964";"PROIZVODI ZA KUÆANSTVO"
"VLAŽNE MARAMICE ZA KUÆNE LJUB.50kom";"016925101";"RADAMES";"1";"PZ";"1,69";"1,69";"0";"0";"0";"1,69";"8017596118981";"PROIZVODI ZA KUÆANSTVO"
"VODA BRESKVA I ALOA VERA 1500ML";"900606301";"NO BRAND";"1,5";"LT";"0,79";"0,53";"0";"0";"0";"0,79";"3830078500549";"PIÆE"
"VODA GAZIRANA 1,5l";"010734401";"BLUES";"1,5";"LT";"0,45";"0,3";"0";"0";"0";"0,4";"8017596056405";"PIÆE"
"VODA GAZIRANA 1,5l";"010734401";"BLUES";"1,5";"LT";"0,45";"0,3";"0";"0";"0";"0,4";"8017596056399";"PIÆE"
"VODA GAZIRANA 500ml";"900479002";"BLUES";"0,5";"LT";"0,36";"0,72";"0";"0";"0";"0,34";"8017596057013";"PIÆE"
"VODA GAZIRANA 500ml";"900479002";"BLUES";"0,5";"LT";"0,36";"0,72";"0";"0";"0";"0,34";"8017596057020";"PIÆE"
"VODA PRIRODNA IZVORSKA 5L";"910144901";"NO BRAND";"5";"LT";"1,07";"0,21";"0";"0";"0";"1,07";"3872252000087";"PIÆE"
"VODA PRIRODNA NEGAZIRANA 1,5l";"008308501";"BLUES";"1,5";"LT";"0,45";"0,3";"0";"0";"0";"0,4";"8017596013668";"PIÆE"
"VODA PRIRODNA NEGAZIRANA 1,5l";"008308501";"BLUES";"1,5";"LT";"0,45";"0,3";"0";"0";"0";"0,4";"8017596009449";"PIÆE"
"VODA PRIRODNA NEGAZIRANA 500ml";"900479001";"BLUES";"0,5";"LT";"0,36";"0,72";"0";"0";"0";"0,34";"8017596010827";"PIÆE"
"VODA PRIRODNA NEGAZIRANA 500ml";"900479001";"BLUES";"0,5";"LT";"0,36";"0,72";"0";"0";"0";"0,34";"8017596056993";"PIÆE"
"VODA S OKU.ŠUM.JAG I ALOE VERA 1,5l";"900553601";"NO BRAND";"1,5";"LT";"0,79";"0,53";"0";"0";"0";"0,79";"3830055524902";"PIÆE"
"VODICA ZA USTA SENS/GING 500ml";"017715501";"WHITE & FRESH";"0,5";"LT";"1,49";"2,98";"0";"0";"0";"1,49";"8017596131232";"KOZMETIKA"
"VODICA ZA USTA SENS/GING 500ml";"017715501";"WHITE & FRESH";"0,5";"LT";"1,49";"2,98";"0";"0";"0";"1,49";"8017596074546";"KOZMETIKA"
"VODKA 37,5% 100ml";"910087201";"NO BRAND";"0,1";"LT";"1,19";"11,9";"0";"0";"0";"1,19";"3850164243471";"PIÆE"
"VODKA 37,5% 700ml";"017360101";"NO BRAND";"0,7";"LT";"5,45";"7,79";"0";"0";"0";"5,48";"8009710106509";"PIÆE"
"VODKA BRESKVA 18% 700ml";"900388401";"NO BRAND";"0,7";"LT";"4,49";"6,41";"0";"0";"0";"4,49";"8004565022059";"PIÆE"
"VODKA BRESKVA 18% 700ml";"900388401";"NO BRAND";"0,7";"LT";"4,49";"6,41";"0";"0";"0";"4,49";"8009710106400";"PIÆE"
"VODKA JAGODA 18% 700ml";"900388201";"NO BRAND";"0,7";"LT";"4,49";"6,41";"0";"0";"0";"4,49";"8004565022134";"PIÆE"
"VODKA JAGODA 18% 700ml";"900388201";"NO BRAND";"0,7";"LT";"4,49";"6,41";"0";"0";"0";"4,49";"8009710106608";"PIÆE"
"VODKA PREMIUM 40%vol 700ml";"018356301";"NO BRAND";"0,7";"LT";"8,99";"12,84";"5,99";"8,56";"8,99";"9,09";"8007253111417";"PIÆE"
"VOSAK ZA OBLIKOVANJE KOSE 125ml";"016660201";"NEAR YOUR XXX";"0,125";"LT";"2,69";"21,52";"0";"0";"0";"2,69";"8017596118127";"KOZMETIKA"
"VOÆNA KAŠA JABUKA 100g";"013122501";"PUERTOSOL";"0,1";"KG";"0,39";"3,9";"0";"0";"0";"0,79";"8017596030696";"HRANA"
"VOÆNA KAŠA JABUKA I BANANA 100g";"013122401";"PUERTOSOL";"0,1";"KG";"0,39";"3,9";"0";"0";"0";"0,79";"8017596030740";"HRANA"
"VOÆNA KAŠA JABUKA I BOROVNICA 100g";"013122901";"PUERTOSOL";"0,1";"KG";"0,39";"3,9";"0";"0";"0";"0,79";"8017596030726";"HRANA"
"VOÆNA KAŠA JABUKA I BRESKVA 100g";"013122701";"PUERTOSOL";"0,1";"KG";"0,39";"3,9";"0";"0";"0";"0,79";"8017596030733";"HRANA"
"VOÆNA KAŠA JABUKA I ŠLJIVA 100g";"013122801";"PUERTOSOL";"0,1";"KG";"0,39";"3,9";"0";"0";"0";"0,79";"8017596030702";"HRANA"
"VOÆNA KAŠA KRUŠKA 100g";"013122601";"PUERTOSOL";"0,1";"KG";"0,39";"3,9";"0";"0";"0";"0,79";"8017596030719";"HRANA"
"VOÆNI N.BRESKVA/TREŠNJA 4X25g";"014752701";"PUERTOSOL";"0,1";"KG";"0,89";"8,9";"0";"0";"0";"0,89";"8017596102386";"HRANA"
"VOÆNI N.BRESKVA/TREŠNJA 4X25g";"014752701";"PUERTOSOL";"0,1";"KG";"0,89";"8,9";"0";"0";"0";"0,89";"8017596102409";"HRANA"
"VOÆNI N.JAGODA/MARELICA 4X25g";"014752801";"PUERTOSOL";"0,1";"KG";"0,89";"8,9";"0";"0";"0";"0,89";"8017596102379";"HRANA"
"VOÆNI N.JAGODA/MARELICA 4X25g";"014752801";"PUERTOSOL";"0,1";"KG";"0,89";"8,9";"0";"0";"0";"0,89";"8017596102393";"HRANA"
"VOÆNI NAMAZ BIO BOROVNICA 240g";"013058801";"AMO ESSERE BIO";"0,24";"KG";"2,39";"9,96";"0";"0";"0";"2,39";"80768913";"HRANA"
"VOÆNI NAMAZ BIO BOROVNICA 240g";"013058801";"AMO ESSERE BIO";"0,24";"KG";"2,39";"9,96";"0";"0";"0";"2,39";"24101417";"HRANA"
"VOÆNI NAMAZ BIO GORKA NARANÈA 250g";"013058901";"AMO ESSERE BIO";"0,25";"KG";"2,39";"9,56";"0";"0";"0";"2,39";"80818489";"HRANA"
"VOÆNI NAMAZ BIO GORKA NARANÈA 250g";"013058901";"AMO ESSERE BIO";"0,25";"KG";"2,39";"9,56";"0";"0";"0";"2,39";"24101400";"HRANA"
"VOÆNI NAMAZ BIO JAGODA 240g";"017133201";"AMO ESSERE BIO";"0,24";"KG";"2,39";"9,96";"0";"0";"0";"2,39";"24101424";"HRANA"
"VOÆNI NAMAZ BIO MARELICA 240g";"017076301";"AMO ESSERE BIO";"0,24";"KG";"2,39";"9,96";"0";"0";"0";"2,39";"24101431";"HRANA"
"VOÆNI PIRE JAB/JAG/BOR 100g";"013652301";"PUERTOSOL";"0,1";"KG";"0,79";"7,9";"0";"0";"0";"0,79";"8017596030665";"HRANA"
"VOÆNI PIRE JABUKA 100g";"011400601";"PUERTOSOL";"0,1";"KG";"0,79";"7,9";"0";"0";"0";"0,79";"8017596030689";"HRANA"
"VOÆNI PIRE JABUKA/BANANA 100g";"011400501";"PUERTOSOL";"0,1";"KG";"0,79";"7,9";"0";"0";"0";"0,79";"8017596030672";"HRANA"
"VOÆNI PIRE KRUŠKA 100g";"013652201";"PUERTOSOL";"0,1";"KG";"0,79";"7,9";"0";"0";"0";"0,79";"8017596030658";"HRANA"
"VOÆNI PRIPRAVAK ŠUM. VOÆE BIO 240g";"018186001";"AMO ESSERE BIO";"0,24";"KG";"2,39";"9,96";"0";"0";"0";"2,39";"24102971";"HRANA"
"VREÆE ZA SMEÆE BIO 50x60 30l 15kom";"017763301";"SISTEMA CASA";"1";"PZ";"1,69";"1,69";"0";"0";"0";"1,69";"4014100502155";"PROIZVODI ZA KUÆANSTVO"
"VREÆE ZA SMEÆE BIO 50x60 30l 15kom";"017763301";"SISTEMA CASA";"1";"PZ";"1,69";"1,69";"0";"0";"0";"1,69";"8017596101846";"PROIZVODI ZA KUÆANSTVO"
"VREÆE ZA SMEÆE BIO 50x60 30l 15kom";"018696601";"SISTEMA CASA";"1";"PZ";"1,69";"1,69";"0";"0";"0";"1,69";"8017596101846";"PROIZVODI ZA KUÆANSTVO"
"VREÆE ZA SMEÆE CR.70x110 110L 20kom";"017473201";"SISTEMA CASA";"1";"PZ";"2,69";"2,69";"0";"0";"0";"2,78";"8713815206636";"PROIZVODI ZA KUÆANSTVO"
"VREÆE ZA SMEÆE CR.70x110 110L 20kom";"017473201";"SISTEMA CASA";"1";"PZ";"2,69";"2,69";"0";"0";"0";"2,78";"8017596101792";"PROIZVODI ZA KUÆANSTVO"
"VREÆE ZA SMEÆE CRNE 50x60 30l 30kom";"016953301";"SISTEMA CASA";"1";"PZ";"0,99";"0,99";"0";"0";"0";"0,99";"8017596101815";"PROIZVODI ZA KUÆANSTVO"
"VREÆE ZA SMEÆE J.80x120 130l 10kom";"017763401";"SISTEMA CASA";"1";"PZ";"2,09";"2,09";"0";"0";"0";"2,09";"4014100502070";"PROIZVODI ZA KUÆANSTVO"
"VREÆE ZA SMEÆE J.80x120 130l 10kom";"017763401";"SISTEMA CASA";"1";"PZ";"2,09";"2,09";"0";"0";"0";"2,09";"8017596018144";"PROIZVODI ZA KUÆANSTVO"
"VREÆE ZA SMEÆE PLAVE53x65 40l 20kom";"017792801";"SISTEMA CASA";"1";"PZ";"1,19";"1,19";"0";"0";"0";"1,19";"4014100502032";"PROIZVODI ZA KUÆANSTVO"
"VREÆE ZA SMEÆE PLAVE53x65 40l 20kom";"017792801";"SISTEMA CASA";"1";"PZ";"1,19";"1,19";"0";"0";"0";"1,19";"8017596101839";"PROIZVODI ZA KUÆANSTVO"
"VREÆE ZA SMEÆE PROZ.50x60 30l 30kom";"016893001";"SISTEMA CASA";"1";"PZ";"0,99";"0,99";"0";"0";"0";"0,99";"8017596101822";"PROIZVODI ZA KUÆANSTVO"
"VREÆE ZA SMEÆE ŽU.70x110 110L 10kom";"018419401";"SISTEMA CASA";"1";"PZ";"1,39";"1,39";"0";"0";"0";"1,39";"8017596061799";"PROIZVODI ZA KUÆANSTVO"
"VREÆICA BIO 30x60 300kom";"910134301";"NO BRAND";"1";"PZ";"0,2";"0,2";"0";"0";"0";"0,2";"8017596129604";"PROIZVODI ZA KUÆANSTVO"
"VREÆICE ZA LED 18 KOCKICA 15kom";"014585901";"SISTEMA CASA";"1";"PZ";"0,89";"0,89";"0";"0";"0";"0,89";"8017596100245";"PROIZVODI ZA KUÆANSTVO"
"VREÆICE ZA LED 18 KOCKICA 15kom";"018084401";"SISTEMA CASA";"1";"PZ";"0,89";"0,89";"0";"0";"0";"0,89";"8017596100245";"PROIZVODI ZA KUÆANSTVO"
"VREÆICE ZAMR. MALE 19x26cm 1l 50kom";"018084101";"SISTEMA CASA";"1";"PZ";"0,75";"0,75";"0";"0";"0";"0,69";"8017596005571";"PROIZVODI ZA KUÆANSTVO"
"VREÆICE ZAMR. SRED. 23x32 2l 35kom";"018084301";"SISTEMA CASA";"1";"PZ";"0,75";"0,75";"0";"0";"0";"0,69";"8017596100221";"PROIZVODI ZA KUÆANSTVO"
"VREÆICE ZAMR. VELIKE 29x42 4l 25kom";"018079801";"SISTEMA CASA";"1";"PZ";"0,75";"0,75";"0";"0";"0";"0,69";"8017596100238";"PROIZVODI ZA KUÆANSTVO"
"VRHNJE ZA KAVU 10% 20X10g";"017801501";"LAND";"0,2";"KG";"0,99";"4,95";"0";"0";"0";"0,95";"8017596131522";"HRANA"
"VRHNJE ZA KUHANJE 500ml";"900492201";"LAND";"0,5";"LT";"2,29";"4,58";"0";"0";"0";"2,39";"8017596114020";"HRANA"
"VRHNJE ZA KUHANJE LIGHT 3x125ml";"017181001";"PASCOLI ITALIANI";"0,375";"LT";"1,85";"4,93";"0";"0";"0";"1,85";"8017596123695";"HRANA"
"VRHNJE ZA KUHANJE UHT 200ml";"009920701";"LAND";"0,2";"LT";"1,05";"5,25";"0";"0";"0";"0,99";"8017596004307";"HRANA"
"VRHNJE ZA ŠLAG 200ml";"017163701";"PASCOLI ITALIANI";"0,2";"LT";"1,39";"6,95";"0";"0";"0";"1,39";"8017596123169";"HRANA"
"WAFER DUBAI 40g";"900633101";"NO BRAND";"0,04";"KG";"1,49";"37,25";"0";"0";"0";"1,49";"5905858677624";"HRANA"
"WAFLI S MLIJ./KAKAO PUNJENJEM 128g";"018008901";"DOLCIANDO";"0,128";"KG";"1,99";"15,55";"0";"0";"0";"1,99";"8017596133441";"HRANA"
"WC GEL S MIRISOM LAVANDE 1l";"017469801";"DEXAL";"1";"LT";"1,59";"1,59";"0";"0";"0";"1,59";"8017596123077";"SREDSTVA ZA ÈIŠÆENJE"
"WC GEL ZA IZBJELJIVANJE BIKARBON.1l";"012869501";"DEXAL";"1";"LT";"1,59";"1,59";"0";"0";"0";"1,59";"8017596068651";"SREDSTVA ZA ÈIŠÆENJE"
"WC GEL ZA UKLANJANJE KAMENCA 1l";"015040001";"DEXAL";"1";"LT";"1,59";"1,59";"0";"0";"0";"1,59";"8017596103673";"SREDSTVA ZA ÈIŠÆENJE"
"WHISKEY NORTH AMERICAN 40% 700ml";"014438101";"NO BRAND";"0,7";"LT";"9,99";"14,27";"0";"0";"0";"9,99";"8007253907256";"PIÆE"
"WHISKY BLENDED SCOTCH 40% 700ml";"900380101";"NO BRAND";"0,7";"LT";"8,49";"12,13";"0";"0";"0";"7,99";"8007525118502";"PIÆE"
"WHISKY SCOTCH & SPANISH 40% 700ml";"900380201";"NO BRAND";"0,7";"LT";"7,99";"11,41";"0";"0";"0";"7,99";"8007525106905";"PIÆE"
"WOK MIX 350g";"080600801";"NO BRAND";"0,35";"KG";"1,99";"5,69";"0";"0";"0";"1,89";"3858893250395";"HRANA"
"WOK MIX 350g";"080600801";"NO BRAND";"0,35";"KG";"1,99";"5,69";"0";"0";"0";"1,89";"3858893250470";"HRANA"
"XMAS BALL S BOMBONIMA 5g";"910216101";"NO BRAND";"0,05";"KG";"1,69";"33,8";"0";"0";"0";"1,69";"6920131249304";"HRANA"
"XMAS CANDY BAG MIX 69g";"900631401";"NO BRAND";"0,069";"KG";"1,79";"25,94";"0";"0";"0";"1,79";"8590311106932";"HRANA"
"XMAS ŽELE LIZALCA 22g";"900631301";"NO BRAND";"0,022";"KG";"0,69";"31,36";"0";"0";"0";"0,69";"8590311107779";"HRANA"
"ZAMJENSKA GLAVA ELE.ÈETKICA 4kom";"017456201";"WHITE & FRESH";"1";"PZ";"6,99";"6,99";"0";"0";"0";"6,99";"8017596128805";"KOZMETIKA"
"ZAMJENSKE BRITVICE 10 kom";"016196801";"LA NUOVA PHARMACIA";"1";"PZ";"1,69";"1,69";"0";"0";"0";"1,69";"8017596056818";"KOZMETIKA"
"ZAMJENSKE MUŠ.BRITVICE 4kom";"016370301";"NISSHE";"1";"PZ";"5,99";"5,99";"0";"0";"0";"5,99";"8017596061355";"KOZMETIKA"
"ZAMJENSKO MLIJEKO 3 12 MJ. 500g";"016242701";"PRIME PAPPE";"0,5";"KG";"5,99";"11,98";"0";"0";"0";"5,99";"8017596108876";"HRANA"
"ZAMKA ZA MOLJCE IZ HRANE";"910164601";"NO BRAND";"0,022";"KG";"4,49";"204,09";"0";"0";"0";"4,49";"5904517068247";"PROIZVODI ZA KUÆANSTVO"
"ZAMKA ZA MOLJCE IZ RUBLJA";"910112601";"NO BRAND";"0,022";"KG";"3,49";"158,64";"0";"0";"0";"3,49";"5904517081628";"PROIZVODI ZA KUÆANSTVO"
"ZAMKA ZA MRAVE";"910112101";"NO BRAND";"0,022";"KG";"4,49";"204,09";"0";"0";"0";"4,49";"5904517325357";"PROIZVODI ZA KUÆANSTVO"
"ZAPEÈENI GRAH 400g";"900389001";"NO BRAND";"0,4";"KG";"1,59";"3,98";"0";"0";"0";"1,59";"3856020212766";"HRANA"
"ZASLAÐIVAÈ 300 TABLETA 15g";"013985401";"DOLCIANDO";"0,015";"KG";"1,09";"72,67";"0";"0";"0";"1,09";"8017596075345";"HRANA"
"ZASLAÐIVAÈ STEVIA U VREÆICAMA 40g";"013985201";"DOLCIANDO";"0,04";"KG";"1,06";"26,5";"0";"0";"0";"1,06";"8017596075338";"HRANA"
"ZAÈINI ZA TJESTENINU 50g";"005386801";"DON JEREZ";"0,05";"KG";"0,99";"19,8";"0";"0";"0";"0,99";"80630470";"HRANA"
"ZAÈINI ZA TJESTENINU 50g";"005386801";"DON JEREZ";"0,05";"KG";"0,99";"19,8";"0";"0";"0";"0,99";"8017596008718";"HRANA"
"ZAÈINI ZA TJESTENINU 50g";"005386801";"DON JEREZ";"0,05";"KG";"0,99";"19,8";"0";"0";"0";"0,99";"8017596015631";"HRANA"
"ZAÈINJENI PILEÆI FILE";"070031001";"NO BRAND";"1";"KG";"8,39";"8,39";"0";"0";"0";"7,99";"";"HRANA"
"ZELATINA U LISTICIMA 24G";"015233201";"DOLCIANDO";"0,024";"KG";"1,49";"62,08";"0";"0";"0";"1,39";"8017596104250";"HRANA"
"ZELENA I CRVENA SALATA 200g";"080502901";"NO BRAND";"0,2";"KG";"2,19";"10,95";"1,75";"8,75";"2,19";"2,19";"8012566029885";"HRANA"
"ZELENA SALATA 250g";"080311901";"NO BRAND";"0,25";"KG";"2,19";"8,76";"0";"0";"0";"2,19";"8012566005339";"HRANA"
"ZELENI ÈAJ S ALOA VEROM 1,5l";"015516201";"BLUES";"1,5";"LT";"1,25";"0,83";"0";"0";"0";"1,05";"8017596113689";"PIÆE"
"ZELENI ÈAJ S ALOA VEROM 1,5l";"015516201";"BLUES";"1,5";"LT";"1,25";"0,83";"0";"0";"0";"1,05";"8017596105127";"PIÆE"
"ZELENI ÈAJ S ALOA VEROM 1,5l";"015516201";"BLUES";"1,5";"LT";"1,25";"0,83";"0";"0";"0";"1,05";"8017596051578";"PIÆE"
"ZIJEVALICA";"014306601";"NO BRAND";"1";"PZ";"0,59";"0,59";"0";"0";"0";"0,59";"8001553804505";"HRANA"
"ZIJEVALICA";"014306701";"NO BRAND";"1";"PZ";"0,59";"0,59";"0";"0";"0";"0,59";"8001553804512";"HRANA"
"ZIMSKA SALAMA 100g";"910082701";"MEAT APPETIT";"0,1";"KG";"1,99";"19,9";"0";"0";"0";"1,99";"3859893850110";"HRANA"
"ZIMSKA SALAMA 100g";"910082701";"MEAT APPETIT";"0,1";"KG";"1,99";"19,9";"0";"0";"0";"1,99";"8017596129338";"HRANA"
"ZIMSKA SALAMA 250g";"910128101";"MEAT APPETIT";"0,25";"KG";"4,69";"18,76";"0";"0";"0";"4,39";"3859893850813";"HRANA"
"ZIMSKA SALAMA 250g";"910128101";"MEAT APPETIT";"0,25";"KG";"4,69";"18,76";"0";"0";"0";"4,39";"8017596135780";"HRANA"
"ZIMSKA SALAMA 300g";"910099801";"MEAT APPETIT";"0,3";"KG";"4,79";"15,97";"0";"0";"0";"4,79";"3858892093047";"HRANA"
"ZIMSKA SALAMA 300g";"910099801";"MEAT APPETIT";"0,3";"KG";"4,79";"15,97";"0";"0";"0";"4,79";"8017596129376";"HRANA"
"ZOBENA KAŠA LAMPONE CHIA 4x65g";"900474501";"NO BRAND";"0,26";"KG";"2,09";"8,04";"0";"0";"0";"2,09";"3858891292960";"HRANA"
"ZOBENA KAŠA ÈOKOLADA CHIA 4x65g";"900474401";"NO BRAND";"0,26";"KG";"2,09";"8,04";"0";"0";"0";"2,09";"3858891290423";"HRANA"
"ZOBENA KAŠA ÈOKOLADA CHIA 4x65g";"900474401";"NO BRAND";"0,26";"KG";"2,09";"8,04";"0";"0";"0";"2,09";"3858891292953";"HRANA"
"ZOBENE PAHULJICE 500g";"910086901";"NO BRAND";"0,5";"KG";"0,79";"1,58";"0";"0";"0";"0,79";"3859888540033";"HRANA"
"ZOBENE PAHULJICE BIO 500g";"014591301";"AMO ESSERE BIO";"0,5";"KG";"1,39";"2,78";"0";"0";"0";"1,39";"8017596077226";"HRANA"
"ZUBNA PASTA COMPLETE/WHITEN. 125ml";"017840001";"WHITE & FRESH";"0,125";"LT";"0,99";"7,92";"0";"0";"0";"0,99";"8017596071804";"KOZMETIKA"
"ZUBNA PASTA COMPLETE/WHITEN. 125ml";"017840001";"WHITE & FRESH";"0,125";"LT";"0,99";"7,92";"0";"0";"0";"0,99";"8017596071811";"KOZMETIKA"
"ZUBNA PASTA TRIPLE ACT./WHIT. 100ml";"017834401";"WHITE & FRESH";"0,1";"LT";"0,99";"9,9";"0";"0";"0";"0,83";"8017596071835";"KOZMETIKA"
"ZUBNA PASTA TRIPLE ACT./WHIT. 100ml";"017834401";"WHITE & FRESH";"0,1";"LT";"0,99";"9,9";"0";"0";"0";"0,83";"8017596131973";"KOZMETIKA"
"ZUBNA PASTA VIŠE VRSTA 75ml";"017840201";"WHITE & FRESH";"0,075";"LT";"1,19";"15,87";"0";"0";"0";"1,06";"8017596065766";"KOZMETIKA"
"ZUBNA PASTA VIŠE VRSTA 75ml";"017840201";"WHITE & FRESH";"0,075";"LT";"1,19";"15,87";"0";"0";"0";"1,06";"8017596131980";"KOZMETIKA"
"ZUBNA PASTA VIŠE VRSTA 75ml";"017840201";"WHITE & FRESH";"0,075";"LT";"1,19";"15,87";"0";"0";"0";"1,06";"8017596131997";"KOZMETIKA"
"ZUBNA PASTA VIŠE VRSTA 75ml";"017840201";"WHITE & FRESH";"0,075";"LT";"1,19";"15,87";"0";"0";"0";"1,06";"8017596065780";"KOZMETIKA"
"ZUBNA PASTA ZA DJEVOJÈICE 75ml";"012643601";"NO BRAND";"0,075";"LT";"1,49";"19,87";"0";"0";"0";"1,49";"8032979438463";"KOZMETIKA"
"ZUBNA PASTA ZA DJEVOJÈICE 75ml";"012643601";"NO BRAND";"0,075";"LT";"1,49";"19,87";"0";"0";"0";"1,49";"8032979438753";"KOZMETIKA"
"ZUBNA PASTA ZA DJEVOJÈICE 75ml";"012643601";"NO BRAND";"0,075";"LT";"1,49";"19,87";"0";"0";"0";"1,49";"5010994819682";"KOZMETIKA"
"ZUBNA PASTA ZA DJEVOJÈICE 75ml";"012643601";"NO BRAND";"0,075";"LT";"1,49";"19,87";"0";"0";"0";"1,49";"8032979436667";"KOZMETIKA"
"ZUBNA PASTA ZA DJEÈAKE 75ml";"012643701";"NO BRAND";"0,075";"LT";"1,49";"19,87";"0";"0";"0";"1,49";"8032979438463";"KOZMETIKA"
"ZUBNA PASTA ZA DJEÈAKE 75ml";"012643701";"NO BRAND";"0,075";"LT";"1,49";"19,87";"0";"0";"0";"1,49";"8032979437657";"KOZMETIKA"
"ZUBNA PASTA ZA DJEÈAKE 75ml";"012643701";"NO BRAND";"0,075";"LT";"1,49";"19,87";"0";"0";"0";"1,49";"8032979432621";"KOZMETIKA"
"ZUBNA PASTA ZA DJEÈAKE 75ml";"012643701";"NO BRAND";"0,075";"LT";"1,49";"19,87";"0";"0";"0";"1,49";"2032979432627";"KOZMETIKA"
"ZUBNA PASTA ZA DJEÈAKE 75ml";"012643701";"NO BRAND";"0,075";"LT";"1,49";"19,87";"0";"0";"0";"1,49";"8032979432027";"KOZMETIKA"
"ZUBNA PASTA ZA DJEÈAKE 75ml";"012643701";"NO BRAND";"0,075";"LT";"1,49";"19,87";"0";"0";"0";"1,49";"0672935640066";"KOZMETIKA"
"ZUBNA PASTA ZA DJEÈAKE 75ml";"012643701";"NO BRAND";"0,075";"LT";"1,49";"19,87";"0";"0";"0";"1,49";"8032979434403";"KOZMETIKA"
"ZUBNA PASTA ZA DJEÈAKE 75ml";"012643701";"NO BRAND";"0,075";"LT";"1,49";"19,87";"0";"0";"0";"1,49";"8032979436421";"KOZMETIKA"
"ZUBNA PASTA ZA DJEÈAKE 75ml";"012643701";"NO BRAND";"0,075";"LT";"1,49";"19,87";"0";"0";"0";"1,49";"8032979434069";"KOZMETIKA"
"ZUBNA PASTA ZA DJEÈAKE 75ml";"012643701";"NO BRAND";"0,075";"LT";"1,49";"19,87";"0";"0";"0";"1,49";"8032979435967";"KOZMETIKA"
"ZUBNA PASTA ZA DJEÈAKE 75ml";"012643701";"NO BRAND";"0,075";"LT";"1,49";"19,87";"0";"0";"0";"1,49";"8032979439637";"KOZMETIKA"
"ZUBNA ÈETKICA TECHNIC CARE  2kom";"017787801";"WHITE & FRESH";"1";"PZ";"1,29";"1,29";"0";"0";"0";"1,29";"8017596131591";"KOZMETIKA"
"ZUBNA ÈETKICA TOTAL FAMILY 3kom";"017787901";"WHITE & FRESH";"1";"PZ";"0,85";"0,85";"0";"0";"0";"0,85";"8017596131607";"KOZMETIKA"
"ÆEVAPI JUNETINA OVÈETINA 900g";"910073501";"NO BRAND";"0,9";"KG";"10,49";"11,66";"0";"0";"0";"8,79";"3859893068492";"HRANA"
"ÆEVAPI JUNETINA OVÈETINA 900g";"910073501";"NO BRAND";"0,9";"KG";"10,49";"11,66";"0";"0";"0";"8,79";"3858894667291";"HRANA"
"ÆEVAPI JUNETINA SVINJETINA 500g";"910073601";"NO BRAND";"0,5";"KG";"4,59";"9,18";"0";"0";"0";"4,29";"3859893068508";"HRANA"
"ÆEVAPÈIÆI";"070045101";"NO BRAND";"1";"KG";"7,69";"7,69";"0";"0";"0";"7,55";"";"HRANA"
"ÆEVAPÈIÆI - RESTORAN";"070205901";"NO BRAND";"1";"KG";"7,19";"7,19";"0";"0";"0";"6,59";"";"HRANA"
"ÆEVAPÈIÆI 100% JUNETINA";"070045102";"NO BRAND";"1";"KG";"11,89";"11,89";"0";"0";"0";"9,99";"";"HRANA"
"ÆEVAPÈIÆI CLASSIC 900g";"910139001";"NO BRAND";"0,9";"KG";"7,59";"8,43";"0";"0";"0";"7,69";"3850139522891";"HRANA"
"ÆEVAPÈIÆI CLASSIC MAP 2,43kg";"910139901";"NO BRAND";"2,43";"KG";"17,49";"7,2";"0";"0";"0";"20,49";"3850139520880";"HRANA"
"ÆEVAPÈIÆI I BURGER MIX 100% JUNET.";"070204701";"NO BRAND";"1";"KG";"10,99";"10,99";"0";"0";"0";"8,99";"";"HRANA"
"ÆEVAPÈIÆI MIJEŠANI 1000g";"910165401";"NO BRAND";"1";"KG";"7,49";"7,49";"0";"0";"0";"6,99";"3830053932662";"HRANA"
"ÆEVAPÈIÆI MIJEŠANI 1000g";"910165401";"NO BRAND";"1";"KG";"7,49";"7,49";"0";"0";"0";"6,99";"3830053938114";"HRANA"
"ÆEVAPÈIÆI MIJEŠANI CLASSIC";"070209201";"NO BRAND";"1";"KG";"7,89";"7,89";"0";"0";"0";"7,29";"";"HRANA"
"ÆEVAPÈIÆI OBITELJSKO PAKIRANJE";"070200801";"NO BRAND";"1";"KG";"7,49";"7,49";"0";"0";"0";"7,39";"";"HRANA"
"ÆEVAPÈIÆI TELEÆI";"070097301";"NO BRAND";"1";"KG";"10,99";"10,99";"0";"0";"0";"9,99";"";"HRANA"
"ÈAJ BILJNI BON RELAX 20F 40g";"013698601";"LESTER HOUSE";"0,04";"KG";"1,19";"29,75";"0";"0";"0";"1,19";"8017596051370";"HRANA"
"ÈAJ BILJNI DIGESTI 20F 40g";"013712001";"LESTER HOUSE";"0,04";"KG";"1,19";"29,75";"0";"0";"0";"1,19";"8017596073440";"HRANA"
"ÈAJ BOROVNICA I MIJEŠANO VOÆE20F40g";"013693501";"LESTER HOUSE";"0,04";"KG";"1,19";"29,75";"0";"0";"0";"1,19";"8017596073402";"HRANA"
"ÈAJ BRUSNICA/NAR 20F 46g";"910159201";"LESTER HOUSE";"0,046";"KG";"1,29";"28,04";"0";"0";"0";"1,29";"8017596131836";"HRANA"
"ÈAJ CRNI 40F 60g";"900494501";"LESTER HOUSE";"0,06";"KG";"0,89";"14,83";"0";"0";"0";"0,89";"8017596114747";"HRANA"
"ÈAJ CRNI EARL GREY 25F 50g";"013721901";"LESTER HOUSE";"0,05";"KG";"1,19";"23,8";"0";"0";"0";"1,19";"8017596073426";"HRANA"
"ÈAJ JABUKA CIMET 20F 50g";"900494401";"LESTER HOUSE";"0,05";"KG";"0,99";"19,8";"0";"0";"0";"0,99";"8017596114716";"HRANA"
"ÈAJ KAMILICA 20F 33,4g";"014775301";"LESTER HOUSE";"0,0334";"KG";"0,89";"26,65";"0";"0";"0";"0,89";"8017596079862";"HRANA"
"ÈAJ MENTA 40F 60g";"900494101";"LESTER HOUSE";"0,06";"KG";"1,09";"18,17";"0";"0";"0";"1,09";"8017596114723";"HRANA"
"ÈAJ MIJEŠANO VOÆE 40F 100g";"900494301";"LESTER HOUSE";"0,1";"KG";"1,39";"13,9";"0";"0";"0";"1,39";"8017596114709";"HRANA"
"ÈAJ OD KAMILICE 40F 40g";"900493901";"LESTER HOUSE";"0,04";"KG";"0,79";"19,75";"0";"0";"0";"0,79";"8017596114686";"HRANA"
"ÈAJ OD KOMORAÈA BIO 20F 40g";"014592801";"AMO ESSERE BIO";"0,04";"KG";"1,29";"32,25";"0";"0";"0";"1,29";"8017596079879";"HRANA"
"ÈAJ OD KOMORAÈA BIO 20F 40g";"014592801";"AMO ESSERE BIO";"0,04";"KG";"1,29";"32,25";"0";"0";"0";"1,29";"8007185023963";"HRANA"
"ÈAJ PLANINSKI 20F 36g";"900494201";"LESTER HOUSE";"0,036";"KG";"0,8";"22,22";"0";"0";"0";"0,8";"8017596114754";"HRANA"
"ÈAJ UVIN 20F 30g";"910028501";"LESTER HOUSE";"0,03";"KG";"0,8";"26,67";"0";"0";"0";"0,8";"8017596114693";"HRANA"
"ÈAJ ZELENI 25F 50g";"013708301";"LESTER HOUSE";"0,05";"KG";"1,19";"23,8";"0";"0";"0";"1,19";"8017596073433";"HRANA"
"ÈAJ ÐUMBIR/ALOE/KURK.20F 36G";"017192401";"NO BRAND";"0,036";"KG";"1,69";"46,94";"0";"0";"0";"1,69";"8004990159023";"HRANA"
"ÈAJ ÐUMBIR/ALOE/KURK.20F 36G";"017192401";"NO BRAND";"0,036";"KG";"1,69";"46,94";"0";"0";"0";"1,69";"8017596123404";"HRANA"
"ÈAJ ŠIPAK I HIB. 40F 100g";"900494001";"LESTER HOUSE";"0,1";"KG";"1,39";"13,9";"0";"0";"0";"1,39";"8017596114730";"HRANA"
"ÈAJ ŠIPAK I MANDARINA 20F 36g";"017192501";"NO BRAND";"0,036";"KG";"1,69";"46,94";"0";"0";"0";"1,69";"8004990159016";"HRANA"
"ÈAJ ŠIPAK I MANDARINA 20F 36g";"017192501";"NO BRAND";"0,036";"KG";"1,69";"46,94";"0";"0";"0";"1,69";"8017596123411";"HRANA"
"ÈAJ ŠUMSKO VOÆE 20F 60g";"910159301";"LESTER HOUSE";"0,06";"KG";"1,59";"26,5";"0";"0";"0";"1,59";"8017596131829";"HRANA"
"ÈAJNA KOBASICA 100g";"910082601";"MEAT APPETIT";"0,1";"KG";"1,59";"15,9";"0";"0";"0";"1,59";"3859893850134";"HRANA"
"ÈAJNA KOBASICA 100g";"910082601";"MEAT APPETIT";"0,1";"KG";"1,59";"15,9";"0";"0";"0";"1,59";"8017596129345";"HRANA"
"ÈAJNA SALAMA 250g";"910128001";"MEAT APPETIT";"0,25";"KG";"4,19";"16,76";"0";"0";"0";"4,19";"3859893850790";"HRANA"
"ÈAJNA SALAMA 250g";"910128001";"MEAT APPETIT";"0,25";"KG";"4,19";"16,76";"0";"0";"0";"4,19";"8017596135773";"HRANA"
"ÈAJNA SALAMA 420g";"900328501";"MEAT APPETIT";"0,42";"KG";"4,59";"10,93";"0";"0";"0";"4,89";"3830041600382";"HRANA"
"ÈAJNA SALAMA 420g";"900328501";"MEAT APPETIT";"0,42";"KG";"4,59";"10,93";"0";"0";"0";"4,89";"8017596130129";"HRANA"
"ÈAJNI KEKSI SRETNA JUTRA 300g";"910155701";"NO BRAND";"0,3";"KG";"2,99";"9,97";"0";"0";"0";"2,99";"3850135267352";"HRANA"
"ÈAJNO PECIVO 1kg";"900446301";"DOLCIANDO";"1";"KG";"3,49";"3,49";"0";"0";"0";"3,29";"3830042310983";"HRANA"
"ÈAJNO PECIVO 1kg";"900446301";"DOLCIANDO";"1";"KG";"3,49";"3,49";"0";"0";"0";"3,29";"8017596133052";"HRANA"
"ÈARAPE DUGE ŠK.PAM.VLAKNO 2 PARA";"011801601";"JACKBERG/GLISSADE";"1";"PZ";"4,99";"4,99";"0";"0";"0";"4,69";"8017596064714";"PROIZVODI ZA KUÆANSTVO"
"ÈARAPE DUGE ŠK.PAM.VLAKNO 2 PARA";"011801601";"JACKBERG/GLISSADE";"1";"PZ";"4,99";"4,99";"0";"0";"0";"4,69";"8017596120205";"PROIZVODI ZA KUÆANSTVO"
"ÈARAPE KRATKE ŠK.PAM.VLAKNO 2 PARA";"011801501";"JACKBERG/GLISSADE";"1";"PZ";"4,49";"4,49";"0";"0";"0";"3,99";"8017596064707";"PROIZVODI ZA KUÆANSTVO"
"ÈARAPE KRATKE ŠK.PAM.VLAKNO 2 PARA";"011801501";"JACKBERG/GLISSADE";"1";"PZ";"4,49";"4,49";"0";"0";"0";"3,99";"8017596120199";"PROIZVODI ZA KUÆANSTVO"
"ÈAÈKALICE ZA ÈIŠÆENJE ZUBI 400kom";"016906001";"SISTEMA CASA";"1";"PZ";"0,79";"0,79";"0";"0";"0";"0,89";"8017596118394";"PROIZVODI ZA KUÆANSTVO"
"ÈAŠE PLAST. BIORAZ. 200ml 50kom";"018066901";"SISTEMA CASA";"1";"PZ";"1,59";"1,59";"0";"0";"0";"1,59";"8017596111081";"PROIZVODI ZA KUÆANSTVO"
"ÈAŠE PLAST. BIORAZGR. 200ml 80kom";"017799401";"SISTEMA CASA";"1";"PZ";"2,39";"2,39";"0";"0";"0";"2,39";"8017596111074";"PROIZVODI ZA KUÆANSTVO"
"ÈAŠE S DRŠKOM BIORAZ. 100ml 50 kom";"016752501";"SISTEMA CASA";"1";"PZ";"2,49";"2,49";"0";"0";"0";"2,49";"8017596117823";"PROIZVODI ZA KUÆANSTVO"
"ÈAŠE S UZORKOM BIORAZ. 250ml 20kom";"018029901";"SISTEMA CASA";"1";"PZ";"1,99";"1,99";"0";"0";"0";"1,99";"8017596133861";"PROIZVODI ZA KUÆANSTVO"
"ÈAŠE ZA KAVU BIORAZ. 80ml 50kom";"016030601";"SISTEMA CASA";"1";"PZ";"1,69";"1,69";"0";"0";"0";"1,69";"8017596111098";"PROIZVODI ZA KUÆANSTVO"
"ÈEPIÆI ZA UŠI MEKANI 4kom";"016193001";"LA NUOVA PHARMACIA";"1";"PZ";"0,99";"0,99";"0";"0";"0";"0,99";"8017596056900";"KOZMETIKA"
"ÈETKICA ZA ZUBE DJEVOJÈICA";"012322401";"NO BRAND";"1";"PZ";"1,29";"1,29";"0";"0";"0";"1,29";"8032979438777";"KOZMETIKA"
"ÈETKICA ZA ZUBE DJEVOJÈICA";"012322401";"NO BRAND";"1";"PZ";"1,29";"1,29";"0";"0";"0";"1,29";"0672935790051";"KOZMETIKA"
"ÈETKICA ZA ZUBE DJEVOJÈICA";"012322401";"NO BRAND";"1";"PZ";"1,29";"1,29";"0";"0";"0";"1,29";"0672935590057";"KOZMETIKA"
"ÈETKICA ZA ZUBE DJEVOJÈICA";"012322401";"NO BRAND";"1";"PZ";"1,29";"1,29";"0";"0";"0";"1,29";"8032979430641";"KOZMETIKA"
"ÈETKICA ZA ZUBE DJEVOJÈICA";"012322401";"NO BRAND";"1";"PZ";"1,29";"1,29";"0";"0";"0";"1,29";"8032979432331";"KOZMETIKA"
"ÈETKICA ZA ZUBE DJEVOJÈICA";"012322401";"NO BRAND";"1";"PZ";"1,29";"1,29";"0";"0";"0";"1,29";"8032979436605";"KOZMETIKA"
"ÈETKICA ZA ZUBE DJEVOJÈICA";"012322401";"NO BRAND";"1";"PZ";"1,29";"1,29";"0";"0";"0";"1,29";"0672935350057";"KOZMETIKA"
"ÈETKICA ZA ZUBE DJEVOJÈICA";"012322401";"NO BRAND";"1";"PZ";"1,29";"1,29";"0";"0";"0";"1,29";"8032979439552";"KOZMETIKA"
"ÈETKICA ZA ZUBE DJEVOJÈICA";"012322401";"NO BRAND";"1";"PZ";"1,29";"1,29";"0";"0";"0";"1,29";"8032979439958";"KOZMETIKA"
"ÈETKICA ZA ZUBE DJEVOJÈICA";"012322401";"NO BRAND";"1";"PZ";"1,29";"1,29";"0";"0";"0";"1,29";"8056234641146";"KOZMETIKA"
"ÈETKICA ZA ZUBE DJEVOJÈICA";"012322401";"NO BRAND";"1";"PZ";"1,29";"1,29";"0";"0";"0";"1,29";"8056234640286";"KOZMETIKA"
"ÈETKICA ZA ZUBE DJEÈAK";"012322301";"NO BRAND";"1";"PZ";"1,29";"1,29";"0";"0";"0";"1,29";"8032979437749";"KOZMETIKA"
"ÈETKICA ZA ZUBE DJEÈAK";"012322301";"NO BRAND";"1";"PZ";"1,29";"1,29";"0";"0";"0";"1,29";"8032979438487";"KOZMETIKA"
"ÈETKICA ZA ZUBE DJEÈAK";"012322301";"NO BRAND";"1";"PZ";"1,29";"1,29";"0";"0";"0";"1,29";"0672935940098";"KOZMETIKA"
"ÈETKICA ZA ZUBE DJEÈAK";"012322301";"NO BRAND";"1";"PZ";"1,29";"1,29";"0";"0";"0";"1,29";"8032979433987";"KOZMETIKA"
"ÈETKICA ZA ZUBE DJEÈAK";"012322301";"NO BRAND";"1";"PZ";"1,29";"1,29";"0";"0";"0";"1,29";"8032979434700";"KOZMETIKA"
"ÈETKICA ZA ZUBE DJEÈAK";"012322301";"NO BRAND";"1";"PZ";"1,29";"1,29";"0";"0";"0";"1,29";"0672935920090";"KOZMETIKA"
"ÈETKICA ZA ZUBE DJEÈAK";"012322301";"NO BRAND";"1";"PZ";"1,29";"1,29";"0";"0";"0";"1,29";"8032979436544";"KOZMETIKA"
"ÈETKICA ZA ZUBE DJEÈAK";"012322301";"NO BRAND";"1";"PZ";"1,29";"1,29";"0";"0";"0";"1,29";"0672935840053";"KOZMETIKA"
"ÈETKICA ZA ZUBE DJEÈAK";"012322301";"NO BRAND";"1";"PZ";"1,29";"1,29";"0";"0";"0";"1,29";"8032979436896";"KOZMETIKA"
"ÈETKICA ZA ZUBE DJEÈAK";"012322301";"NO BRAND";"1";"PZ";"1,29";"1,29";"0";"0";"0";"1,29";"8032979439583";"KOZMETIKA"
"ÈETKICA ZA ZUBE DJEÈAK";"012322301";"NO BRAND";"1";"PZ";"1,29";"1,29";"0";"0";"0";"1,29";"8032979438449";"KOZMETIKA"
"ÈETKICA ZA ZUBE DJEÈAK";"012322301";"NO BRAND";"1";"PZ";"1,29";"1,29";"0";"0";"0";"1,29";"8056234641825";"KOZMETIKA"
"ÈETKICA ZA ZUBE DJEÈAK";"012322301";"NO BRAND";"1";"PZ";"1,29";"1,29";"0";"0";"0";"1,29";"8056234640286";"KOZMETIKA"
"ÈETKICA ZA ZUBE WHIT/SENS 1kom";"017788001";"WHITE & FRESH";"1";"PZ";"0,89";"0,89";"0";"0";"0";"0,99";"8017596131584";"KOZMETIKA"
"ÈETKICA ZA ZUBE WHIT/SENS 1kom";"017788001";"WHITE & FRESH";"1";"PZ";"0,89";"0,89";"0";"0";"0";"0,99";"8017596070890";"KOZMETIKA"
"ÈEVAPÈIÈI RINFUZA";"016096901";"NO BRAND";"1";"KG";"5,44";"5,44";"0";"0";"0";"5,44";"";"HRANA"
"ÈEŠNJAK 250g";"080087702";"NO BRAND";"0,25";"KG";"1,59";"6,36";"0";"0";"0";"1,59";"9999999999994";"HRANA"
"ÈEŠNJAK 250g";"080087702";"NO BRAND";"0,25";"KG";"1,59";"6,36";"0";"0";"0";"1,59";"8436588101747";"HRANA"
"ÈEŠNJAK 250g";"080087702";"NO BRAND";"0,25";"KG";"1,59";"6,36";"0";"0";"0";"1,59";"3830050935024";"HRANA"
"ÈEŠNJAK 250g";"080087702";"NO BRAND";"0,25";"KG";"1,59";"6,36";"0";"0";"0";"1,59";"38592561093";"HRANA"
"ÈEŠNJAK 250g";"080087702";"NO BRAND";"0,25";"KG";"1,59";"6,36";"0";"0";"0";"1,59";"8436541430174";"HRANA"
"ÈEŠNJAK GRUBO MLJEVENI 50g";"900449601";"DON JEREZ";"0,05";"KG";"1,19";"23,8";"0";"0";"0";"1,19";"8017596109439";"HRANA"
"ÈEŠNJAK GRUBO MLJEVENI 50g";"900449601";"DON JEREZ";"0,05";"KG";"1,19";"23,8";"0";"0";"0";"1,19";"24100519";"HRANA"
"ÈEŠNJAK RFZ";"080159501";"NO BRAND";"1";"KG";"4,99";"4,99";"0";"0";"0";"4,99";"";"HRANA"
"ÈEŠNJAK U GRANULAMA 55g";"009320201";"DON JEREZ";"0,055";"KG";"1,09";"19,82";"0";"0";"0";"1,09";"80730934";"HRANA"
"ÈEŠNJOVKA KOBASICA 200g";"910128401";"PUTOVANJE KROZ OKUSE";"0,2";"KG";"2,89";"14,45";"0";"0";"0";"2,89";"3859893850899";"HRANA"
"ÈEŠNJOVKA KOBASICA 200g";"910128401";"PUTOVANJE KROZ OKUSE";"0,2";"KG";"2,89";"14,45";"0";"0";"0";"2,89";"8017596138026";"HRANA"
"ÈIPS LUK I VRHNJE 160g";"017633201";"MAMBO KIDS";"0,16";"KG";"1,99";"12,44";"0";"0";"0";"1,99";"8017596130389";"HRANA"
"ÈIPS ORIGINAL SLANI TUBA 160g";"017633001";"MAMBO KIDS";"0,16";"KG";"1,99";"12,44";"0";"0";"0";"1,99";"8017596130365";"HRANA"
"ÈIPS PAPRIKA 150g";"900468201";"NO BRAND";"0,15";"KG";"1,15";"7,67";"0";"0";"0";"0,99";"3859888532564";"HRANA"
"ÈIPS PAPRIKA 170g";"011693601";"MAMBO KIDS";"0,17";"KG";"2,09";"12,29";"0";"0";"0";"1,59";"8017596062451";"HRANA"
"ÈIPS PAPRIKA 250g";"900468301";"NO BRAND";"0,25";"KG";"1,69";"6,76";"1,29";"5,16";"1,69";"1,59";"3859888532571";"HRANA"
"ÈIPS PIKANT 150g";"900470101";"NO BRAND";"0,15";"KG";"1,15";"7,67";"0";"0";"0";"0,99";"3859888532830";"HRANA"
"ÈIPS RUSTIKALNI 200g";"008228301";"MAMBO KIDS";"0,2";"KG";"1,29";"6,45";"0";"0";"0";"1,19";"8017596010742";"HRANA"
"ÈIPS SLANI 150g";"900468001";"NO BRAND";"0,15";"KG";"1,15";"7,67";"0";"0";"0";"0,99";"3859888532540";"HRANA"
"ÈIPS SLANI 250g";"900467901";"NO BRAND";"0,25";"KG";"1,69";"6,76";"0";"0";"0";"1,59";"3859888532557";"HRANA"
"ÈIPS SLANI KLASIK 300g";"008504601";"MAMBO KIDS";"0,3";"KG";"1,89";"6,3";"0";"0";"0";"1,89";"8017596010735";"HRANA"
"ÈIPS ŠTAPIÆI OD KRUMPIRA 175g";"014299701";"MAMBO KIDS";"0,175";"KG";"1,29";"7,37";"0";"0";"0";"1,19";"8017596070456";"HRANA"
"ÈISTAÈ PRAŠINE DRŠKA I 5 REZERVI";"016164301";"SISTEMA CASA";"1";"PZ";"3,19";"3,19";"0";"0";"0";"3,19";"8017596064691";"PROIZVODI ZA KUÆANSTVO"
"ÈISTAÈ PRAŠINE NASTAVCI 10 KOM";"016164401";"SISTEMA CASA";"1";"PZ";"2,99";"2,99";"0";"0";"0";"2,99";"8017596053381";"PROIZVODI ZA KUÆANSTVO"
"ÈOK. BOMBONI MARCIPAN NARANCA 170gg";"900564801";"NO BRAND";"0,17";"KG";"2,99";"17,59";"0";"0";"0";"2,39";"5901177157274";"HRANA"
"ÈOK. DRAGEE CHOCO BALLS CRISP 80g";"900461301";"DOLCIANDO";"0,08";"KG";"1,29";"16,13";"0";"0";"0";"0,79";"8017596110947";"HRANA"
"ÈOK. JAJA S KREM. OD LJEŠNJAKA 200g";"013009101";"DOLCIANDO";"0,2";"KG";"2,29";"11,45";"0";"0";"0";"1,99";"8017596006950";"HRANA"
"ÈOK. MLIJEÈNA S LJEŠNJACIMA 100g";"013717701";"DOLCIANDO";"0,1";"KG";"1,79";"17,9";"0";"0";"0";"1,69";"8017596068156";"HRANA"
"ÈOK. SNACK MINI MIX 500g";"016542001";"DOLCIANDO";"0,5";"KG";"4,69";"9,38";"0";"0";"0";"4,49";"8017596113313";"HRANA"
"ÈOK. TAMNA S CIJELIM LJEŠ.250g";"015772201";"DOLCIANDO";"0,25";"KG";"3,59";"14,36";"0";"0";"0";"2,99";"8017596109866";"HRANA"
"ÈOK.BIJELA S KOKOSOM I BADEMOM 90g";"018228501";"DOLCIANDO";"0,09";"KG";"1,89";"21";"0";"0";"0";"1,89";"8017596131034";"HRANA"
"ÈOK.BOMBONI GIANDUIOTTI 180g";"012829501";"DOLCIANDO";"0,18";"KG";"2,99";"16,61";"0";"0";"0";"2,99";"8017596014351";"HRANA"
"ÈOK.BOMBONI KAVA 200g";"015532201";"DOLCIANDO";"0,2";"KG";"2,99";"14,95";"0";"0";"0";"2,49";"8017596104564";"HRANA"
"ÈOK.BOMBONI U METALNOJ KUGLICI 20G";"900599001";"NO BRAND";"0,02";"KG";"1,99";"99,5";"0";"0";"0";"1,69";"5903175681515";"HRANA"
"ÈOK.BOMBONI U METALNOM BORIÈU 20G";"900599101";"NO BRAND";"0,02";"KG";"2,49";"124,5";"0";"0";"0";"1,99";"5903175680846";"HRANA"
"ÈOK.JAJA MLIJEÈNO PUNJENJE 200g";"013009001";"DOLCIANDO";"0,2";"KG";"2,29";"11,45";"0";"0";"0";"1,99";"8017596006943";"HRANA"
"ÈOK.JAJA TAMNA ÈOK.150g";"017600601";"NO BRAND";"0,15";"KG";"1,69";"11,27";"0";"0";"0";"1,69";"8000017527059";"HRANA"
"ÈOK.JAJE S IZNENAÐENJEM LOL 13g";"016111301";"NO BRAND";"0,013";"KG";"1,29";"99,23";"0";"0";"0";"0,93";"80916765";"HRANA"
"ÈOK.JAJE S IZNENAÐENJEM LOL 13g";"016111301";"NO BRAND";"0,013";"KG";"1,29";"99,23";"0";"0";"0";"0,93";"80862031";"HRANA"
"ÈOK.JAJE S IZNENAÐENJEM LOL 13g";"016111301";"NO BRAND";"0,013";"KG";"1,29";"99,23";"0";"0";"0";"0,93";"8004735125405";"HRANA"
"ÈOK.LISTIÆI PUNJENI S MENTOLOM 200g";"015448901";"DOLCIANDO";"0,2";"KG";"3,39";"16,95";"0";"0";"0";"2,29";"5400265025063";"HRANA"
"ÈOK.LISTIÆI PUNJENI S MENTOLOM 200g";"015448901";"DOLCIANDO";"0,2";"KG";"3,39";"16,95";"0";"0";"0";"2,29";"8017596108777";"HRANA"
"ÈOK.PRALINE I RAJF 90g";"910216501";"NO BRAND";"0,09";"KG";"4,99";"55,44";"0";"0";"0";"4,99";"5905858677556";"HRANA"
"ÈOK.PRALINE S KAPOM 90g";"910216601";"NO BRAND";"0,09";"KG";"4,99";"55,44";"0";"0";"0";"4,99";"5905858677532";"HRANA"
"ÈOK.SNACK KARAMELA I KIKIRIKI 250g";"016626001";"DOLCIANDO";"0,25";"KG";"2,59";"10,36";"0";"0";"0";"2,59";"8017596078278";"HRANA"
"ÈOK.SNACK KEKS KARAM. 5kom 290g";"016542101";"DOLCIANDO";"0,29";"KG";"2,79";"9,62";"0";"0";"0";"2,69";"8017596061881";"HRANA"
"ÈOKO KOCKE S&G 440g";"910215701";"NO BRAND";"0,44";"KG";"3,99";"9,07";"0";"0";"0";"3,99";"3830056443592";"HRANA"
"ÈOKO KOCKE XXL S&G 660g";"910199501";"NO BRAND";"0,66";"KG";"5,99";"9,08";"0";"0";"0";"5,99";"3830056444933";"HRANA"
"ÈOKO-KOKOS KOLAÈ 119g";"910123501";"NO BRAND";"0,119";"KG";"1,33";"11,18";"0";"0";"0";"1,33";"5413476990228";"HRANA"
"ÈOKO.VREÈICA NIKOLA 100g";"900634901";"NO BRAND";"0,1";"KG";"1,39";"13,9";"0";"0";"0";"1,39";"3830041973677";"HRANA"
"ÈOKO.VREÈICA SANTA 100g";"900634801";"NO BRAND";"0,1";"KG";"1,39";"13,9";"0";"0";"0";"1,39";"3830041972854";"HRANA"
"ÈOKOLADA 3 VRSTE 200g";"013037701";"DOLCIANDO";"0,2";"KG";"2,99";"14,95";"0";"0";"0";"2,89";"8017596069450";"HRANA"
"ÈOKOLADA 3 VRSTE 200g";"013037701";"DOLCIANDO";"0,2";"KG";"2,99";"14,95";"0";"0";"0";"2,89";"8017596062130";"HRANA"
"ÈOKOLADA 3 VRSTE 200g";"013037701";"DOLCIANDO";"0,2";"KG";"2,99";"14,95";"0";"0";"0";"2,89";"8017596069443";"HRANA"
"ÈOKOLADA BIJELA S LJEŠNJACIMA 100g";"013717601";"DOLCIANDO";"0,1";"KG";"1,79";"17,9";"0";"0";"0";"1,49";"8017596068132";"HRANA"
"ÈOKOLADA COOKIE AND CREAM 300g";"900454901";"NO BRAND";"0,3";"KG";"4,69";"15,63";"0";"0";"0";"3,79";"4000415696801";"HRANA"
"ÈOKOLADA MLIJEÈNA  S KEKSIMA 100g";"910133801";"NO BRAND";"0,1";"KG";"1,29";"12,9";"0";"0";"0";"1,29";"3856024804554";"HRANA"
"ÈOKOLADA MLIJEÈNA FRUIT MIX 220g";"910131901";"NO BRAND";"0,22";"KG";"3,29";"14,95";"0";"0";"0";"3,19";"3856024804479";"HRANA"
"ÈOKOLADA MLIJEÈNA LJEŠ.KREM 90g";"910134001";"NO BRAND";"0,09";"KG";"1,29";"14,33";"0";"0";"0";"1,29";"3856024804530";"HRANA"
"ÈOKOLADA MLIJEÈNA LJEŠNJACI 220g";"910132001";"NO BRAND";"0,22";"KG";"3,29";"14,95";"0";"0";"0";"3,19";"3856024804493";"HRANA"
"ÈOKOLADA MLIJEÈNA S BOMBONIMA 100g";"910134101";"NO BRAND";"0,1";"KG";"1,29";"12,9";"0";"0";"0";"1,29";"3856024804578";"HRANA"
"ÈOKOLADA MLIJEÈNA S KOM.LJEŠ 90g";"018374201";"DOLCIANDO";"0,09";"KG";"1,99";"22,11";"1,49";"16,56";"1,49";"1,99";"8017596131027";"HRANA"
"ÈOKOLADA MLIJEÈNA S LJEŠNJAKOM 250g";"016369001";"DOLCIANDO";"0,25";"KG";"3,59";"14,36";"0";"0";"0";"2,99";"8017596108012";"HRANA"
"ÈOKOLADA MLIJEÈNA S RIŽOM 150g";"900463101";"NO BRAND";"0,15";"KG";"2,49";"16,6";"0";"0";"0";"2,39";"8008743041740";"HRANA"
"ÈOKOLADA MLIJEÈNA ŠVICARSKA 300g";"015227101";"DOLCIANDO";"0,3";"KG";"4,59";"15,3";"0";"0";"0";"4,79";"8017596018588";"HRANA"
"ÈOKOLADA PUNJ.MLIJ/ŽITARICAMA 188g";"017686101";"DOLCIANDO";"0,188";"KG";"2,99";"15,9";"0";"0";"0";"2,79";"8017596130792";"HRANA"
"ÈOKOLADA PUNJ.MLIJ/ŽITARICAMA 23,5g";"017711401";"DOLCIANDO";"0,0235";"KG";"0,49";"20,85";"0";"0";"0";"0,49";"24103121";"HRANA"
"ÈOKOLADA RAZLIÈITA PUNJENJA 100g";"016501001";"DOLCIANDO";"0,1";"KG";"1,39";"13,9";"0";"0";"0";"1,29";"8017596054395";"HRANA"
"ÈOKOLADA RAZLIÈITA PUNJENJA 100g";"016501001";"DOLCIANDO";"0,1";"KG";"1,39";"13,9";"0";"0";"0";"1,29";"8017596054364";"HRANA"
"ÈOKOLADA RAZLIÈITA PUNJENJA 100g";"016501001";"DOLCIANDO";"0,1";"KG";"1,39";"13,9";"0";"0";"0";"1,29";"8017596054371";"HRANA"
"ÈOKOLADA RAZLIÈITA PUNJENJA 100g";"016501001";"DOLCIANDO";"0,1";"KG";"1,39";"13,9";"0";"0";"0";"1,29";"8017596054357";"HRANA"
"ÈOKOLADA S HRSKAVOM RIŽOM 90g";"014595801";"DOLCIANDO";"0,09";"KG";"1,29";"14,33";"0";"0";"0";"1,15";"8017596100436";"HRANA"
"ÈOKOLADA S KARAMELOM 295g";"900455001";"NO BRAND";"0,295";"KG";"4,69";"15,9";"0";"0";"0";"3,79";"4000415696009";"HRANA"
"ÈOKOLADA S KEKSOM 300g";"900454801";"NO BRAND";"0,3";"KG";"4,69";"15,63";"0";"0";"0";"3,79";"4000415696603";"HRANA"
"ÈOKOLADA S KREMOM LJEŠNJAKA 300g";"017175601";"DOLCIANDO";"0,3";"KG";"4,79";"15,97";"0";"0";"0";"3,39";"8017596122025";"HRANA"
"ÈOKOLADA S LJEŠNJACIMA 130g";"016982801";"DOLCIANDO";"0,13";"KG";"2,69";"20,69";"0";"0";"0";"2,49";"8017596101525";"HRANA"
"ÈOKOLADA S LJEŠNJACIMA ŠVIC.300g";"015217201";"DOLCIANDO";"0,3";"KG";"4,59";"15,3";"0";"0";"0";"4,79";"8017596018595";"HRANA"
"ÈOKOLADA S RIŽOM 200G";"910143001";"NO BRAND";"0,2";"KG";"2,99";"14,95";"0";"0";"0";"2,99";"3856024804806";"HRANA"
"ÈOKOLADA TAMNA 100g";"016898901";"DOLCIANDO";"0,1";"KG";"1,39";"13,9";"0";"0";"0";"1,39";"8017596004154";"HRANA"
"ÈOKOLADA TAMNA 90% KAKAO 100g";"014595901";"DOLCIANDO";"0,1";"KG";"2,79";"27,9";"0";"0";"0";"2,79";"8017596101297";"HRANA"
"ÈOKOLADA TAMNA NARAN/BADEM 100g";"016619901";"DOLCIANDO";"0,1";"KG";"1,99";"19,9";"0";"0";"0";"1,99";"8017596115669";"HRANA"
"ÈOKOLADA TAMNA S LJEŠNJACIMA 100g";"013717501";"DOLCIANDO";"0,1";"KG";"1,89";"18,9";"0";"0";"0";"1,69";"8017596068149";"HRANA"
"ÈOKOLADA TAMNA S PISTACIJAMA 100g";"016901301";"DOLCIANDO";"0,1";"KG";"2,29";"22,9";"0";"0";"0";"2,29";"8017596100412";"HRANA"
"ÈOKOLADA TAMNA S RIŽOM 150g";"900463201";"NO BRAND";"0,15";"KG";"2,69";"17,93";"0";"0";"0";"2,39";"8008743041757";"HRANA"
"ÈOKOLADA TAMNA ÐUMBIR/LIMUN 100g";"016620101";"DOLCIANDO";"0,1";"KG";"1,99";"19,9";"0";"0";"0";"1,99";"8017596115676";"HRANA"
"ÈOKOLADA TOFFEE I LJEŠNJACI 300g";"900455101";"NO BRAND";"0,3";"KG";"4,69";"15,63";"0";"0";"0";"3,79";"4000415696405";"HRANA"
"ÈOKOLADA ZA KUHANJE 300g";"910100601";"NO BRAND";"0,3";"KG";"4,29";"14,3";"0";"0";"0";"3,99";"3856024802741";"HRANA"
"ÈOKOLADA ZA KUHANJE 47% 200g";"910219301";"NO BRAND";"0,2";"KG";"2,69";"13,45";"0";"0";"0";"2,69";"3877000595464";"HRANA"
"ÈOKOLADICA MLIJEÈNA 15g";"910121201";"NO BRAND";"0,015";"KG";"0,29";"19,33";"0";"0";"0";"0,29";"5310005030144";"HRANA"
"ÈOKOLADICE U LIMENCI 76g";"910216801";"NO BRAND";"0,076";"KG";"2,99";"39,34";"0";"0";"0";"2,99";"5425000624455";"HRANA"
"ÈOKOLADNA BANANA 280g";"910216301";"DOLCIANDO";"0,28";"KG";"2,79";"9,96";"0";"0";"0";"2,79";"8017596138378";"HRANA"
"ÈOKOLADNA BANANICA 17G";"910217001";"DOLCIANDO";"0,017";"KG";"0,25";"14,71";"0";"0";"0";"0,25";"24103732";"HRANA"
"ÈOKOLADNA BANANICA 17g";"900536501";"NO BRAND";"0,017";"KG";"0,19";"11,18";"0";"0";"0";"0,19";"53100399";"HRANA"
"ÈOKOLADNA BANANICA MINI 120g";"910216201";"DOLCIANDO";"0,12";"KG";"1,15";"9,58";"0";"0";"0";"1,15";"8017596138385";"HRANA"
"ÈOKOLADNA FIG.DJED BOŽIÆNJAK 120g";"910124201";"NO BRAND";"0,12";"KG";"1,49";"12,42";"0";"0";"0";"1,06";"3830041972830";"HRANA"
"ÈOKOLADNA FIGURA DJED BOŽIÆNJAK 60g";"910124001";"NO BRAND";"0,06";"KG";"0,89";"14,83";"0";"0";"0";"0,53";"8606012128446";"HRANA"
"ÈOKOLADNA FIGURA SVETI NIKOLA 60g";"910124101";"NO BRAND";"0,06";"KG";"0,89";"14,83";"0";"0";"0";"0,53";"3830041979440";"HRANA"
"ÈOKOLADNA JAJA 3KOM 60g";"012144501";"NO BRAND";"0,06";"KG";"2,19";"36,5";"0";"0";"0";"2,19";"8004735065329";"HRANA"
"ÈOKOLADNA JAJA S KOM. LJEŠ. 160g";"015771601";"DOLCIANDO";"0,16";"KG";"2,29";"14,31";"0";"0";"0";"1,99";"8017596109941";"HRANA"
"ÈOKOLADNA JAJA SA KARAMELOM 150g";"017600501";"NO BRAND";"0,15";"KG";"1,69";"11,27";"0";"0";"0";"1,69";"8000017526076";"HRANA"
"ÈOKOLADNA MINI JAJA MIJEŠANA 850g";"009321401";"DOLCIANDO";"0,85";"KG";"8,99";"10,58";"0";"0";"0";"7,99";"8000017125347";"HRANA"
"ÈOKOLADNA MINI JAJA MIJEŠANA 850g";"009321401";"DOLCIANDO";"0,85";"KG";"8,99";"10,58";"0";"0";"0";"7,99";"8017596066039";"HRANA"
"ÈOKOLADNA NAPOLITANKA 6 kom 144g";"016845501";"DOLCIANDO";"0,144";"KG";"2,39";"16,6";"0";"0";"0";"2,29";"8017596118660";"HRANA"
"ÈOKOLADNE BANANICE 400g";"900614301";"NO BRAND";"1";"PZ";"2,99";"2,99";"0";"0";"0";"2,99";"3830041976807";"HRANA"
"ÈOKOLADNE RUM PLOÈICE 45g";"910100801";"NO BRAND";"0,045";"KG";"0,55";"12,22";"0";"0";"0";"0,55";"3856024802789";"HRANA"
"ÈOKOLADNI BOMB.MARCIPAN 200g";"900633701";"NO BRAND";"0,2";"KG";"3,39";"16,95";"0";"0";"0";"3,39";"5901177157267";"HRANA"
"ÈOKOLADNI BOMBONI MIX TAM/MLI.170g";"012128901";"DOLCIANDO";"0,17";"KG";"2,99";"17,59";"0";"0";"0";"2,49";"8017596066022";"HRANA"
"ÈOKOLADNI FUDGE KOLAÈ 95g";"910123301";"NO BRAND";"0,095";"KG";"1,29";"13,58";"0";"0";"0";"1,29";"5413476302328";"HRANA"
"ÈOKOLADNI KEKSI 150g";"004435401";"DOLCIANDO";"0,15";"KG";"1,49";"9,93";"0";"0";"0";"1,49";"4001518000298";"HRANA"
"ÈOKOLADNI KEKSI 150g";"004435401";"DOLCIANDO";"0,15";"KG";"1,49";"9,93";"0";"0";"0";"1,49";"8017596006523";"HRANA"
"ÈOKOLADNI LISTIÆI 3 VRSTE 125g";"010412201";"DOLCIANDO";"0,125";"KG";"3,49";"27,92";"0";"0";"0";"2,99";"5400265024707";"HRANA"
"ÈOKOLADNI LISTIÆI 3 VRSTE 125g";"010412201";"DOLCIANDO";"0,125";"KG";"3,49";"27,92";"0";"0";"0";"2,99";"5400265024714";"HRANA"
"ÈOKOLADNI LISTIÆI 3 VRSTE 125g";"010412201";"DOLCIANDO";"0,125";"KG";"3,49";"27,92";"0";"0";"0";"2,99";"5400265024721";"HRANA"
"ÈOKOLADNI LISTIÆI 3 VRSTE 125g";"010412201";"DOLCIANDO";"0,125";"KG";"3,49";"27,92";"0";"0";"0";"2,99";"5400265024738";"HRANA"
"ÈOKOLADNI LISTIÆI 3 VRSTE 125g";"010412201";"DOLCIANDO";"0,125";"KG";"3,49";"27,92";"0";"0";"0";"2,99";"8017596101372";"HRANA"
"ÈOKOLADNI LISTIÆI 3 VRSTE 125g";"010412201";"DOLCIANDO";"0,125";"KG";"3,49";"27,92";"0";"0";"0";"2,99";"8017596101365";"HRANA"
"ÈOKOLADNI LISTIÆI 3 VRSTE 125g";"010412201";"DOLCIANDO";"0,125";"KG";"3,49";"27,92";"0";"0";"0";"2,99";"8017596101341";"HRANA"
"ÈOKOLADNI LISTIÆI 3 VRSTE 125g";"010412201";"DOLCIANDO";"0,125";"KG";"3,49";"27,92";"0";"0";"0";"2,99";"8017596101358";"HRANA"
"ÈOKOLADNI NOVÈIÆI U MREŽICI 150g";"012124801";"DOLCIANDO";"0,15";"KG";"1,99";"13,27";"0";"0";"0";"1,49";"8017596078148";"HRANA"
"ÈOKOLADNI NOVÈIÆI U MREŽICI 150g";"012124801";"DOLCIANDO";"0,15";"KG";"1,99";"13,27";"0";"0";"0";"1,49";"8008743002987";"HRANA"
"ÈOKOLADNI PRUTIÆ 35g";"910202001";"DOLCIANDO";"0,035";"KG";"0,49";"14";"0";"0";"0";"0,49";"24103480";"HRANA"
"ÈOKOLADNI PRUTIÆ KEKS/KARAMELA 210g";"017271501";"DOLCIANDO";"0,21";"KG";"3,69";"17,57";"0";"0";"0";"3,49";"8017596123282";"HRANA"
"ÈOKOLADNI PRUTIÆ KEKS/KARAMELA 210g";"017271501";"DOLCIANDO";"0,21";"KG";"3,69";"17,57";"0";"0";"0";"3,49";"8017596123275";"HRANA"
"ÈOKOLADNI PRUTIÆI MLIJEÈ.PUNJ. 200g";"016620601";"DOLCIANDO";"0,2";"KG";"2,79";"13,95";"0";"0";"0";"2,69";"8017596050236";"HRANA"
"ÈOKOLADNI SNACK KARAMELA 5kom 250g";"016609501";"DOLCIANDO";"0,25";"KG";"2,59";"10,36";"0";"0";"0";"2,59";"8017596113337";"HRANA"
"ÈOKOLADNI SNACK S KOKOSOM 5kom 280g";"016526601";"DOLCIANDO";"0,28";"KG";"2,89";"10,32";"0";"0";"0";"2,69";"8017596113320";"HRANA"
"ÈOKOLADNI VAFEL SNACK 3x45g 135g";"014837501";"DOLCIANDO";"0,135";"KG";"1,89";"14";"0";"0";"0";"1,89";"8004800004574";"HRANA"
"ÈOKOLADNI VAFEL SNACK 3x45g 135g";"014837501";"DOLCIANDO";"0,135";"KG";"1,89";"14";"0";"0";"0";"1,89";"8017596107824";"HRANA"
"ÈOKOLADNI ŽELE 200G";"910133901";"NO BRAND";"0,2";"KG";"1,79";"8,95";"0";"0";"0";"1,69";"3856024804592";"HRANA"
"ÈOKOLADNICA KOKOS SNACK 2 kom 56g";"017779501";"DOLCIANDO";"0,056";"KG";"0,69";"12,32";"0";"0";"0";"0,59";"24100632";"HRANA"
"ÈVARCI 250g";"910129401";"PUTOVANJE KROZ OKUSE";"0,25";"KG";"4,99";"19,96";"0";"0";"0";"4,99";"3859891884483";"HRANA"
"ÈVARCI 250g";"910129401";"PUTOVANJE KROZ OKUSE";"0,25";"KG";"4,99";"19,96";"0";"0";"0";"4,99";"8017596135797";"HRANA"
"ÐUMBIR MLJEVENI 80g";"080281601";"NO BRAND";"0,08";"KG";"2,59";"32,38";"0";"0";"0";"2,59";"8020204327347";"HRANA"
"ÐUMBIR rfz";"080222001";"NO BRAND";"1";"KG";"4,49";"4,49";"0";"0";"0";"4,49";"";"HRANA"
"ŠAMPINJONI 1kg";"080113701";"NO BRAND";"1";"KG";"3,69";"3,69";"0";"0";"0";"3,59";"9999999999994";"HRANA"
"ŠAMPINJONI 1kg";"080113701";"NO BRAND";"1";"KG";"3,69";"3,69";"0";"0";"0";"3,59";"3858893060031";"HRANA"
"ŠAMPINJONI 1kg";"080113701";"NO BRAND";"1";"KG";"3,69";"3,69";"0";"0";"0";"3,59";"3859889098984";"HRANA"
"ŠAMPINJONI 250g";"080468001";"NO BRAND";"0,25";"KG";"1,19";"4,76";"0";"0";"0";"1,19";"3858885877623";"HRANA"
"ŠAMPINJONI 250g";"080468001";"NO BRAND";"0,25";"KG";"1,19";"4,76";"0";"0";"0";"1,19";"3858893060093";"HRANA"
"ŠAMPINJONI 250g";"080468001";"NO BRAND";"0,25";"KG";"1,19";"4,76";"0";"0";"0";"1,19";"3859889098359";"HRANA"
"ŠAMPINJONI 500g";"080198701";"NO BRAND";"0,5";"KG";"1,89";"3,78";"0";"0";"0";"1,89";"9999999999994";"HRANA"
"ŠAMPINJONI 500g";"080198701";"NO BRAND";"0,5";"KG";"1,89";"3,78";"0";"0";"0";"1,89";"3858885877630";"HRANA"
"ŠAMPINJONI 500g";"080198701";"NO BRAND";"0,5";"KG";"1,89";"3,78";"0";"0";"0";"1,89";"3859889098366";"HRANA"
"ŠAMPINJONI 500g";"080198701";"NO BRAND";"0,5";"KG";"1,89";"3,78";"0";"0";"0";"1,89";"3859889267007";"HRANA"
"ŠAMPINJONI BIJELI/ SMEÐI 400g";"080468201";"NO BRAND";"0,4";"KG";"2,49";"6,23";"0";"0";"0";"2,19";"3859889098724";"HRANA"
"ŠAMPINJONI BIJELI/ SMEÐI 400g";"080468201";"NO BRAND";"0,4";"KG";"2,49";"6,23";"0";"0";"0";"2,19";"3859889098755";"HRANA"
"ŠAMPINJONI PORTABELA 250g";"080441101";"NO BRAND";"0,25";"KG";"1,99";"7,96";"0";"0";"0";"1,99";"3859889098748";"HRANA"
"ŠAMPINJONI REZANI 390g/230g";"014256701";"DELIZIE DAL SOLE";"0,23";"KG";"1,19";"5,17";"0";"0";"0";"1,29";"8017596053015";"HRANA"
"ŠAMPINJONI ZLATNI  250g";"080505601";"NO BRAND";"0,25";"KG";"1,29";"5,16";"0";"0";"0";"1,25";"3858893060116";"HRANA"
"ŠAMPON 2u1 PERUT/JAÈANJE 300ml";"016603501";"NEAR YOUR XXX";"0,3";"LT";"1,49";"4,97";"0";"0";"0";"1,49";"8017596114563";"KOZMETIKA"
"ŠAMPON 2u1 PERUT/JAÈANJE 300ml";"016603501";"NEAR YOUR XXX";"0,3";"LT";"1,49";"4,97";"0";"0";"0";"1,49";"8017596114570";"KOZMETIKA"
"ŠAMPON ZA KOSU BLAGI BIO 200ml";"016405601";"AMO ESSERE ECO";"0,2";"LT";"1,79";"8,95";"0";"0";"0";"1,79";"8017596115485";"KOZMETIKA"
"ŠAMPON ZA KOSU HIDRATANTNI/HRANJIVI";"016732901";"NEAR YOUR XXX";"0,3";"LT";"1,29";"4,3";"0";"0";"0";"1,29";"8017596114471";"KOZMETIKA"
"ŠAMPON ZA KOSU HIDRATANTNI/HRANJIVI";"016732901";"NEAR YOUR XXX";"0,3";"LT";"1,29";"4,3";"0";"0";"0";"1,29";"8017596114464";"KOZMETIKA"
"ŠAMPON ZA KOSU HIDRATANTNI/HRANJIVI";"018537301";"NEAR YOUR XXX";"0,3";"LT";"1,29";"4,3";"0";"0";"0";"1,29";"8017596138743";"KOZMETIKA"
"ŠAMPON ZA KOSU HIDRATANTNI/HRANJIVI";"018537301";"NEAR YOUR XXX";"0,3";"LT";"1,29";"4,3";"0";"0";"0";"1,29";"8017596138736";"KOZMETIKA"
"ŠAMPON ZA KOSU KAMILICA/ARGAN 500ml";"018535101";"NEAR YOUR XXX";"0,5";"LT";"1,39";"2,78";"0";"0";"0";"1,39";"8017596138521";"KOZMETIKA"
"ŠAMPON ZA KOSU KAMILICA/ARGAN 500ml";"018535101";"NEAR YOUR XXX";"0,5";"LT";"1,39";"2,78";"0";"0";"0";"1,39";"8017596069399";"KOZMETIKA"
"ŠAMPON ZA KOSU MASNU/BEZ SJAJA300ml";"016603701";"NEAR YOUR XXX";"0,3";"LT";"1,39";"4,63";"0";"0";"0";"1,39";"8017596114488";"KOZMETIKA"
"ŠAMPON ZA KOSU MASNU/BEZ SJAJA300ml";"016603701";"NEAR YOUR XXX";"0,3";"LT";"1,39";"4,63";"0";"0";"0";"1,39";"8017596114495";"KOZMETIKA"
"ŠAMPON ZA KOSU MASNU/BEZ SJAJA300ml";"018529501";"NEAR YOUR XXX";"0,3";"LT";"1,39";"4,63";"0";"0";"0";"1,39";"8017596138651";"KOZMETIKA"
"ŠAMPON ZA KOSU MASNU/BEZ SJAJA300ml";"018529501";"NEAR YOUR XXX";"0,3";"LT";"1,39";"4,63";"0";"0";"0";"1,39";"8017596138668";"KOZMETIKA"
"ŠAMPON ZA KOSU OBOJ/OBNAVL. 300ml";"017277301";"NEAR YOUR XXX";"0,3";"LT";"1,39";"4,63";"0";"0";"0";"1,39";"8017596114501";"KOZMETIKA"
"ŠAMPON ZA KOSU OBOJ/OBNAVL. 300ml";"017277301";"NEAR YOUR XXX";"0,3";"LT";"1,39";"4,63";"0";"0";"0";"1,39";"8017596114518";"KOZMETIKA"
"ŠAMPON ZA KOSU PROTIV PERUTI 250ml";"016405901";"COLOR LOOK";"0,25";"LT";"2,09";"8,36";"0";"0";"0";"1,99";"8017596114587";"KOZMETIKA"
"ŠAMPON ZA KOSU R.MLIJEKO/MED 500ml";"018532301";"NEAR YOUR XXX";"0,5";"LT";"1,39";"2,78";"0";"0";"0";"1,39";"8017596138583";"KOZMETIKA"
"ŠAMPON ZA KOSU R.MLIJEKO/MED 500ml";"018532301";"NEAR YOUR XXX";"0,5";"LT";"1,39";"2,78";"0";"0";"0";"1,39";"8017596138576";"KOZMETIKA"
"ŠAMPON ZA KOSU RAVNA/PERUT 300ml";"016197001";"NEAR YOUR XXX";"0,3";"LT";"1,29";"4,3";"0";"0";"0";"1,29";"8017596000804";"KOZMETIKA"
"ŠAMPON ZA KOSU RAVNA/PERUT 300ml";"016197001";"NEAR YOUR XXX";"0,3";"LT";"1,29";"4,3";"0";"0";"0";"1,29";"8017596112620";"KOZMETIKA"
"ŠAMPON ZA KOSU RAVNU/KOVRÈAVU 250ml";"016406001";"COLOR LOOK";"0,25";"LT";"2,09";"8,36";"0";"0";"0";"1,79";"8017596114594";"KOZMETIKA"
"ŠAMPON ZA KOSU RAVNU/KOVRÈAVU 250ml";"016406001";"COLOR LOOK";"0,25";"LT";"2,09";"8,36";"0";"0";"0";"1,79";"8017596114600";"KOZMETIKA"
"ŠAMPON ZA KOSU SUHU/OŠTEÆENU 250ml";"016406101";"COLOR LOOK";"0,25";"LT";"1,79";"7,16";"0";"0";"0";"1,79";"8017596114617";"KOZMETIKA"
"ŠAMPON ZA KOSU SUHU/OŠTEÆENU 250ml";"016406101";"COLOR LOOK";"0,25";"LT";"1,79";"7,16";"0";"0";"0";"1,79";"8017596114624";"KOZMETIKA"
"ŠAMPON ZA KOSU ZELENI ÈAJ I LAN 1l";"017803301";"NEAR YOUR XXX";"1";"LT";"1,59";"1,59";"0";"0";"0";"1,59";"8017596131546";"KOZMETIKA"
"ŠEÆER KRISTAL BIJELI 1kg";"900381001";"DOLCIANDO";"1";"KG";"0,99";"0,99";"0";"0";"0";"0,99";"3830049080018";"HRANA"
"ŠEÆER KRISTAL BIJELI 1kg";"900381001";"DOLCIANDO";"1";"KG";"0,99";"0,99";"0";"0";"0";"0,99";"8017596074423";"HRANA"
"ŠEÆER SMEÐI 500g";"010318801";"DOLCIANDO";"0,5";"KG";"0,99";"1,98";"0";"0";"0";"0,99";"8000265503003";"HRANA"
"ŠEÆER SMEÐI 500g";"010318801";"DOLCIANDO";"0,5";"KG";"0,99";"1,98";"0";"0";"0";"0,99";"8017596074409";"HRANA"
"ŠEÆER SMEÐI U VREÆICAMA 500g";"013758701";"DOLCIANDO";"0,5";"KG";"1,19";"2,38";"0";"0";"0";"1,19";"8017596074416";"HRANA"
"ŠEÆER SMEÐI U VREÆICAMA 500g";"013758701";"DOLCIANDO";"0,5";"KG";"1,19";"2,38";"0";"0";"0";"1,19";"8058450630157";"HRANA"
"ŠEÆER U PRAHU 500g";"900261601";"NO BRAND";"0,5";"KG";"0,99";"1,98";"0";"0";"0";"0,99";"3830049080049";"HRANA"
"ŠEÆER U VREÆICAMA 1kg";"013759001";"DOLCIANDO";"1";"KG";"2,79";"2,79";"0";"0";"0";"2,79";"8058450630140";"HRANA"
"ŠEÆER U VREÆICAMA 1kg";"013759001";"DOLCIANDO";"1";"KG";"2,79";"2,79";"0";"0";"0";"2,79";"8003529002045";"HRANA"
"ŠEÆER U VREÆICAMA 1kg";"013759001";"DOLCIANDO";"1";"KG";"2,79";"2,79";"0";"0";"0";"2,79";"8017596074430";"HRANA"
"ŠEÆER VOÆNI FRUKTOZA 500g";"011635001";"DOLCIANDO";"0,5";"KG";"2,59";"5,18";"0";"0";"0";"2,59";"8017596063069";"HRANA"
"ŠIPAK rfz";"080029202";"NO BRAND";"1";"KG";"2,99";"2,99";"0";"0";"0";"2,29";"";"HRANA"
"ŠIŠ ÆEVAPI";"070069001";"NO BRAND";"1";"KG";"7,99";"7,99";"0";"0";"0";"7,39";"";"HRANA"
"ŠKAMPI CIJELI 450g";"008165801";"ONDINA";"0,45";"KG";"7,99";"17,76";"0";"0";"0";"7,3";"5060087700168";"HRANA"
"ŠKAMPI CIJELI 450g";"008165801";"ONDINA";"0,45";"KG";"7,99";"17,76";"0";"0";"0";"7,3";"5705510010147";"HRANA"
"ŠKAMPI CIJELI 450g";"008165801";"ONDINA";"0,45";"KG";"7,99";"17,76";"0";"0";"0";"7,3";"8017596040299";"HRANA"
"ŠKARICE ZA NOKTE";"017788601";"LA NUOVA PHARMACIA";"1";"PZ";"1,99";"1,99";"0";"0";"0";"1,99";"24102391";"KOZMETIKA"
"ŠLAG U SPREJU 250ml";"012644301";"LAND";"0,25";"KG";"2,29";"9,16";"0";"0";"0";"2,29";"8017596013859";"HRANA"
"ŠLJIVA BK 500g";"910205701";"NO BRAND";"0,5";"KG";"3,19";"6,38";"0";"0";"0";"2,89";"3858893921400";"HRANA"
"ŠLJIVE CRVENE rfz";"080029801";"NO BRAND";"1";"KG";"1,99";"1,99";"0";"0";"0";"3,69";"";"HRANA"
"ŠLJIVE SUHE BEZ KOŠTICE 250g";"010292801";"MISTER SIBAMBA";"0,25";"KG";"2,89";"11,56";"0";"0";"0";"2,89";"8017596010117";"HRANA"
"ŠMINKA OLOVKA ZA OÈI+ŠILJILO";"016645201";"FIOR DI MAGNOLIA";"1";"PZ";"2,99";"2,99";"0";"0";"0";"2,99";"8017596052391";"KOZMETIKA"
"ŠPAROGE BIJELE 330g/205g";"012032502";"DELIZIE DAL SOLE";"0,205";"KG";"2,39";"11,66";"0";"0";"0";"2,39";"8017596111920";"HRANA"
"ŠPINAT";"014304001";"NO BRAND";"1";"PZ";"0,59";"0,59";"0";"0";"0";"0,59";"8001553801863";"HRANA"
"ŠPINAT";"014304101";"NO BRAND";"1";"PZ";"0,59";"0,59";"0";"0";"0";"0,59";"8001553801900";"HRANA"
"ŠPINAT KOCKE 600g";"003289601";"DELIZIE DAL SOLE";"0,6";"KG";"1,69";"2,82";"0";"0";"0";"1,69";"8017596001559";"HRANA"
"ŠPRICE 5ml 10kom";"016164701";"LA NUOVA PHARMACIA";"1";"PZ";"0,66";"0,66";"0";"0";"0";"0,66";"8017596056924";"KOZMETIKA"
"ŠPRICE 5ml 10kom";"016164701";"LA NUOVA PHARMACIA";"1";"PZ";"0,66";"0,66";"0";"0";"0";"0,66";"8017990160296";"KOZMETIKA"
"ŠTANGICA MALINA VANILIJA 70g";"910217801";"NO BRAND";"0,07";"KG";"0,69";"9,86";"0";"0";"0";"0,69";"";"HRANA"
"ŠTANGICA S MASLINAMA 90g";"910145001";"NO BRAND";"0,09";"KG";"0,69";"7,67";"0";"0";"0";"0,69";"";"HRANA"
"ŠTAPIÆ CREAM BANANA 72ml-48g";"910200001";"NO BRAND";"0,048";"KG";"0,49";"10,21";"0";"0";"0";"0,49";"5310079000951";"HRANA"
"ŠTAPIÆ GOLD CAIRO 105ml-72g";"910169001";"NO BRAND";"0,072";"KG";"1,09";"15,14";"0";"0";"0";"1,09";"5310079004317";"HRANA"
"ŠTAPIÆ GOLD CAIRO 105ml-72g";"910169001";"NO BRAND";"0,072";"KG";"1,09";"15,14";"0";"0";"0";"1,09";"5310079004355";"HRANA"
"ŠTAPIÆ GOLD LOS ANGELES 120ml-72g";"910111401";"NO BRAND";"0,072";"KG";"1,09";"15,14";"0";"0";"0";"1,09";"5310079004034";"HRANA"
"ŠTAPIÆ GOLD LOS ANGELES 120ml-72g";"910111401";"NO BRAND";"0,072";"KG";"1,09";"15,14";"0";"0";"0";"1,09";"5310079004386";"HRANA"
"ŠTAPIÆ GOLD PARIS 105ml/72g";"910168901";"NO BRAND";"0,072";"KG";"1,09";"15,14";"0";"0";"0";"1,09";"5310079004362";"HRANA"
"ŠTAPIÆ LUBENICA 73ml-67g";"910168301";"NO BRAND";"0,067";"KG";"0,59";"8,81";"0";"0";"0";"0,59";"5310079001842";"HRANA"
"ŠTAPIÆ PUNJENJE BERLIN 85ml-55g";"910168501";"NO BRAND";"0,055";"KG";"0,79";"14,36";"0";"0";"0";"0,79";"5310079002559";"HRANA"
"ŠTAPIÆ PUNJENJE BRUSSELS 85ml 55g";"910111601";"NO BRAND";"0,055";"KG";"0,79";"14,36";"0";"0";"0";"0,79";"5310079002566";"HRANA"
"ŠTAPIÆ ROLER JAGODA VA.LIM.85ml-65g";"910168201";"NO BRAND";"0,065";"KG";"0,59";"9,08";"0";"0";"0";"0,59";"5310079002320";"HRANA"
"ŠTAPIÆ S PILETINOM I POVRÆEM 90g";"910180901";"NO BRAND";"0,09";"KG";"1,09";"12,11";"0";"0";"0";"1,09";"3858889893322";"HRANA"
"ŠTAPIÆI GIANDUIA 6KOM 420g";"007314802";"DOLCIANDO";"0,42";"KG";"3,19";"7,6";"2,49";"5,93";"3,19";"3,19";"8017596044228";"HRANA"
"ŠTAPIÆI PUNJENI S KIKIRIKIJEM 150g";"910200901";"MAMBO KIDS";"0,15";"KG";"0,89";"5,93";"0";"0";"0";"0,89";"8017596135476";"HRANA"
"ŠTAPIÆI S MLIJEÈNOM/TAMNOM ÈOK. 90g";"013181601";"DOLCIANDO";"0,09";"KG";"1,89";"21";"0";"0";"0";"1,79";"3045470098116";"HRANA"
"ŠTAPIÆI S MLIJEÈNOM/TAMNOM ÈOK. 90g";"013181601";"DOLCIANDO";"0,09";"KG";"1,89";"21";"0";"0";"0";"1,79";"3045470107115";"HRANA"
"ŠTAPIÆI S MLIJEÈNOM/TAMNOM ÈOK. 90g";"013181601";"DOLCIANDO";"0,09";"KG";"1,89";"21";"0";"0";"0";"1,79";"8017596106476";"HRANA"
"ŠTAPIÆI S MLIJEÈNOM/TAMNOM ÈOK. 90g";"013181601";"DOLCIANDO";"0,09";"KG";"1,89";"21";"0";"0";"0";"1,79";"8017596106469";"HRANA"
"ŠTAPIÆI S MLIJEÈNOM/TAMNOM ÈOK. 90g";"013181601";"DOLCIANDO";"0,09";"KG";"1,89";"21";"0";"0";"0";"1,79";"8017596136060";"HRANA"
"ŠTAPIÆI SEZAM 230g";"910197401";"NO BRAND";"0,23";"KG";"2,99";"13";"0";"0";"0";"2,99";"3859889360333";"HRANA"
"ŠTAPIÆI ZA UŠI BIO RAZGRAD. 300kom";"017100501";"NEAR YOUR XXX";"1";"PZ";"1,05";"1,05";"0";"0";"0";"1,05";"8017596120335";"KOZMETIKA"
"ŠTIPALJKE ZA ODJEÆU 40 kom";"016163201";"SISTEMA CASA";"1";"PZ";"2,49";"2,49";"0";"0";"0";"2,52";"8017596053398";"PROIZVODI ZA KUÆANSTVO"
"ŠTRUDLA JABUKA 500g";"900473701";"NO BRAND";"0,5";"KG";"1,89";"3,78";"0";"0";"0";"2,29";"8606015916057";"HRANA"
"ŠTRUDLA JABUKA 600g";"900447301";"NO BRAND";"0,6";"KG";"2,99";"4,98";"0";"0";"0";"2,99";"8000460010207";"HRANA"
"ŠTRUDLA RICOTTA SIR 600g";"008718301";"NO BRAND";"0,6";"KG";"2,99";"4,98";"0";"0";"0";"2,99";"8000460011174";"HRANA"
"ŠTRUDLA RICOTTA SIR 600g";"008718301";"NO BRAND";"0,6";"KG";"2,99";"4,98";"0";"0";"0";"2,99";"8000460011044";"HRANA"
"ŠTRUDLA VIŠNJA 500g";"900473801";"NO BRAND";"0,5";"KG";"1,89";"3,78";"0";"0";"0";"2,29";"8606015916071";"HRANA"
"ŠTRUDLA ŠUM.VOÆE I VANILI. PUD.500g";"900473901";"NO BRAND";"0,5";"KG";"1,89";"3,78";"0";"0";"0";"2,29";"8606015916095";"HRANA"
"ŠTRUDLE SA SMOKVOM 254g";"900534801";"NO BRAND";"0,254";"KG";"1,19";"4,69";"0";"0";"0";"1,19";"3830079801003";"HRANA"
"ŠUMSKA JAGODA";"014306301";"NO BRAND";"1";"PZ";"0,59";"0,59";"0";"0";"0";"0,59";"8001553803492";"HRANA"
"ŠUMSKO VOÆE SMRZNUTO 400g";"900510601";"NO BRAND";"0,4";"KG";"2,99";"7,48";"0";"0";"0";"2,39";"3858891045320";"HRANA"
"ŠUNKA KUHANA 150g";"010957401";"LA BOTTEGA DEL GUSTO";"0,15";"KG";"2,19";"14,6";"0";"0";"0";"2,19";"8017596007155";"HRANA"
"ŠUNKA KUHANA 150g";"010957401";"LA BOTTEGA DEL GUSTO";"0,15";"KG";"2,19";"14,6";"0";"0";"0";"2,19";"8005214000312";"HRANA"
"ŠUNKA KUHANA 200g";"910024801";"MEAT APPETIT";"0,2";"KG";"1,79";"8,95";"0";"0";"0";"1,79";"3850139520255";"HRANA"
"ŠUNKA KUHANA 200g";"910024801";"MEAT APPETIT";"0,2";"KG";"1,79";"8,95";"0";"0";"0";"1,79";"8017596129413";"HRANA"
"ŠUNKA KUHANA PREMIUM 150g";"017223601";"FRESCHE FETTE";"0,15";"KG";"2,39";"15,93";"0";"0";"0";"2,39";"8017596052971";"HRANA"
"ŠUNKA KUHANA TOAST 2X100g";"012013201";"LA BOTTEGA DEL GUSTO";"0,2";"KG";"2,29";"11,45";"0";"0";"0";"2,19";"8005214000091";"HRANA"
"ŠUNKA KUHANA TOAST 2X100g";"012013201";"LA BOTTEGA DEL GUSTO";"0,2";"KG";"2,29";"11,45";"0";"0";"0";"2,19";"8005214000381";"HRANA"
"ŠUNKA KUHANA TOAST 2X100g";"012013201";"LA BOTTEGA DEL GUSTO";"0,2";"KG";"2,29";"11,45";"0";"0";"0";"2,19";"8017596068507";"HRANA"
"ŠUNKA PEÈENA 100g";"910050901";"NO BRAND";"0,1";"KG";"1,29";"12,9";"0";"0";"0";"1,29";"3838876020252";"HRANA"
"ŠUNKA PEÈENA PUREÆA 100g";"012384101";"LA BOTTEGA DEL GUSTO";"0,1";"KG";"1,29";"12,9";"0";"0";"0";"1,19";"8017596066503";"HRANA"
"ŠUNKA PUREÆA S MASLINAMA 90g";"013706801";"LA BOTTEGA DEL GUSTO";"0,09";"KG";"1,29";"14,33";"0";"0";"0";"1,29";"8017596074171";"HRANA"
"ŠUNKA SUHA";"005160703";"LA BOTTEGA DEL GUSTO";"1";"KG";"14,99";"14,99";"0";"0";"0";"14,99";"";"HRANA"
"ŠUNKA SUHA 80g";"910148801";"MEAT APPETIT";"0,08";"KG";"1,59";"19,88";"0";"0";"0";"1,59";"8017596129239";"HRANA"
"ŠUNKA SUHA 80g";"910148801";"MEAT APPETIT";"0,08";"KG";"1,59";"19,88";"0";"0";"0";"1,59";"3858884937670";"HRANA"
"ŠUNKA SUHA DIMLJENA";"006250502";"LA BOTTEGA DEL GUSTO";"1";"KG";"12,99";"12,99";"0";"0";"0";"12,99";"";"HRANA"
"ŠUNKA SUHA DIMLJENA 120g";"014937301";"LA BOTTEGA DEL GUSTO";"0,12";"KG";"2,19";"18,25";"0";"0";"0";"2,19";"8017596103505";"HRANA"
"ŠUNKA SUHA JUŽNI TIROL IGP 100g";"009057601";"FRESCHE FETTE";"0,1";"KG";"2,19";"21,9";"0";"0";"0";"2,19";"8019315037238";"HRANA"
"ŠUNKA SUHA JUŽNI TIROL IGP 100g";"009057601";"FRESCHE FETTE";"0,1";"KG";"2,19";"21,9";"0";"0";"0";"2,19";"8019315076220";"HRANA"
"ŠUNKA SUHA JUŽNI TIROL IGP 100g";"009057601";"FRESCHE FETTE";"0,1";"KG";"2,19";"21,9";"0";"0";"0";"2,19";"8017596052988";"HRANA"
"ŠUNKA SUHA JUŽNI TIROL IGP 100g";"009057601";"FRESCHE FETTE";"0,1";"KG";"2,19";"21,9";"0";"0";"0";"2,19";"8019315047145";"HRANA"
"ŠUNKA U OVITKU 100g";"900490501";"NO BRAND";"0,1";"KG";"1,05";"10,5";"0";"0";"0";"1,05";"3831020359727";"HRANA"
"ŠUNKA U OVITKU 400g";"910024601";"MEAT APPETIT";"0,4";"KG";"3,19";"7,98";"0";"0";"0";"3,19";"3850139520231";"HRANA"
"ŠUNKA U OVITKU 400g";"910024601";"MEAT APPETIT";"0,4";"KG";"3,19";"7,98";"0";"0";"0";"3,19";"8017596129420";"HRANA"
"ŠUNKA ZA PIZZU";"900008601";"NO BRAND";"1";"KG";"5,19";"5,19";"0";"0";"0";"5,19";"";"HRANA"
"ŠUNKA ZA PIZZU 800g";"910024501";"MEAT APPETIT";"0,8";"KG";"4,59";"5,74";"0";"0";"0";"4,75";"3850139520248";"HRANA"
"ŠUNKA ZA PIZZU 800g";"910024501";"MEAT APPETIT";"0,8";"KG";"4,59";"5,74";"0";"0";"0";"4,75";"8017596129437";"HRANA"
"ÙARAPE MINI 15 DEN CRNE 2P";"017949301";"GLISSADE";"1";"PZ";"1,13";"1,13";"0";"0";"0";"1,13";"8017596072436";"PROIZVODI ZA KUÆANSTVO"
"ŽELE BOMB.U METAL.ÈARAPI 80G";"900599301";"NO BRAND";"0,08";"KG";"4,99";"62,38";"0";"0";"0";"3,69";"5903175681379";"HRANA"
"ŽELIRNI ŠEÆER 1kg";"900281801";"NO BRAND";"1";"KG";"1,99";"1,99";"0";"0";"0";"1,99";"4001726360009";"HRANA"
"ŽELIRNI ŠEÆER 1kg";"900281801";"NO BRAND";"1";"KG";"1,99";"1,99";"0";"0";"0";"1,99";"9012501003214";"HRANA"
"ŽELODEC SALAMA 100g";"910081701";"NO BRAND";"0,1";"KG";"2,99";"29,9";"0";"0";"0";"2,99";"3838876024236";"HRANA"
"ŽEMLJA 75g";"910172501";"NO BRAND";"0,075";"KG";"0,21";"2,8";"0";"0";"0";"0,21";"";"HRANA"
"ŽENSKA BRITVICA 3 OŠTRICE 4kom";"016369901";"FIOR DI MAGNOLIA";"1";"PZ";"2,65";"2,65";"0";"0";"0";"2,65";"8017596067173";"KOZMETIKA"
"ŽITARICE CHOCO BALLS 500g";"012380001";"TRE MULINI";"0,5";"KG";"2,29";"4,58";"0";"0";"0";"2,29";"8017596057747";"HRANA"
"ŽITARICE CHOCO NUTS 375g";"015863401";"TRE MULINI";"0,375";"KG";"1,99";"5,31";"0";"0";"0";"1,99";"8017596065285";"HRANA"
"ŽITARICE CHOCO RICE 500g";"015892101";"TRE MULINI";"0,5";"KG";"2,69";"5,38";"0";"0";"0";"2,69";"8017596057723";"HRANA"
"ŽITARICE CHOCO SHELLS 500g";"015861501";"TRE MULINI";"0,5";"KG";"2,29";"4,58";"0";"0";"0";"2,29";"8017596057730";"HRANA"
"ŽITARICE HONEY RINGS 500g";"015864201";"TRE MULINI";"0,5";"KG";"2,09";"4,18";"0";"0";"0";"1,99";"8017596065292";"HRANA"
"ŽITARICE MIX 5 VRSTA/CRV. RIŽA 400g";"015619301";"DELIZIE DAL SOLE";"0,4";"KG";"1,89";"4,73";"0";"0";"0";"1,89";"8017596106155";"HRANA"
"ŽLICE DRVENE 15kom";"900515901";"NO BRAND";"1";"PZ";"0,79";"0,79";"0";"0";"0";"0,79";"8032764016937";"PROIZVODI ZA KUÆANSTVO"
"ŽLICE DRVENE 15kom";"900624701";"NO BRAND";"1";"PZ";"0,79";"0,79";"0";"0";"0";"0,79";"8001511134163";"PROIZVODI ZA KUÆANSTVO"
"ŽLIÈICE DRVENE 50kom";"900626801";"NO BRAND";"1";"PZ";"2,49";"2,49";"0";"0";"0";"2,49";"8001511133982";"PROIZVODI ZA KUÆANSTVO"
"ŽU ŽU POGAÆICE SA SEZAMOM 1kg";"910204701";"EAT EASY AND TASTY";"1";"KG";"2,49";"2,49";"0";"0";"0";"2,49";"8017596046437";"HRANA"
"ŽVAKAÆA G. JAGODA 60kom84g";"013098901";"NO BRAND";"0,084";"KG";"2,29";"27,26";"0";"0";"0";"2,29";"4009900483346";"HRANA"
"ŽVAKAÆA G. JAGODA 60kom84g";"013098901";"NO BRAND";"0,084";"KG";"2,29";"27,26";"0";"0";"0";"2,29";"4009900483360";"HRANA"
"ŽVAKAÆA G. PROFESSIONAL 60kom84g";"014826101";"NO BRAND";"0,084";"KG";"2,29";"27,26";"0";"0";"0";"2,29";"4009900522212";"HRANA"
"ŽVAKAÆA G.WHITE MENTA STRONG 70g";"012146301";"NO BRAND";"0,07";"KG";"1,89";"27";"0";"0";"0";"1,89";"4009900380324";"HRANA"
"ŽVAKAÆA GUMA EXTRA FRESH 140g";"016940601";"SPINCLASS";"0,14";"KG";"2,69";"19,21";"0";"0";"0";"2,69";"24100915";"HRANA"
"ŽVAKAÆA GUMA EXTRAFR. 3*23,8g 71,4g";"016940801";"SPINCLASS";"0,0714";"KG";"1,39";"19,47";"0";"0";"0";"1,39";"24100946";"HRANA"
"ŽVAKAÆA GUMA HYPER FRESH 5*14g 70g";"016941101";"SPINCLASS";"0,07";"KG";"1,29";"18,43";"0";"0";"0";"1,29";"24100908";"HRANA"
"ŽVAKAÆA GUMA JAGODA 3*22,5g";"016941201";"SPINCLASS";"0,0675";"KG";"1,06";"15,7";"0";"0";"0";"1,06";"8017596118950";"HRANA"
"ŽVAKAÆA GUMA JAGODA/LIMUN 2*32,7g";"016941001";"SPINCLASS";"0,0654";"KG";"1,19";"18,2";"0";"0";"0";"1,19";"24100960";"HRANA"
"ŽVAKAÆA GUMA MENTA 2*32,7g 65,4g";"016940901";"SPINCLASS";"0,0654";"KG";"1,29";"19,72";"0";"0";"0";"1,29";"24100953";"HRANA"
"ŽVAKAÆA GUMA ORAL CARE 98g";"016940501";"SPINCLASS";"0,098";"KG";"2,19";"22,35";"0";"0";"0";"2,19";"24100922";"HRANA"
"ŽVAKAÆE G.WHITE ZELENA MENTA 70g";"012146401";"NO BRAND";"0,07";"KG";"1,89";"27";"0";"0";"0";"1,89";"4009900396455";"HRANA"
"ŽVAKAÆEA G. BUBBLE MINT 70g";"014550401";"NO BRAND";"0,07";"KG";"1,89";"27";"0";"0";"0";"1,89";"4009900485708";"HRANA"
