NAZIV,ŠIFRA,NETO_KOLIÈINA,JEDINICA_MJERE,MARKA,MALOPRODAJNA_CIJENA,MPC_ZA_VRIJEME_POSEBNOG_OBLIKA_PRODAJE,NAJNIZA_CIJENA_U_POSLJ._30_DANA,CIJENA_ZA_JEDINICU_MJERE,BARKOD,KATEGORIJA_PROIZVODA,Sidrena_cijena_na_02.05.2025
Mineralna voda negazirana,0000004,1.5,"1,5l",Saguaro,0.45,,,0.3,4304493258693,Piæe,"0,45"
Mineralna voda gazirana,0000007,1.5,"1,5l",Saguaro,0.45,,,0.3,4056489796367,Piæe,"0,45"
Mineralna voda gazirana,0000007,1.5,"1,5l",Saguaro,0.45,,,0.3,80007852,Piæe,"0,45"
TUC Krekeri SK1,0000011,0.1,100g,,1.15,,,11.5,7622300570293,Hrana,"1,15"
Always Ultra higijenski ulošci BA,0000017,0.058,"9 komada, 10 komada, 14 komada",,1.66,,,0.18,4015400931225,Toaletne potrepštine,"1,66"
Always Ultra higijenski ulošci BA,0000017,0.058,"9 komada, 10 komada, 14 komada",,1.66,,,0.18,8001841263854,Toaletne potrepštine,"1,66"
"Ledeni èaj limun sa šeæerom 1,5l",0000026,1.5,"1,5l",Freeway,1.25,,,0.83,4056489966609,Piæe,"1,05"
"Trajno mlijeko 2,8%",0000055,12,1l,Pilos,0.57,,,0.57,4335619246522,Hrana,Nije_bilo_u_prodaji_02.05.2025
Nescafé Cappuccino 8 kom. BA,0000067,0.444,"108g, 112g",,3.99,,,35.63,8445291532090,Piæe,Nije_bilo_u_prodaji_02.05.2025
Lenor Omekšivaè 60 pranja Sensitiv,0000084,1.8,"1,8l",,5.57,,,0.09,8001841375557,Sredstva za èišæenje,"5,57"
Lenor Omekšivaè G. Orchid 48 pranja,0000087,1.42,"1,42l",,5.57,,,3.92,8001841375885,Sredstva za èišæenje,"5,57"
Ariel Pods Color 35 Kom.,0000088,0.87,35komad,,19.99,,,0.57,8001090727015,Sredstva za èišæenje,"19,99"
Felix Hrana za maèke pilet.&povræe,0000126,0.95,950g,Nestlé,3.99,,,4.2,8445290444288,Proizvodi za kuæanstvo,"3,99"
Purina One hrana za pse puretina,0000152,0.4,4x100g,Nestlé,1.89,,,4.73,7613036919166,Proizvodi za kuæanstvo,"1,89"
Nestlé After Eight Naranèa,0000320,0.2,200g,,3.49,,,17.45,7613287290748,Hrana,"1,86"
Milka Božiæna šalica,0000324,0.1,99g,,6.25,,,63.13,7622210599056,Hrana,"6,99"
Perwoll Tekuæi deter. Color 73pr.,0000331,4.12,"4,015l",Henkel,9.35,,,2.33,9000101576955,Sredstva za èišæenje,"9,35"
Pedigree Pseæe poslastice sort SK2,0000347,0.133,"123g,200g,77g",Mars,1.79,,,8.95,5998749104392,Proizvodi za kuæanstvo,"1,79"
Gillette Mach3 sport brijaè+patrone,0000373,0.039,1komad,,10.99,,,10.99,8700216090285,Kozmetika,"10,99"
Old Spice Deostick Whitewater,0000439,0.099,85ml,,4.99,,,58.71,8006540315118,Kozmetika,"4,39"
Chio Tip Top Cubics ,0000443,0.1,100g,,1.59,,,15.9,3856021303302,Hrana,"1,59"
Silan Omekšivaè Sensitive 76 pranja,0000453,1.672,"1,672l",,5.69,,,3.4,9000101590272,Sredstva za èišæenje,"5,69"
Nestle Nesquik,0000454,0.8,800g,,8.99,,,11.24,5998710960798,Piæe,"7,49"
Èeš. kob. Polièan/Paprika SK2,0001109,0.1,100g,Pikok,1.49,,,14.9,20073664,Hrana,"1,49"
Sladoled štapiæi,0001119,0.528,16x60ml,Ballino,3.99,,,4.16,20001278,Hrana,"3,59"
Sladoled kneževa rolada,0001190,0.49,1l,Ballino,2.99,,,2.99,20125134,Hrana,"2,99"
Knedle sa šljivama,0001205,1,1kg,Culinea,2.65,,,2.65,20093969,Hrana,"2,65"
Nescafé Classic,0001252,0.2,200g,Nestlé,9.99,,,49.95,7891000094457,Piæe,"8,99"
"Grašak, smrznuto",0001255,1,1kg,Freshona,1.99,,,1.99,20156794,Hrana,"2,19"
"XXL Tekuæi jogurt 2,8% m.m.",0001294,1.5,"1,5kg",Pilos,1.69,,,1.13,20660413,Hrana,"1,69"
"XXL Tekuæi jogurt 2,8% m.m.",0001294,1.5,"1,5kg",Pilos,1.69,,,1.13,4304493259720,Hrana,"1,69"
Èokolada s rižom XXL,0001358,0.3,300g,Fin Carré,3.49,,,11.63,20660772,Hrana,"3,65"
Svinjski odresci od buta,0001385,0.6,600g,Naša mesnica,4.19,,,6.98,3858883380354,Hrana,"4,19"
NESTLE After Eight 200g,0001493,0.2,200g,,3.49,,,17.45,7613032596668,Hrana,"2,69"
Carefree Dnevni ulošci sort. SK2,0001496,0.124,56komad,Johnson & Johnson,3.35,,,0.06,3574660322712,Toaletne potrepštine,"3,35"
Carefree Dnevni ulošci sort. SK2,0001496,0.124,56komad,Johnson & Johnson,3.35,,,0.06,3574661256139,Toaletne potrepštine,"3,35"
Kiselo vrhnje 20% m.m.,0001557,0.18,180g,Pilos,0.79,,,4.39,3859888148994,Hrana,"0,69"
"Dukat kiselo vrhnje 12%, 200g",0001560,0.2,200g,,0.94,,,4.7,3850153003192,Hrana,"0,94"
"Tekuæi jogurt 2,8% m.m.",0001561,1,1kg,Pilos,1.69,,,1.69,4304493259645,Hrana,"1,89"
Bref WC Duo Aktiv Pine,0001690,0.052,50ml,Henkel,2.65,,,53,9000100968690,Sredstva za èišæenje,"2,65"
"Pipo Extra pileæa kobasica, 500g",0001697,0.5,500g,,1.79,,,3.58,3850220150583,Hrana,"1,79"
Kuhana šunka narezak,0001719,0.1,100g,Pikok,1.49,,,14.9,4056489197317,Hrana,"1,29"
Èajna kobasica narezak,0001726,0.1,100g,Pikok,1.59,,,15.9,20491932,Hrana,"1,59"
"Janjetina, bez glave, cca. 2kg",0001763,1,cca. 2kg,Naša mesnica,14.99,,,14.99,2123843000000,Hrana,"14,99"
"Janjetina, bez glave, cca. 2kg",0001763,1,cca. 2kg,Naša mesnica,14.99,,,14.99,2817630000000,Hrana,"14,99"
Sirni namaz SK15,0001780,0.2,200g,Milbona,1.49,,,7.45,20010300,Hrana,"1,49"
Sirni namaz SK15,0001780,0.2,200g,Milbona,1.49,,,7.45,20458546,Hrana,"1,49"
"Voæni jogurt 1,8%, SK45, SK46",0001798,0.25,250g,Milbona,0.79,,,3.16,20033033,Hrana,"0,79"
Sirni narezak 3 vrste,0001821,0.25,250g,Milbona,2.99,,,11.96,20014254,Hrana,"2,79"
Namaz od vrhnja SK21,0001889,0.2,200g,Milbona,,1.09,1.79,5.45,20109912,Hrana,"1,55"
Svježa pileæa krila,0001915,1,ca. 500g,Naša mesnica,,2.99,4.19,2.99,2101760000000,Hrana,"4,19"
Svježa pileæa krila,0001915,1,ca. 500g,Naša mesnica,,2.99,4.19,2.99,2852008000000,Hrana,"4,19"
Svježa pileæa krila,0001915,1,ca. 500g,Naša mesnica,,2.99,4.19,2.99,2852009000000,Hrana,"4,19"
"Svježi zrnati sir, SK1",0001932,0.2,200g,Milbona,1.35,,,6.75,20002183,Hrana,"1,29"
"Dim. svinjska koljenica, cca. 1,4kg",0001936,1,"ca. 1,4kg",Pikok,6.99,,,6.99,2123869000000,Hrana,"6,99"
"Rolana lopatica bez kože cca. 1,3kg",0001994,1,"ca. 1,3kg",Pikok,5.75,,,5.75,2123866000000,Hrana,"5,75"
"Rolana lopatica bez kože cca. 1,3kg",0001994,1,"ca. 1,3kg",Pikok,5.75,,,5.75,2847717000000,Hrana,"5,75"
"Rolana lopatica bez kože cca. 1,3kg",0001994,1,"ca. 1,3kg",Pikok,5.75,,,5.75,2847718000000,Hrana,"5,75"
Crvena slatka zaèinska paprika,0002084,0.25,250g,Kania,3.99,,,15.96,4056489271994,Hrana,"3,99"
Mljeveni crni papar,0002095,0.1,100g,Kania,1.39,,,13.9,4056489207641,Hrana,"1,79"
Fritt Voæne karamele SK22,0002167,0.07,70g,,0.99,,,14.14,4000607512803,Hrana,"0,99"
Fritt Voæne karamele SK22,0002167,0.07,70g,,0.99,,,14.14,5901783034211,Hrana,"0,99"
Nescafé Cappuccino sort.,0002183,0.135,"112g,148g",Nestlé,4.19,,,37.41,5011546477633,Piæe,"4,19"
Nescafé Cappuccino sort.,0002183,0.135,"112g,148g",Nestlé,4.19,,,28.31,5011546477640,Piæe,"4,19"
Nescafé Cappuccino sort.,0002183,0.135,"112g,148g",Nestlé,4.19,,,37.41,7613035440081,Piæe,"4,19"
Nescafé Cappuccino sort.,0002183,0.135,"112g,148g",Nestlé,4.19,,,28.31,7613035919433,Piæe,"4,19"
Nescafé Cappuccino sort.,0002183,0.135,"112g,148g",Nestlé,4.19,,,37.41,7613036701990,Piæe,"4,19"
"Brašno TIP 400 oštro, 1kg",0002224,1,1kg,Belbake,0.75,,,0.75,20156596,Hrana,"0,75"
Prašak za pecivo 10kom.,0002241,0.15,150g,Belbake,0.95,,,6.33,20003333,Hrana,"0,6"
"Gavriloviæ Jetrena pašteta, 100g",0002437,0.1,100g,,1.55,,,15.5,3859892569624,Hrana,"1,49"
"Gavriloviæ Èajna pašteta, 100g",0002440,0.1,100g,,1.55,,,15.5,3859892569648,Hrana,"1,49"
"Fanta Orange, 2l",0002667,2.07,2l,Coca-Cola,2.39,,,1.2,5449000016669,Piæe,"2,28"
Èajni kolutiæi,0002729,0.4,400g,Sondey,1.79,,,4.48,20005382,Hrana,"1,79"
Soft cake SK4,0002743,0.15,150g,Tastino,1.19,,,7.93,20073046,Hrana,"1,15"
Soft cake SK4,0002743,0.15,150g,Tastino,1.19,,,7.93,20073053,Hrana,"1,15"
Draže bomboni s mlijeè. èokoladom,0002874,0.15,150g,Mister Choc,1.69,,,11.27,20114800,Hrana,"1,69"
Orbit žvakaæe gume sort. I,0002907,0.014,14g,Mars,0.99,,,0.99,42113270,Hrana,"0,99"
Orbit žvakaæe gume sort. I,0002907,0.014,14g,Mars,0.99,,,0.99,50173808,Hrana,"0,99"
Milka Èokolada sort.,0002911,0.279,"250g, 276g, 300g",,5.99,,,19.97,7622200009084,Hrana,"5,99"
Milka Èokolada sort.,0002911,0.279,"250g, 276g, 300g",,5.99,,,23.96,7622210683724,Hrana,"5,99"
Milka Èokolada sort.,0002911,0.279,"250g, 276g, 300g",,5.99,,,21.7,7622400717055,Hrana,"5,99"
"Biskvit SK2, SK13, SK20, SK23 400g",0002940,0.4,400g,Confiserie Firenze,2.49,,,6.23,20139797,Hrana,"2,69"
"Biskvit SK2, SK13, SK20, SK23 400g",0002940,0.4,400g,Confiserie Firenze,2.49,,,6.23,4056489697763,Hrana,"2,69"
"Biskvit SK2, SK13, SK20, SK23 400g",0002940,0.4,400g,Confiserie Firenze,2.49,,,6.23,4335619203228,Hrana,"2,69"
Vafel s 32% svj. jaja,0002969,0.25,250g,Confiserie Firenze,1.99,,,7.96,4056489182528,Hrana,"1,99"
Kompletna hrana za maèke SK19,0003002,0.1,100g,Coshida,0.39,,,3.9,20106768,Proizvodi za kuæanstvo,"0,45"
"Cedevita Instant nap. naranèa, 1kg",0003013,1,1000g,,6.69,,,6.69,3850322015780,Piæe,"6,39"
Suha hrana za pse s govedinom,0003022,10,10kg,Bellosan,9.99,,,1,4056489736523,Proizvodi za kuæanstvo,"9,99"
Šampon za svakodne. pranje kose SK6,0003034,0.515,500ml,Cien,1.39,,,2.78,20153755,Kozmetika,"1,39"
Šampon za svakodne. pranje kose SK6,0003034,0.515,500ml,Cien,1.39,,,2.78,20303693,Kozmetika,"1,39"
Šampon za svakodne. pranje kose SK6,0003034,0.515,500ml,Cien,1.39,,,2.78,4056489815594,Kozmetika,"1,39"
Pjena za kosu SK8,0003050,0.22,250ml,Cien,1.33,,,5.32,20006501,Kozmetika,1.33
Pjena za kosu SK8,0003050,0.22,250ml,Cien,1.33,,,5.32,20152840,Kozmetika,1.33
Pjena za kosu SK8,0003050,0.22,250ml,Cien,1.33,,,5.32,20220440,Kozmetika,1.33
Krema za njegu kože SK1,0003083,0.249,250ml,Cien,1.55,,,6.2,20057060,Kozmetika,"1,55"
"Cedevita Instant nap., SK5, 200g",0003086,0.2,200g,,2.19,,,10.95,3850322009871,Piæe,"2,09"
Q10 krema za lice protiv bora SK7 ,0003089,0.051,50ml,Cien,2.89,,,57.8,20120061,Kozmetika,"2,89"
Èetkice za zube SK3,0003117,0.037,2komad,Dentalux,0.89,,,0.45,20055929,Kozmetika,"0,89"
Pasta za zube SK6,0003120,0.155,125ml,Dentalux,0.85,,,6.8,4056489857297,Kozmetika,"1,05"
Signal zubna pasta SK2,0003124,0.075,75ml,,2.69,,,35.87,5900300056101,Kozmetika,"2,19"
"Tekuæina za ispiranje usta, SK15",0003125,0.508,500ml,Dentalux,1.45,,,2.9,20964962,Kozmetika,"1,45"
Specijalna sol za perilicu posuða,0003169,2,2kg,W5,1.45,,,0.73,20038953,Sredstva za èišæenje,"1,45"
Domestos sort.,0003183,0.75,750ml,,3.29,,,4.39,8718114630106,Sredstva za èišæenje,"2,49"
Sredstvo za uklanjanje kamenca,0003193,0.523,500ml,W5,1.25,,,2.5,4056489411352,Sredstva za èišæenje,"1,25"
Tamponi SK3,0003257,0.054,24komad,Siempre,1.55,,,0.06,20110710,Toaletne potrepštine,"1,55"
Higijenski ulošci SK6,0003262,0.145,"14komad,20komad",Siempre,1.29,,,0.06,20069650,Toaletne potrepštine,"1,29"
Nola elektronski upaljaè,0003316,0.049,3komad,,1.09,,,0.36,20002848,Proizvodi za kuæanstvo,"1,09"
"Alkalna baterija 1,5 V AAA",0003331,0.098,8komad,Aerocell,1.99,,,0.25,20080570,Proizvodi za kuæanstvo,"1,99"
"Lino Èokolino, 500g",0003401,0.5,500g,,4.99,,,9.98,3850104210259,Hrana,"4,99"
"Gavriloviæ Mesni doruèak, 150g",0003448,0.15,150g,,2.15,,,14.33,3858881220010,Hrana,"2,15"
"Vegeta Univerzalni zaèin, 1kg",0003569,1,1kg,,5.99,,,5.99,3850104047046,Hrana,"5,99"
Gazirano piæe naranèa sa sladilom,0003610,2,2l,Freeway,0.99,,,0.5,4304493257078,Piæe,"0,89"
"Vafel s mlij. i lješ. kremom, UTZ",0003650,0.25,250g,Sondey,2.25,,,9,20146092,Hrana,"2,25"
Palette Int. Color Creme boja SK4,0003664,0.11,1komad,Henkel,4.25,,,4.25,3838824159416,Kozmetika,"5,25"
Palette Int. Color Creme boja SK4,0003664,0.11,1komad,Henkel,4.25,,,4.25,3838824159614,Kozmetika,"5,25"
Palette Int. Color Creme boja SK4,0003664,0.11,1komad,Henkel,4.25,,,4.25,3838905170064,Kozmetika,"5,25"
"Kakao krema s okusom lješ., SK2",0003690,0.4,400g,Mister Choc,1.99,,,4.98,20079598,Hrana,"1,99"
Axe Dezodorans u spreju Africa,0003696,0.15,150ml,,4.89,,,32.6,8712561120029,Kozmetika,"4,55"
Dj. èetkica za zube,0003757,0.039,2komad,Dentalux,0.89,,,0.45,20148560,Kozmetika,"0,89"
Biljni liker 35% Vol.,0003769,0.7,"0,7l",Jagdstolz,5.19,,,7.41,4304493262317,Piæe,"5,19"
Slani štapiæi,0003790,0.25,250g,Snack Day,0.79,,,3.16,20005627,Hrana,"0,79"
Talijanski umaci SK8,0003805,0.42,400ml,Combino,1.79,,,4.48,20023218,Hrana,"1,79"
Topljeni sir trokutiæi 50% m.m.,0003831,0.4,400g,Milbona,4.39,,,10.98,20157517,Hrana,"4,29"
Topljeni sir u kadicama SK18,0003834,0.2,200g,Milbona,1.89,,,9.45,4056489117605,Hrana,"1,89"
Èokoladni vafli SK10,0003869,0.125,125g,Sondey,1.99,,,15.92,20113735,Hrana,"1,69"
"Bellarom Minas mljevena kava, 200g",0003892,0.2,200g,Bellarom,3.49,,,17.45,4056489925439,Piæe,"3,19"
Pesto SK17,0003914,0.19,190g,Baresa,1.85,,,9.74,20425562,Hrana,"1,85"
Pro Vitamin balzam za kosu SK9,0003947,0.299,300ml,Cien,1.49,,,4.97,20250874,Kozmetika,"1,49"
Pro Vitamin balzam za kosu SK9,0003947,0.299,300ml,Cien,1.49,,,4.97,4056489176374,Kozmetika,"1,49"
Old Spice Deo stick,0004454,0.056,50ml,,3.85,,,77,8001841283906,Kozmetika,"3,85"
Old Spice Deo stick,0004454,0.056,50ml,,3.85,,,77,8700216162173,Kozmetika,"3,85"
Old Spice Deo stick,0004454,0.056,50ml,,3.85,,,77,8700216203982,Kozmetika,"3,85"
Bebimil Hrana za dojenèad 2,0004474,0.6,600g,,11.25,,,18.75,9007253104906,Hrana,"11,25"
Heineken pivo 5.0 %,0004768,0.5,"0,5l",,1.75,,,3.5,3830001714692,Piæe,"1,67"
Heineken pivo 5.0 %,0004768,0.5,"0,5l",,1.75,,,3.5,5998822360189,Piæe,"1,67"
"Kinder Schoko-Bons, 125g",0004806,0.125,125g,,3.69,,,29.52,5413548280189,Hrana,"3,29"
Mileram 22% m.m.,0004807,0.9,900g,Pilos,2.89,,,3.21,20449049,Hrana,"2,89"
"Mallow Cocktail, 300g",0004840,0.3,300g,Sweet Corner,1.99,,,6.63,20564087,Hrana,"1,99"
"Mljeveno miješano meso XXL, 1kg",0004935,1,1kg,Naša mesnica,5.39,,,5.39,20539825,Hrana,"4,85"
Gouda komad,0004984,0.4,400g,Pilos,3.95,,,9.88,5900120065871,Hrana,"3,95"
Argeta Riblja pašteta SK1,0005139,0.095,95g,,1.99,,,20.95,3838471042291,Hrana,"1,99"
"Argeta Kokošja pašteta SK2, 95g",0005140,0.095,95g,,1.49,,,15.68,3838471051712,Hrana,"1,39"
"Argeta Kokošja pašteta SK2, 95g",0005140,0.095,95g,,1.49,,,15.68,3838975567016,Hrana,"1,39"
"Dimljena peèenica, cca. 400g",0005216,1,ca. 400g,Pikok,6.79,,,6.79,2852160000000,Hrana,"6,79"
Pivac Chardonnay,0005351,1.985,2l,,2.89,,,1.45,5319991722033,Piæe,"2,89"
"BO Pecivo žemlja SUS, 75g",0005369,0.075,75g,,0.21,,,2.8,3859890771173,Hrana,"0,21"
"Svježi pileæi želuci, 500g",0005594,0.5,500g,,1.59,,,3.18,4334035669854,Hrana,"1,49"
Svježi pileæi filet,0005607,1,ca. 500g,Naša mesnica,7.39,,,7.39,2852024000000,Hrana,"7,39"
Svježi pileæi filet,0005607,1,ca. 500g,Naša mesnica,7.39,,,7.39,2852029000000,Hrana,"7,39"
Spužva za posuðe,0005619,0.06,10komad,W5,0.99,,,0.1,20209889,Proizvodi za kuæanstvo,"0,99"
Axe gel za tuširanje sort.,0005639,0.257,250ml,,2.49,,,9.96,40883588,Kozmetika,"2,99"
Axe gel za tuširanje sort.,0005639,0.257,250ml,,2.49,,,9.96,8710447276631,Kozmetika,"2,99"
"Èokoladne bananice, 5x17g",0005681,0.085,5x17g,Mister Choc,0.89,,,10.47,20389413,Hrana,0.89
Soda bikarbona,0005698,0.05,50g,Belbake,0.15,,,3,20295264,Hrana,"0,15"
Skuša fileti u umaku rajèica,0005719,0.17,170g,Nixe,1.69,,,9.94,20096410,Hrana,"1,59"
Dolcela Gussnel,0005733,0.25,250g,,1.99,,,7.96,3850104278556,Hrana,"1,99"
Argeta Junior kokošja pašteta 3x95g,0005751,0.285,3x95g,,3.19,,,11.19,3838471027267,Hrana,"3,49"
Tic Tac SK5,0005761,0.018,18g,,0.79,,,0.79,80052043,Hrana,"0,79"
Tic Tac SK5,0005761,0.018,18g,,0.79,,,0.79,80916666,Hrana,"0,79"
"Napolitanke SK3, UTZ",0005796,0.8,800g,Sondey,2.49,,,3.11,20434366,Hrana,"2,69"
"Jadranska lokarda, cijela, smrz.",0005865,1,1000g,Okusi zavièaja,3.49,,,3.49,20538286,Hrana,"3,49"
Èeš. trajna kobasica Vysoèina,0005879,0.7,700g,Pikok,,4.79,6.69,6.84,20073541,Hrana,"6,69"
Schauma šampon sort.,0005896,0.52,400ml,,3.17,,,7.93,4015100216509,Kozmetika,"3,17"
Schauma šampon sort.,0005896,0.52,400ml,,3.17,,,7.93,4015100216523,Kozmetika,"3,17"
Mladi istarski sir,0005927,0.3,300g,Okusi zavièaja,5.49,,,18.3,20538484,Hrana,"5,29"
"Orbit White žvakaæe gume sort., 14g",0005954,0.014,14g,Mars,0.99,,,0.99,42069942,Hrana,"0,99"
Pag 91 Kuhinjska morska sol sitna,0005970,5,5kg,,1.49,,,0.3,3859888817135,Hrana,"1,59"
"Èokoladne kuglice, 80g",0006062,0.08,80g,Mister Choc,1.29,,,16.13,20476557,Hrana,"0,89"
"Stella Artois Svijetlo pivo 5% 0,5l",0006153,0.5,"0,5l",,1.65,,,3.3,3850131486009,Piæe,"1,65"
"Svj.pil. zadnja èetvrt, cca.650g",0006219,1,ca. 650g,Naša mesnica,2.99,,,2.99,2101810000000,Hrana,"2,99"
Raid Tablete za el. aparat,0006232,0.035,1komad,,5.09,,,0.17,5000204358278,Proizvodi za kuæanstvo,"5,09"
"Jack Daniels Tennessee Whiskey, 40%",0006251,0.7,"0,7l",,24.22,,,34.6,5099873012499,Piæe,"24,22"
"Smirnoff Vodka 37,5%",0006252,0.68,"0,7l",,16.59,,,23.7,5410316671118,Piæe,"16,59"
Ballantine's Ble. Scotch Whisky 40%,0006253,0.663,"0,7l",,16.19,,,23.13,5000299629413,Piæe,"15,52"
Ritter Sport SK17,0006343,0.1,100g,Ritter,2.39,,,23.9,4000417012005,Hrana,"1,79"
Ritter Sport SK17,0006343,0.1,100g,Ritter,2.39,,,23.9,4000417019004,Hrana,"1,79"
Ritter Sport SK17,0006343,0.1,100g,Ritter,2.39,,,23.9,4000417020000,Hrana,"1,79"
Ritter Sport SK17,0006343,0.1,100g,Ritter,2.39,,,23.9,4000417022004,Hrana,"1,79"
Ritter Sport SK17,0006343,0.1,100g,Ritter,2.39,,,23.9,4000417023001,Hrana,"1,79"
Ritter Sport SK17,0006343,0.1,100g,Ritter,2.39,,,23.9,4000417214003,Hrana,"1,79"
Ritter Sport SK17,0006343,0.1,100g,Ritter,2.39,,,23.9,4000417920003,Hrana,"1,79"
Šunka narezak,0006391,0.1,100g,Pikok,1.09,,,10.9,20491857,Hrana,"0,99"
Hren SK2,0006427,0.189,"185g,190g",Kania,1.19,,,6.26,20359492,Hrana,"1,19"
"Svježa pileæa leða, cca. 750g",0006457,1,ca. 750g,Naša mesnica,1.69,,,1.69,2852036000000,Hrana,"1,69"
"Svježa pileæa leða, cca. 750g",0006457,1,ca. 750g,Naša mesnica,1.69,,,1.69,2891130000000,Hrana,"1,69"
"Svježa pileæa leða, cca. 750g",0006457,1,ca. 750g,Naša mesnica,1.69,,,1.69,2891137000000,Hrana,"1,69"
"Svježa pileæa leða, cca. 750g",0006457,1,ca. 750g,Naša mesnica,1.69,,,1.69,2891138000000,Hrana,"1,69"
Danone Actimel BA 4x100g,0006461,0.4,4x100g,Danone,1.59,,,3.98,5997536112558,Hrana,"1,59"
"Svježa pileæa prsa, bk sk, cca 500g",0006488,1,ca. 500g,Naša mesnica,5.99,,,5.99,2136961000000,Hrana,"5,89"
"Svježa pileæa prsa, bk sk, cca 500g",0006488,1,ca. 500g,Naša mesnica,5.99,,,5.99,2852052000000,Hrana,"5,89"
"Svježa pileæa prsa, bk sk, cca 500g",0006488,1,ca. 500g,Naša mesnica,5.99,,,5.99,2852053000000,Hrana,"5,89"
"Svježa pileæa prsa, bk sk, cca 500g",0006488,1,ca. 500g,Naša mesnica,5.99,,,5.99,2852059000000,Hrana,"5,89"
"Svježa pileæa prsa, bk sk, cca 500g",0006488,1,ca. 500g,Naša mesnica,5.99,,,5.99,2864880000000,Hrana,"5,89"
"Svježa pileæa prsa, bk sk, cca 500g",0006488,1,ca. 500g,Naša mesnica,5.99,,,5.99,2891143000000,Hrana,"5,89"
"Svježa pileæa prsa, bk sk, cca 500g",0006488,1,ca. 500g,Naša mesnica,5.99,,,5.99,2891145000000,Hrana,"5,89"
"Svježa pileæa prsa, bk sk, cca 500g",0006488,1,ca. 500g,Naša mesnica,5.99,,,5.99,2891148000000,Hrana,"5,89"
"Svježa pileæa prsa, bk sk, cca 500g",0006488,1,ca. 500g,Naša mesnica,5.99,,,5.99,3858890930849,Hrana,"5,89"
Imako Vranac 2l,0006571,1.99,2l,,2.65,,,1.33,5319990776013,Piæe,"2,65"
"Domaæe masl. s košt. SK1, OM: 200g",0006628,0.2,370ml,Okusi zavièaja,2.49,,,12.45,20428846,Hrana,"3,29"
"Palenta-kukuruzna krupica, 500g",0006649,0.5,500g,Okusi zavièaja,0.89,,,1.78,20492267,Hrana,"0,89"
"Svježi pileæi zabatak, cca. 500g",0006675,1,ca. 500g,Naša mesnica,4.09,,,4.09,2891979000000,Hrana,"4,09"
Lovorov list cijeli,0006688,0.005,5g,Kania,0.25,,,0.25,4056489787396,Hrana,"0,25"
Gillette Pjena za brijanje sort.,0006712,0.196,200ml,,2.89,,,14.45,3014260228668,Kozmetika,"2,89"
"Pileæi mix za juhu, cca. 500g",0006735,1,ca. 500g,Naša mesnica,2.99,,,2.99,2891124000000,Hrana,"2,69"
Air Wick Fresh Matic Refill SK2,0008404,0.17,250ml,,6.69,,,26.76,5999109543578,Sredstva za èišæenje,"6,69"
Studenac Gazirana mineralna voda ,0008473,6,"4x1,5l",,2.59,,,0.43,3856022302595,Piæe,"2,29"
Nivea Sun Protect & Bronze ZF 20,0008722,0.2,200ml,,12.99,,,64.95,4005808432394,Kozmetika,"12,99"
Nivea Sun Protect & Bronze ZF 20,0008722,0.2,200ml,,12.99,,,64.95,7319470012127,Kozmetika,"12,99"
"Mješavina èajnih peciva, RFA",0008919,1,1000g,Sondey,8.99,,,8.99,20320041,Hrana,"8,99"
"Cabernet Sauvignon, kval. crno vino",0008926,0.743,"0,75l",Winemakers of Croatia,5.49,,,7.32,4304493259751,Piæe,"5,49"
Malvazija Ist. kvalite. bijelo vino,0008928,0.75,"0,75l",Winemakers of Croatia,6.49,,,8.65,4304493256507,Piæe,"6,49"
"Štark Smoki flips, 130g",0008931,0.13,130g,,1.29,,,9.92,8600939507087,Hrana,"1,29"
"Pošip, vrhunsko bijelo vino ",0009006,0.744,"0,75l",Winemakers of Croatia,5.99,,,7.99,4304493256729,Piæe,"5,99"
"Svinjski file, cca. 400g",0009053,1,ca. 400g,Naša mesnica,8.89,,,8.89,2874970000000,Hrana,"8,89"
"Svinjski file, cca. 400g",0009053,1,ca. 400g,Naša mesnica,8.89,,,8.89,2890530000000,Hrana,"8,89"
"Barilla Fusilli, 500g",0009185,0.5,500g,Barilla,1.95,,,3.9,8076802085981,Hrana,"1,19"
Coca Cola Zero 5+1 gratis,0009263,1.98,"6x0,33l",Coca-Cola,5.19,,,2.62,5000112623475,Piæe,"5,25"
"Ožujsko Svijetlo pivo 5%, 1l-PET",0009325,1,1l,,2.09,,,2.09,3850131400807,Piæe,"2,09"
Kozmetièke maramice 3-slojne aloe v,0009374,0.17,90komad,Cien,1.29,,,0.01,20173852,Toaletne potrepštine,"1,29"
Spužvasta krpa,0009379,0.141,5komad,W5,1.25,,,0.25,20056520,Proizvodi za kuæanstvo,"1,25"
"Petit keks, 1000g",0009403,1,1000g,Sondey,2.49,,,2.49,3871354001411,Hrana,"2,59"
Vrhnje u spreju,0009818,0.255,250ml,Pilos,2.29,,,9.16,20139407,Hrana,"2,29"
Gel za kosu za muškarce SK13,0009855,0.15,"150ml,200ml",Cien,1.79,,,8.95,20336752,Kozmetika,"1,79"
Gel za kosu za muškarce SK13,0009855,0.15,"150ml,200ml",Cien,1.79,,,11.93,20551643,Kozmetika,"1,79"
Bjelilo za kavu,0009856,0.2,200g,Bellarom,1.25,,,6.25,20058548,Hrana,"1,25"
"Èoko vafli lješnjak, UTZ, RFA",0009859,0.04,40g,Sondey,0.39,,,0.39,20083298,Hrana,"0,39"
"Toaletni papir, 4-slojni",0009891,1.23,1600Blatt,Floralys,4.39,,,0.44,20007379,Toaletne potrepštine,"4,39"
"Alpska šunka u komadu, cca. 600g",0010237,1,ca. 600g,Alpenfest,12.69,,,12.69,2228885000000,Hrana,"12,69"
"Alpska šunka u komadu, cca. 600g",0010237,1,ca. 600g,Alpenfest,12.69,,,12.69,2228888000000,Hrana,"12,69"
"Alpska šunka u komadu, cca. 600g",0010237,1,ca. 600g,Alpenfest,12.69,,,12.69,2810231000000,Hrana,"12,69"
"Alpska šunka u komadu, cca. 600g",0010237,1,ca. 600g,Alpenfest,12.69,,,12.69,2810233000000,Hrana,"12,69"
"Alpska šunka u komadu, cca. 600g",0010237,1,ca. 600g,Alpenfest,12.69,,,12.69,2868940000000,Hrana,"12,69"
Hot-Dog hrenovke (ATG300g),0010238,0.55,550g,MCENNEDY,2.99,,,9.97,20149710,Hrana,"3,19"
Kobasica za peèenje,0010501,0.5,500g,Dulano Selection,3.69,,,7.38,20299729,Hrana,"3,49"
Majoneza 80%,0011319,0.466,500ml,Kania,2.29,,,4.58,20051389,Hrana,"2,29"
Maslinovo ulje ekstra djev.,0011366,0.912,1l,Primadonna,8.49,,,8.49,4056489141877,Hrana,"8,99"
Ulje Maslina Komine,0011369,0.913,1l,Primadonna,4.99,,,4.99,20032043,Hrana,"5,99"
Mini-pašteta SK44,0011547,0.13,130g,Alpenfest,1.49,,,11.46,20140427,Hrana,"1,49"
Mini-pašteta SK44,0011547,0.13,130g,Alpenfest,1.49,,,11.46,20140472,Hrana,"1,49"
Pire krumpir instant,0011673,0.33,330g,Harvest Basket,1.89,,,5.73,20163822,Hrana,"1,99"
Kobasica SK13,0011790,0.2,200g,Dulano,2.39,,,11.95,20012571,Hrana,"2,15"
Kobasica SK13,0011790,0.2,200g,Dulano,2.39,,,11.95,20097271,Hrana,"2,15"
Narezana salama SK35,0011808,0.125,125g,Dulano,2.29,,,18.32,20030179,Hrana,"2,19"
Mediteranski pršut SK24,0011818,0.1,100g,Dulano Selection,2.59,,,25.9,20087487,Hrana,"2,59"
Pileæa i pureæa prsa QS SK18,0011880,0.2,200g,Dulano,3.39,,,16.95,4056489115243,Hrana,"2,99"
Kuhana šunka tanko narezana XXL SK4,0011882,0.4,400g,Dulano,4.29,,,10.73,4056489115311,Hrana,"4,29"
Salsa umak SK18,0011890,0.315,315g,Snack Day,1.59,,,5.05,20108618,Hrana,"1,59"
Krumpir salata SK2,0011924,1,1kg,Alpenfest,2.89,,,2.89,4056489129851,Hrana,"2,89"
Krumpir salata SK2,0011924,1,1kg,Alpenfest,2.89,,,2.89,4056489129875,Hrana,"2,89"
Krumpir salata SK2,0011924,1,1kg,Alpenfest,2.89,,,2.89,4056489531593,Hrana,"2,89"
Smrznuto povræe za tavu SK21,0012083,0.75,750g,Freshona,3.29,,,4.39,4056489447818,Hrana,"2,99"
Jogurt 5% SK 4,0012211,1,1kg,Pilos,2.99,,,2.99,4056489110132,Hrana,Nije_bilo_u_prodaji_02.05.2025
Grèki Tzatziki,0012212,0.5,500g,Eridanous,1.79,,,3.58,4056489130444,Hrana,"1,69"
"MSC Morski plodovi SK2, ATG: 270g",0012609,0.3,300g,Ocean Sea,2.69,,,9.96,20102203,Hrana,"3,49"
Mortadela Bologna IGP,0012678,0.15,150g,Dulano Selection,2.35,,,15.67,20180430,Hrana,"2,35"
Lovorov list ,0012891,0.008,"7,5g",Kania,0.29,,,0.29,4056489407416,Hrana,Nije_bilo_u_prodaji_02.05.2025
Indijski orašèiæi,0012971,0.2,200g,Alesto Selection,2.65,,,13.25,20267605,Hrana,"2,89"
Punjena marcipan jaja SK4,0013024,0.1,100g,Favorina,1.55,,,15.5,20069315,Hrana,"0,66"
Punjena marcipan jaja SK4,0013024,0.1,100g,Favorina,1.55,,,15.5,20131715,Hrana,"0,66"
Punjena marcipan jaja SK4,0013024,0.1,100g,Favorina,1.55,,,15.5,20131722,Hrana,"0,66"
"Mješavina keksa SK1, UTZ",0018682,0.45,500g,Sondey,3.49,,,6.98,20058623,Hrana,"3,49"
Müsli ploèica SK66,0019902,0.2,200g,Crownfield,1.79,,,8.95,4056489204046,Hrana,"1,56"
Gazirano piæe od grejpa,0021155,1.5,"1,5l",Freeway,0.95,,,0.63,4304493268944,Piæe,"0,99"
Minis Caramel,0021249,0.35,350g,Mister Choc,3.69,,,10.54,4056489232391,Hrana,"3,59"
Baguette pecivo SK15,0021282,0.3,300g,Tastino,0.99,,,3.3,4056489124177,Hrana,"0,99"
Sredstvo za èišæenje poda SK17,0021341,1.075,1l,W5,1.49,,,1.49,20072384,Sredstva za èišæenje,"1,85"
Saldoled štapiæ jagoda-crisp,0021902,0.504,6x120ml,Gelatelli,5.99,,,8.32,20134129,Hrana,"5,49"
Pita s porilukom i sirom,0021997,0.68,680g,Eridanous,2.49,,,3.66,20129637,Hrana,"2,49"
Original tal. ocat Balsamico ,0022471,0.55,"0,5l",Acentino,1.99,,,3.98,4056489272779,Hrana,"1,99"
Meki bijeli sir,0022613,0.35,350g,Duc de Coeur,4.19,,,11.97,3228022160138,Hrana,"3,19"
Meki kravlji sir u salamuri,0022725,1,1kg,Milbona,10.79,,,10.79,20069971,Hrana,"9,99"
Meki kravlji sir u salamuri,0022725,1,1kg,Milbona,10.79,,,10.79,4056489203193,Hrana,"9,99"
Hrskavi kruh SK5,0022865,0.25,250g,Tastino,1.29,,,5.16,20006167,Hrana,"1,29"
Hrskavi kruh SK5,0022865,0.25,250g,Tastino,1.29,,,5.16,4056489189121,Hrana,"1,29"
Pripravak od vinskog octa SK1,0024610,0.3,250ml,Deluxe,3.19,,,12.76,4056489323310,Hrana,"3,74"
Corte alle Mura Chianti Riserva,0024692,0.75,"0,75l",,4.99,,,6.65,8002793024463,Piæe,"4,99"
Gotovo jelo SK33,0024750,0.4,400g,Culinea,3.99,,,9.98,4335619201163,Hrana,"4,28"
Gotovo jelo SK33,0024750,0.4,400g,Culinea,3.99,,,9.98,4335619201170,Hrana,"4,28"
Djeèji sprej za sunèanje ZF 50+,0024982,0.151,150ml,Cien Sun,5.95,,,39.67,4056489182313,Kozmetika,"5,95"
Uljni sprej za sunèanje ZF 6,0024984,0.226,250ml,Cien Sun,5.49,,,21.96,20546540,Kozmetika,"5,49"
Pizza Arrabbiata,0025790,0.4,400g,Italiamo,2.99,,,7.48,20490690,Hrana,"2,99"
Meki sir s plavom plijesni,0025914,0.25,250g,Duc de Coeur,3.39,,,13.56,4056489203254,Hrana,"3,39"
Amaretti keksi,0026238,0.2,200g,Italiamo,1.69,,,8.45,20034184,Hrana,"1,69"
Savijaèa od jabuke,0026475,0.6,600g,Confiserie Firenze,2.99,,,4.98,20096915,Hrana,"2,99"
Èetkice za zube Classic Care SK5,0027020,0.051,4komad,Dentalux,0.89,,,0.22,20063153,Kozmetika,"0,89"
"Trajno mlijeko bez lakt. 1,5% m.m.",0027036,1.033,1l,Milbona,1.39,,,1.39,4056489628897,Hrana,"1,39"
Èokolada s cijelim bademima,0027512,0.2,200g,Fin Carré,3.29,,,16.45,20005795,Hrana,"3,29"
Mini Mix Sladoled na štapiæu SK6,0027551,0.456,12x50ml,Gelatelli,6.49,,,10.82,4056489375135,Hrana,"6,39"
Bordeaux AOP Superieur,0027697,0.75,"0,75l",-,4.49,,,5.99,4056489790723,Piæe,"3,99"
Smrznuti jastog,0028372,0.375,375g,Deluxe,12.99,,,34.64,737191157502,Hrana,"12,99"
Šumske borovnice,0028408,0.51,580ml,Freshona,2.49,,,4.29,20004040,Hrana,"2,49"
Kukuruz u zrnu (OM 285g),0028424,0.34,425ml,Freshona,1.19,,,4.18,20135546,Hrana,"1,09"
Chil. Malbec Reserva Privada ,0028529,0.75,"0,75l",-,2.65,,,3.53,4056489522539,Piæe,"3,99"
Sfogliatine,0028555,0.2,200g,Italiamo,1.19,,,5.95,20216702,Hrana,"1,19"
Gel za brijanje ,0028839,0.2,200ml,Cien MEN,2.09,,,10.45,20871598,Kozmetika,"2,09"
Flaster SK7,0028901,0.023,"20komad,40komad",Sensiplast,0.89,,,0.02,20084943,Toaletne potrepštine,"0,89"
Flaster SK7,0028901,0.023,"20komad,40komad",Sensiplast,0.89,,,0.04,20084950,Toaletne potrepštine,"0,89"
Flaster SK7,0028901,0.023,"20komad,40komad",Sensiplast,0.89,,,0.04,4042441018431,Toaletne potrepštine,"0,89"
Flaster SK7,0028901,0.023,"20komad,40komad",Sensiplast,0.89,,,0.02,4042441018448,Toaletne potrepštine,"0,89"
Flaster SK7,0028901,0.023,"20komad,40komad",Sensiplast,0.89,,,0.02,4042441018455,Toaletne potrepštine,"0,89"
Flaster SK7,0028901,0.023,"20komad,40komad",Sensiplast,0.89,,,0.02,40895352,Toaletne potrepštine,"0,89"
Flaster SK7,0028901,0.023,"20komad,40komad",Sensiplast,0.89,,,0.04,40895376,Toaletne potrepštine,"0,89"
Tortilja rolice SK1,0029069,0.125,125g,Snack Day,1.39,,,11.12,20211318,Hrana,"1,39"
"Lampion, 150g",0029456,0.146,1komad,-,0.99,,,0.99,20192464,Proizvodi za kuæanstvo,Nije_bilo_u_prodaji_02.05.2025
Mješ. orašastih plodova/ voæa SK4,0029819,0.2,200g,Alesto Selection,2.49,,,12.45,20005726,Hrana,"1,99"
Svježi sir 0% m.m.,0029830,0.5,500g,Pilos,1.85,,,3.7,20001933,Hrana,"1,85"
Desertni specijaliteti SK19,0030937,0.155,"2x75g,2x80g",MCENNEDY,1.69,,,9.39,20809584,Hrana,"1,69"
Desertni specijaliteti SK19,0030937,0.155,"2x75g,2x80g",MCENNEDY,1.69,,,9.94,4056489102656,Hrana,"1,69"
Pjenasta kupka SK16,0031129,1.03,1l,Cien,2.25,,,2.25,4335619136724,Kozmetika,"2,25"
Salat Mix,0031297,0.175,175g,Alesto,1.89,,,10.8,20168414,Hrana,"2,39"
Extra džem od višnje,0031562,0.45,450g,Maribel,2.99,,,6.64,20000783,Hrana,"2,59"
Ekstra džem od malina,0031594,0.45,450g,Maribel,2.99,,,6.64,20000691,Hrana,"2,99"
"Svijetlo pivo 4,9%",0032276,0.503,"0,5l",Perlenbacher,0.99,,,1.98,4304493261433,Piæe,"0,99"
Snack kobasica Tirolska SK8,0032325,0.15,150g,Alpenfest,1.99,,,13.27,20421366,Hrana,"1,99"
Snack kobasica Tirolska SK8,0032325,0.15,150g,Alpenfest,1.99,,,13.27,20421373,Hrana,"1,99"
Snack kobasica Tirolska SK8,0032325,0.15,150g,Alpenfest,1.99,,,13.27,20421397,Hrana,"1,99"
"Leæa, OM 260g ",0032913,0.4,425ml,Freshona,0.64,,,2.46,20243418,Hrana,0.64
Südafrika Pinotage (EUA),0034515,0.75,"0,75l",Cimarosa,3.39,,,4.52,20245009,Piæe,"3,99"
Èile Merlot (EUA),0034519,0.75,"0,75l",Cimarosa,2.33,,,3.11,4304493261563,Piæe,"3,49"
"Tortilla èips SK1, SK5, SK6",0034632,0.15,150g,Snack Day,1.19,,,7.93,20236939,Hrana,"1,19"
"Tortilla èips SK1, SK5, SK6",0034632,0.15,150g,Snack Day,1.19,,,7.93,20260798,Hrana,"1,19"
"Tortilla èips SK1, SK5, SK6",0034632,0.15,150g,Snack Day,1.19,,,7.93,4056489452355,Hrana,"1,19"
Mlijeko za sunèanje ZF 20,0034646,0.257,250ml,Cien Sun,4.49,,,17.96,4056489368823,Kozmetika,"4,49"
Èips rebrasti s okusom sira i luka,0036645,0.15,150g,Snack Day,1.15,,,7.67,40894881,Hrana,"1,15"
"Premium Müsli, SK 1",0036658,0.75,750g,Crownfield,4.99,,,6.65,4335619231016,Hrana,"4,99"
Viura/Airen Valdepenas DO,0036724,0.75,"0,75l",Vega del Cega,1.99,,,2.65,4335619001428,Piæe,"2,49"
Èips s okusom sira i luka,0038408,0.15,150g,Snack Day,1.15,,,7.67,4056489317944,Hrana,"1,15"
Èips SK30,0038411,0.175,175g,Snack Day,2.49,,,14.23,4056489248415,Hrana,"1,59"
"Prutiæi za maèke SK4, 50g",0038491,0.05,50g,Coshida,1.39,,,27.8,20166847,Proizvodi za kuæanstvo,"1,39"
Božiæne figure od èokolad. SK7,0038527,0.1,100g,Favorina,1.89,,,18.9,4056489704362,Hrana,"1,59"
"Kroketi od krumpira, punjeni SK4",0038685,0.6,600g,Alpenfest,2.99,,,4.98,20216269,Hrana,"2,49"
Pasta za zube SK4,0038752,0.155,125ml,Dentalux,1.05,,,8.4,20060220,Kozmetika,"1,05"
Pasta za zube SK4,0038752,0.155,125ml,Dentalux,1.05,,,8.4,4056489498070,Kozmetika,"1,05"
"Tamponi, razne vrste 56-80 kom. SK8",0038769,0.178,"56komad,64komad,80komad",Siempre,3.69,,,0.07,4056489849025,Toaletne potrepštine,"3,69"
"Tamponi, razne vrste 56-80 kom. SK8",0038769,0.178,"56komad,64komad,80komad",Siempre,3.69,,,0.06,4056489849025,Toaletne potrepštine,"3,69"
Hrana za pse SK13,0038821,0.3,300g,Orlando,0.79,,,2.63,4056489571087,Proizvodi za kuæanstvo,0.79
Hrana za pse SK13,0038821,0.3,300g,Orlando,0.79,,,2.63,4056489583462,Proizvodi za kuæanstvo,0.79
Vrhnje za kavu 12%,0039193,0.2,200g,Pilos,0.89,,,4.45,20045760,Hrana,"0,89"
Mješavina keksa SK3,0039284,0.45,"400g,500g",Sondey,3.49,,,8.73,20005429,Hrana,Nije_bilo_u_prodaji_02.05.2025
Mješavina keksa SK3,0039284,0.45,"400g,500g",Sondey,3.49,,,6.98,4335619207103,Hrana,Nije_bilo_u_prodaji_02.05.2025
Suha hrana za maèke 2 kg SK17,0039750,2,2kg,Coshida,3.45,,,1.73,20858254,Proizvodi za kuæanstvo,"3,45"
Suha hrana za maèke 2 kg SK17,0039750,2,2kg,Coshida,3.45,,,1.73,4056489714781,Proizvodi za kuæanstvo,"3,45"
Asia umaci SK6,0040086,0.281,250ml,Vitasia,1.19,,,4.76,20196097,Hrana,"1,49"
Kornet èokolada-vanilija (76g),0044153,0.077,120ml,Gelatelli,0.69,,,5.75,20332914,Hrana,"0,69"
Kuhana šunka,0047079,0.125,125g,Dulano Selection,2.29,,,18.32,20268251,Hrana,"2,29"
Pirovo brašno tip 630,0048262,1,1kg,Belbake,1.29,,,1.29,20272364,Hrana,"1,29"
Prosecco Treviso DOC frizzante,0048641,0.75,"0,75l",Allini,5.29,,,7.05,4056489927600,Piæe,"4,99"
Šumeæe tablete vitamin C,0051515,0.08,80g,Optisana,1.15,,,14.38,20289096,Hrana,"1,15"
Pizza Margherita XXL,0052368,1.2,4x300g,Trattoria Alfredo,5.19,,,4.33,4056489889922,Hrana,"5,55"
Pileæi medaljoni Safari,0052500,0.4,400g,Culinea,4.99,,,12.48,20813727,Hrana,"4,64"
"Èajno pecivo SK2, UTZ",0055526,0.3,300g,Sondey,2.75,,,9.17,20302979,Hrana,"2,75"
Ragolds Punjeni bomboni SK5,0055579,0.034,"33,6g",,0.59,,,0.59,4014600114056,Hrana,"0,59"
Lješnjaci ili bademi u èoko. SK3 ,0057768,0.125,125g,Favorina,2.59,,,20.72,20309954,Hrana,"2,79"
Lješnjaci ili bademi u èoko. SK3 ,0057768,0.125,125g,Favorina,2.59,,,20.72,20309978,Hrana,"2,79"
Secco Bianco,0058528,0.2,"0,2l",Allini,1.19,,,5.95,4335619259652,Piæe,"0,99"
Extra hrskavi èips SK8,0059344,0.125,125g,Snack Day,1.39,,,11.12,20551841,Hrana,"1,39"
Extra hrskavi èips SK8,0059344,0.125,125g,Snack Day,1.39,,,11.12,20551858,Hrana,"1,39"
Mini èokolade SK2,0059926,0.04,40g,Fin Carré,0.89,,,0.89,20548858,Hrana,"0,89"
Higijenski sprej za ruke i površine,0060140,0.224,250ml,W5,1.85,,,7.4,4056489331087,Sredstva za èišæenje,"1,85"
Grèki zaèini SK5,0060253,0.041,"35g,40g,50g",Eridanous,0.79,,,19.75,20550103,Hrana,"0,79"
Grèki zaèini SK5,0060253,0.041,"35g,40g,50g",Eridanous,0.79,,,19.75,4056489644286,Hrana,"0,79"
Grèki zaèini SK5,0060253,0.041,"35g,40g,50g",Eridanous,0.79,,,19.75,4056489644293,Hrana,"0,79"
Grèki zaèini SK5,0060253,0.041,"35g,40g,50g",Eridanous,0.79,,,19.75,4056489723639,Hrana,"0,79"
Grèki zaèini SK5,0060253,0.041,"35g,40g,50g",Eridanous,0.79,,,22.57,4056489723646,Hrana,"0,79"
Maramice za èišæenje naoèala,0060424,0.089,54komad,W5,0.99,,,0.02,20554712,Proizvodi za kuæanstvo,"0,99"
Kolaè od dizanog tijesta SK2,0060487,0.45,450g,Alpenfest,2.99,,,6.64,20669447,Hrana,"2,79"
"Festbier 5,5%",0060604,0.5,"0,5l",Perlenbacher,0.89,,,1.78,4304493268197,Piæe,"0,79"
Dezodorans SK21,0062781,0.117,200ml,Cien,1.29,,,6.45,20549183,Kozmetika,"1,29"
Dezodorans SK21,0062781,0.117,200ml,Cien,1.29,,,6.45,4056489235941,Kozmetika,"1,29"
Dezodorans SK21,0062781,0.117,200ml,Cien,1.29,,,6.45,4056489547150,Kozmetika,"1,29"
Dezodorans muški SK15,0062785,0.123,200ml,Cien MEN,1.29,,,6.45,4056489321842,Kozmetika,"1,29"
Sredstvo za èišæenje kupaonice SK10,0062791,0.761,750ml,W5,1.85,,,2.47,20916107,Sredstva za èišæenje,"1,85"
Picco Pizzi šunka/salama SK1,0063013,0.36,360g,Trattoria Alfredo,3.99,,,11.08,4056489442943,Hrana,"3,99"
Talijanska dimljena šunka rezana,0063343,0.1,100g,Deluxe,3.49,,,34.9,20327996,Hrana,"2,79"
Aluminijska posuda za roštiljanje,0065249,0.172,10komad,Grillmeister,2.79,,,0.28,20341701,Proizvodi za kuæanstvo,"3,49"
"Svijetlo pivo 4,9% XXL",0065665,4.025,"8x0,5l",Perlenbacher,6.93,,,1.73,4056489298892,Piæe,"6,93"
Krema za ruke SK6,0065854,0.109,"125ml,75ml",Cien,1.19,,,15.87,20334338,Kozmetika,"1,19"
Krema za ruke SK6,0065854,0.109,"125ml,75ml",Cien,1.19,,,9.52,20334345,Kozmetika,"1,19"
Krema za ruke SK6,0065854,0.109,"125ml,75ml",Cien,1.19,,,15.87,4056489234081,Kozmetika,"1,19"
Odstr. laka za nokte bez acet. SK8,0065975,0.173,200ml,Cien,1.99,,,9.95,20336790,Kozmetika,"1,99"
Dnevni gel za umiv. i piling SK13,0067420,0.154,200ml,Cien,1.85,,,9.25,4335619171930,Kozmetika,"1,39"
Dnevni gel za umiv. i piling SK13,0067420,0.154,200ml,Cien,1.85,,,9.25,4335619171947,Kozmetika,"1,39"
Rošilj kobasice SK7,0067627,0.25,250g,Grillmeister,2.59,,,10.36,20103620,Hrana,"2,59"
"Jastuèiæi punj. noug., vanil. SK44 ",0067777,0.375,375g,Crownfield,1.99,,,5.31,20353926,Hrana,"1,99"
Kalifornijske pistacije ,0067958,0.25,250g,Alesto,4.49,,,17.96,4335619185050,Hrana,"4,39"
Snack od krumpira SK1,0068326,0.175,175g,MCENNEDY,1.69,,,9.66,20335045,Hrana,"1,69"
Sir za burgere,0069698,0.3,300g,McEnnedy,2.79,,,9.3,20362065,Hrana,"2,99"
Beauty kompaktni puder SK4,0069825,0.005,"4,5g",Cien,2.25,,,2.25,20908874,Kozmetika,"2,25"
Sjenilo za oèi SK3 ,0069833,0.003,1komad,Cien,1.85,,,1.85,20030889,Kozmetika,"1,85"
Kuhinjske role 2-slojne,0070660,1.159,8x64Blatt,Floralys,4.69,,,0.59,20376819,Toaletne potrepštine,"4,69"
"Tekuæi jogurt Proviact 1,0%",0070696,0.33,330g,Pilos,0.79,,,2.39,20376789,Hrana,"0,95"
Ledena kava XXL SK1,0070916,0.399,380ml,Milbona,1.29,,,3.39,4304493261839,Hrana,"1,09"
Složenac od krumpira i brokule,0072138,0.4,400g,Deluxe,3.29,,,8.23,20382407,Hrana,"3,29"
Kalifornijske pistacije XXL,0072752,0.3,300g,Alesto Selection,4.09,,,13.63,4335619014466,Hrana,"4,39"
Dimljeni losos XXL,0073887,0.22,220g,Nautica,5.69,,,25.86,4056489147046,Hrana,"6,69"
Sirni namaz,0074722,0.3,300g,Milbona,2.45,,,8.17,4056489143833,Hrana,"2,25"
Kroasan s krem punjenjem SK3,0074867,0.24,5x48g,Maitre Jean-Pierre,2.19,,,9.13,20694234,Hrana,"1,99"
Njega lica za muškarce SK6 ,0076409,0.051,50ml,Cien,2.39,,,47.8,4056489323082,Kozmetika,"2,59"
Njega lica za muškarce SK6 ,0076409,0.051,50ml,Cien,2.39,,,47.8,4056489323105,Kozmetika,"2,59"
Èetkica za zube Performance SK5,0077569,0.016,1komad,Dentalux,0.89,,,0.89,4056489845607,Kozmetika,"0,89"
Tiramisu SK4,0077850,0.16,2x80g,Italiamo,1.59,,,9.94,4056489627128,Hrana,"1,59"
XXL kobasica od mesa peradi,0078330,0.45,450g,Dulano,1.99,,,4.42,4056489090762,Hrana,"1,99"
Hamburger/Hot Dog peciva SK14,0079870,0.278,"250g,300g",Tastino,1.19,,,4.76,20151690,Hrana,"1,19"
Hamburger/Hot Dog peciva SK14,0079870,0.278,"250g,300g",Tastino,1.19,,,3.97,20151690,Hrana,"1,19"
Hamburger/Hot Dog peciva SK14,0079870,0.278,"250g,300g",Tastino,1.19,,,4.76,4056489846987,Hrana,"1,19"
Mini banana,0080025,0.25,250g,,0.89,,,3.56,7861081102228,Hrana,Nije_bilo_u_prodaji_02.05.2025
"Naranèa crvena 1,5kg",0080033,1.5,"1,5kg",,2.49,,,1.66,20241711,Hrana,"2,49"
Kumkvat 100g,0080061,0.1,100g,,0.99,,,9.9,4335619258990,Hrana,"1,29"
Mandarina 750g,0080117,0.75,750g,,2.29,,,3.05,20083274,Hrana,"2,29"
Naranèa za cijeðenje,0080157,2,2kg,,2.98,,,1.49,20241735,Hrana,"2,98"
Naranèa za cijeðenje,0080157,2,2kg,,2.98,,,1.49,20649982,Hrana,"2,98"
Mrkva 1kg,0082761,1,1kg,,1.19,,,1.19,20165079,Hrana,"1,29"
Peršin korijen 250g,0082799,0.25,250g,,1.29,,,5.16,3858893060062,Hrana,"1,24"
Ljutika 250g,0082831,0.25,250g,,1.19,,,4.76,20253479,Hrana,"0,89"
Cvjetaèa i Brokula mix,0082887,0.4,400g,,2.99,,,7.48,20283988,Hrana,"2,79"
Kelj pupèar,0082931,0.5,500g,,0.99,,,1.98,20242084,Hrana,"1,49"
Šampinjoni 500g,0083018,0.5,500g,,,1.29,1.89,2.58,20242176,Hrana,"1,89"
Šampinjoni 500g,0083018,0.5,500g,,,1.29,1.89,2.58,3859889267007,Hrana,"1,89"
Krumpir crveni 3kg,0083306,3,3kg,,2.79,,,0.93,20344382,Hrana,"2,79"
Luk crveni 1kg,0083331,1,1kg,,0.94,,,0.94,20242299,Hrana,"0,83"
Luk crveni 5kg,0083335,5,5kg,,,1.45,1.75,0.29,3859888419193,Hrana,"2,75"
Bio zaèinsko bilje,0084647,0,1komad,,1.69,,,1.69,20490409,Hrana,"1,49"
Dekoracijske zvijezdice za kolaè ,0085102,0.16,160g,Belbake,2.09,,,13.06,20420529,Hrana,"2,09"
"Voæni jogurt 2,8% m.m., SK1",0086882,0.15,150g,Pilos,0.37,,,2.47,20156206,Hrana,"0,37"
Sir SK3,0087009,0.175,175g,Eridanous,2.29,,,13.09,20668631,Hrana,"2,04"
Punj. èok. štap. Latte Macchiato,0087237,0.2,200g,Mister Choc,2.99,,,14.95,20418762,Hrana,"2,99"
Sirup SK26,0087297,0.903,"0,7l",Solevita,1.99,,,2.84,4304493263024,Piæe,"1,99"
Voæne karamele XXL,0088165,1.2,1200g,Sweet Corner,5.99,,,4.99,20447632,Hrana,"5,99"
Šampon protiv prhuti SK10,0088436,0.3,300ml,Cien,1.29,,,4.3,4056489235774,Kozmetika,"1,29"
Šampon protiv prhuti SK10,0088436,0.3,300ml,Cien,1.29,,,4.3,4056489688099,Kozmetika,"1,29"
Maasdamer u listiæima,0088532,0.15,150g,Milbona,1.99,,,13.27,20444037,Hrana,"1,99"
Gumeni bomboni u obliku srca,0090295,0.5,500g,Für Dich,3.99,,,7.98,4056489749615,Hrana,"3,09"
Gel za tuširanje 3u1 SK16,0091976,0.309,300ml,Cien,1.05,,,3.5,20460945,Kozmetika,"1,05"
Gel za tuširanje 3u1 SK16,0091976,0.309,300ml,Cien,1.05,,,3.5,20460969,Kozmetika,"1,05"
Gel za tuširanje 3u1 SK16,0091976,0.309,300ml,Cien,1.05,,,3.5,20954888,Kozmetika,"1,05"
Krpe za domaæinstvo SK6,0092429,0.076,"5komad,6komad",W5,0.99,,,0.17,20007577,Proizvodi za kuæanstvo,"1,19"
Krpe za domaæinstvo SK6,0092429,0.076,"5komad,6komad",W5,0.99,,,0.17,4335619150409,Proizvodi za kuæanstvo,"1,19"
Kremasti kefir SK4,0094282,0.25,250g,Pilos,,0.69,0.99,2.76,4056489109655,Hrana,"0,99"
Kremasti kefir SK4,0094282,0.25,250g,Pilos,,0.69,0.99,2.76,4056489110347,Hrana,"0,99"
Zaèinska mješavina SK7,0097448,0.047,"40g,45g,50g,55g",Deluxe,2.29,,,50.89,20520137,Hrana,"1,79"
Hrana za maèke premium SK16,0097851,1.2,12x100g,Coshida,,2.99,4.19,2.49,20532321,Proizvodi za kuæanstvo,"4,19"
Balsamico di Modena,0099168,0.25,250ml,Deluxe,3.99,,,15.96,4056489440512,Hrana,"3,99"
o.b. Tamponi SK1,0099299,0.052,"54komad,64komad",,4.29,,,0.08,3574661128603,Toaletne potrepštine,"4,29"
o.b. Tamponi SK1,0099299,0.052,"54komad,64komad",,4.29,,,0.07,3574661128603,Toaletne potrepštine,"4,29"
o.b. Tamponi SK1,0099299,0.052,"54komad,64komad",,4.29,,,0.07,3574661130385,Toaletne potrepštine,"4,29"
o.b. Tamponi SK1,0099299,0.052,"54komad,64komad",,4.29,,,0.07,3574661322636,Toaletne potrepštine,"4,29"
o.b. Tamponi SK1,0099299,0.052,"54komad,64komad",,4.29,,,0.08,3574661322667,Toaletne potrepštine,"4,29"
BENGAL El. ap. protiv komaraca nad.,0099899,0.09,1komad,,3.49,,,3.49,8008090603233,Proizvodi za kuæanstvo,"3,49"
Javorov sirup,0106210,0.25,250ml,MCENNEDY,3.99,,,15.96,4056489774747,Hrana,"3,99"
Focaccia SK9,0106511,0.3,300g,Chef Select,1.49,,,4.97,20602246,Hrana,"1,99"
Predjela na talijanski naèin SK16,0107005,0.288,"285g,300g",Italiamo,2.49,,,8.74,20097868,Hrana,Nije_bilo_u_prodaji_02.05.2025
Predjela na talijanski naèin SK16,0107005,0.288,"285g,300g",Italiamo,2.49,,,8.74,20488826,Hrana,Nije_bilo_u_prodaji_02.05.2025
Keksiæi u posudi SK1,0108652,0.6,600g,Favorina,3.3,,,5.5,20615055,Hrana,"3,99"
BO Kruh s medom i orasima,0109875,0.42,380g,,1.79,,,4.71,20625115,Hrana,"1,79"
Tekuæi puder SK7,0111947,0.034,30ml,Cien,2.89,,,2.89,20667979,Kozmetika,"2,89"
Maskara SK5,0112001,0.014,10ml,Cien,2.25,,,2.25,20667962,Kozmetika,"2,25"
Maskara SK5,0112001,0.014,10ml,Cien,2.25,,,2.25,20668709,Kozmetika,"2,25"
Mortadela s pistacijama,0112524,0.15,150g,Dulano Selection,2.29,,,15.27,20568825,Hrana,"2,19"
Maslac za usne SK10,0112665,0.008,"3,3ml",Cien,2.49,,,2.49,20009502,Kozmetika,"2,49"
Maslac za usne SK10,0112665,0.008,"3,3ml",Cien,2.49,,,2.49,20009588,Kozmetika,"2,49"
Maslac za usne SK10,0112665,0.008,"3,3ml",Cien,2.49,,,2.49,20668938,Kozmetika,"2,49"
Maslac za usne SK10,0112665,0.008,"3,3ml",Cien,2.49,,,2.49,20827731,Kozmetika,"2,49"
Maslac za usne SK10,0112665,0.008,"3,3ml",Cien,2.49,,,2.49,20907877,Kozmetika,"2,49"
Maslac za usne SK10,0112665,0.008,"3,3ml",Cien,2.49,,,2.49,20955052,Kozmetika,"2,49"
Draže bomboni voæni ,0113212,0.038,38g,Sweet Corner,0.39,,,0.39,4056489339403,Hrana,"0,39"
Kava u zrnu XXL,0114527,1.2,"1,2kg",Bellarom,13.49,,,13.49,4056489672333,Piæe,"13,49"
Kandirano voæe SK2,0114596,0.1,100g,Belbake,1.69,,,16.9,20125974,Hrana,"1,29"
Krafna s voænim punjenjem,0114732,0.075,75g,,0.59,,,7.87,20652654,Hrana,"0,4"
Sirni namaz SK27,0115249,0.11,"100g,125g",Alpenfest,1.89,,,15.12,20476915,Hrana,"1,79"
Sirni namaz SK27,0115249,0.11,"100g,125g",Alpenfest,1.89,,,15.12,20621971,Hrana,"1,79"
Sir narezak SK4,0115279,0.175,175g,Alpenfest,2.39,,,13.66,20696382,Hrana,"2,39"
Focaccini SK1,0115956,0.3,300g,Chef Select,1.99,,,6.63,20696870,Hrana,"1,99"
Vodeni djeèji sladoled SK5,0116535,0.608,"12x52ml,610ml",Gelatelli,4.49,,,7.2,4335619215610,Hrana,"3,58"
Humus SK44,0119131,0.2,200g,Vitasia,1.09,,,5.45,4056489889786,Hrana,"1,39"
Bulgur Salata SK5,0119137,0.213,"200g,250g",Chef Select,1.89,,,9.45,20757847,Hrana,"1,79"
Bulgur Salata SK5,0119137,0.213,"200g,250g",Chef Select,1.89,,,7.56,20757847,Hrana,"1,79"
Bulgur Salata SK5,0119137,0.213,"200g,250g",Chef Select,1.89,,,9.45,20757854,Hrana,"1,79"
Bio kokosovo ulje,0119280,0.46,500ml,Vita D'or,3.69,,,7.38,20758837,Hrana,"4,99"
Olovka za oèi / obrve SK2 ,0119367,0.002,1komad,Cien,1.49,,,1.49,20759308,Kozmetika,"1,49"
Mini uskršnje figure SK3,0119495,0.125,125g,Favorina,1.99,,,15.92,40884462,Hrana,"1,99"
Zeleni èaj UTZ SK21,0119798,0.044,"25x1,75g",Lord Nelson,1.59,,,1.59,20769468,Piæe,"1,29"
Zeleni èaj UTZ SK21,0119798,0.044,"25x1,75g",Lord Nelson,1.59,,,1.59,20769673,Piæe,"1,29"
Zeleni èaj UTZ SK21,0119798,0.044,"25x1,75g",Lord Nelson,1.59,,,1.59,20884185,Piæe,"1,29"
Gumeni bomboni,0119876,0.2,200g,Sugarland,1.29,,,6.45,20724078,Hrana,"1,29"
Limun/Èokol. desert SK2,0122380,0.475,"450g,500g",Deluxe,3.79,,,8.42,20553036,Hrana,"3,79"
Tekuæi jogurt  SK8,0122949,0.85,850g,Milbona,1.89,,,2.22,4056489379232,Hrana,"1,89"
Hamburger pecivo sa sjem. 4kom,0123440,0.32,320g,McEnnedy,0.99,,,3.09,20836573,Hrana,"0,99"
BO Okruglice od svježeg sira,0124029,0.028,28g,,0.35,,,0.35,4334035106083,Hrana,"0,29"
Mini Mix gumenih bombona SK5,0124407,0.3,300g,Sweet Corner,2.69,,,8.97,20754068,Hrana,"2,69"
"Muffin šunka, jaje",0127759,0.132,132g,,1.33,,,10.08,20907495,Hrana,"1,33"
Krema za ruke Tradition SK5,0128286,0.03,30ml,Cien,1.29,,,1.29,4335619069329,Kozmetika,"1,29"
Long Lasting gel lak za nokte,0128296,0.011,11ml,Cien Beauty,1.09,,,1.09,20979188,Kozmetika,"1,09"
Glossy Gel Lak za nokte SK18,0128299,0.011,11ml,Cien Beauty,1.15,,,1.15,20135232,Kozmetika,"1,15"
Glossy Gel Lak za nokte SK18,0128299,0.011,11ml,Cien Beauty,1.15,,,1.15,4056489273035,Kozmetika,"1,15"
Glossy Gel Lak za nokte SK18,0128299,0.011,11ml,Cien Beauty,1.15,,,1.15,4335619073562,Kozmetika,"1,15"
Glossy Gel Lak za nokte SK18,0128299,0.011,11ml,Cien Beauty,1.15,,,1.15,4335619077218,Kozmetika,"1,15"
Grandioso puding SK7,0128681,0.175,175g,Milbona,0.79,,,4.51,20897949,Hrana,"0,69"
Grandioso puding SK7,0128681,0.175,175g,Milbona,0.79,,,4.51,20897956,Hrana,"0,69"
Grandioso puding SK7,0128681,0.175,175g,Milbona,0.79,,,4.51,4056489665762,Hrana,"0,69"
Grandioso (desert s vrhnjem) SK6,0128690,0.19,190g,Milbona,0.85,,,4.47,4056489656234,Hrana,Nije_bilo_u_prodaji_02.05.2025
Desert od crvenog voæa,0129004,0.5,500g,Alpenfest,2.49,,,4.98,20181284,Hrana,"2,29"
Veganska pizza SK1,0129141,0.37,"350g,390g",Vemondo,1.99,,,5.1,4056489451136,Hrana,"1,59"
"Tamna èok. naranèa, badem",0129153,0.125,125g,J.D. Gross,2.99,,,23.92,20936600,Hrana,"2,99"
Müsli SK67,0131337,0.75,750g,Crownfield,3.69,,,4.92,20774998,Hrana,"3,69"
Müsli SK67,0131337,0.75,750g,Crownfield,3.69,,,4.92,4056489255499,Hrana,"3,69"
Papirnati tanjuri,0131406,0.156,20komad,Grillmeister,1.39,,,0.07,4335619040618,Proizvodi za kuæanstvo,"1,79"
Folija za održavanje svježine,0131726,0.132,50m,Aromata,0.95,,,0.95,20991357,Proizvodi za kuæanstvo,"1,15"
Vreæice za zamrzavanje [50µ] SK2,0131735,0.132,"15komad,20komad",Aromata,1.23,,,0.08,20991326,Proizvodi za kuæanstvo,"1,85"
Cheeseburger SK9,0131898,0.32,320g,Chef Select,2.99,,,9.34,20995317,Hrana,"2,89"
Bio kašica laku noæ keks,0131983,0.19,190g,Lupilu,0.95,,,5,20995829,Hrana,"1,05"
Bio kašica jabuka-banana-dvopek,0131985,0.19,190g,Lupilu,0.85,,,4.47,20995843,Hrana,"0,85"
Bio voæna kašica sa žitaricama,0131986,0.19,190g,Lupilu,0.95,,,5,4056489894452,Hrana,"0,97"
Djeèji gel za zube SK3,0132312,0.133,100ml,Dentalux,0.85,,,8.5,20998219,Kozmetika,"0,89"
"Svinjski kare, cca. 1100-1800g",0132526,1,ca.1100-1800g,,2.99,,,2.99,2865377000000,Hrana,"4,75"
Kolutiæi od kozica Sweet-Chili umak,0132723,0.3,300g,Deluxe,5.69,,,18.97,4056489323129,Hrana,"5,39"
Sušene rajèice SK1,0132790,0.1,100g,Italiamo,2.19,,,21.9,20089429,Hrana,"2,19"
Tekuæi det. za pr. rublja SK1 27pr.,0136086,1.53,"1,485l",Formil,3.85,,,0.14,4056489186601,Sredstva za èišæenje,"3,85"
Žvakaæe gume SK1,0137289,0.098,98g,Jetgum,1.49,,,15.2,4056489322719,Hrana,"1,49"
Baby pelene gaæice Junior,0139323,0.68,20komad,Lupilu,4.75,,,0.24,4056489352334,Toaletne potrepštine,"4,75"
Pecorino Terre d´Abruzzo IGP [EM],0139629,0.75,"0,75l",-,3.49,,,4.65,4056489786184,Piæe,"3,49"
"Krpe za èišæenje 5 kom, 35x35 cm",0139643,0.172,5komad,W5 ,3.29,,,0.66,4335619257320,Proizvodi za kuæanstvo,"3,29"
Sok od koncentrata limuna 100% SK2 ,0139917,0.207,200ml,Solevita,0.55,,,2.75,4056489009412,Piæe,"0,69"
Gumeni kiseli medvjediæi,0140137,0.3,300g,Sugarland,1.79,,,5.97,20248888,Hrana,"1,79"
Vafel jaja SK3,0140685,0.25,250g,Favorina,1.99,,,7.96,20048747,Hrana,"1,99"
Sprej za sunèanje ZF30,0140876,0.201,200ml,Cien Sun,6.49,,,32.45,4335619165984,Kozmetika,"6,49"
Èokoladna jaja SK2,0141944,0.2,200g,Favorina,3.21,,,16.05,20549480,Hrana,Nije_bilo_u_prodaji_02.05.2025
Mlj. èok. s raznim punjenjem SK1,0144007,0.299,"295g,300g",Fin Carré,4.49,,,14.97,4056489030027,Hrana,"4,49"
Mlj. èok. s raznim punjenjem SK1,0144007,0.299,"295g,300g",Fin Carré,4.49,,,14.97,4056489030058,Hrana,"4,49"
Cocktail Mango 5% Vol.,0144250,0.75,"0,75l",Allini,2.99,,,3.99,4335619197282,Piæe,"2,99"
Drveni štapiæi 20 cm,0144423,0.124,125komad,Aromata,0.59,,,0,4056489032519,Proizvodi za kuæanstvo,"0,79"
Delikates peèena šunka XXL,0144632,0.2,200g,Dulano Selection,2.55,,,12.75,4056489033837,Hrana,"2,33"
Vreæice za zamrzavanje sa zatvaraè.,0144915,0.248,40komad,Aromata,1.85,,,0.05,4056489035732,Proizvodi za kuæanstvo,"1,85"
Picco Pizzi SK26,0146099,0.36,360g,Trattoria Alfredo,3.99,,,11.08,20316389,Hrana,"3,99"
Mini keksi UTZ SK2,0148645,0.225,"6x37,5g",Sondey,2.69,,,11.96,20434106,Hrana,"2,69"
"Grapefruit Radler 2,5%",0148687,0.512,"0,5l",Argus,0.79,,,1.58,4304493269903,Piæe,"0,89"
Mortadella XXL,0148719,0.25,250g,Dulano Selection,3.19,,,12.76,4056489168041,Hrana,"3,19"
Francuski specijaliteti SK1,0148724,0.08,80g,Duc de Coeur,2.69,,,33.63,4056489168072,Hrana,"2,69"
Hrana za maèke SK1,0149266,0.085,85g,Coshida,0.69,,,8.12,4056489182078,Proizvodi za kuæanstvo,"0,69"
Hrana za pse 400g SK8,0149298,0.4,400g,Orlando Pure Taste,1.55,,,3.88,4335619302549,Proizvodi za kuæanstvo,Nije_bilo_u_prodaji_02.05.2025
Uskršnji èoko mix,0149354,0.12,120g,Favorina,2.39,,,19.92,4056489182795,Hrana,"2,39"
Apotheker Alkoholna piæa 40% SK1,0149611,0.485,"0,5l",,6.29,,,12.58,4304493267220,Piæe,"6,29"
Kapsule Gold Lungo,0149952,0.255,"255,2g",Bellarom,7.49,,,29.35,4056489122890,Piæe,"7,49"
Mini pizza SK1,0150165,0.222,"212g,232g",Trattoria Alfredo,2.69,,,12.69,4056489176411,Hrana,"2,49"
Amerièki desert SK1,0150211,0.165,"2x80g,2x85g",MCENNEDY,1.79,,,10.53,4056489201786,Hrana,"1,79"
Dezodorans SK16,0150788,0.053,50ml,Cien,0.99,,,19.8,20548544,Kozmetika,"1,05"
High protein jogurt SK4,0150828,0.2,200g,Milbona,0.99,,,4.95,4056489258346,Hrana,"0,99"
High protein jogurt SK4,0150828,0.2,200g,Milbona,0.99,,,4.95,4056489467953,Hrana,"0,99"
"Tek. deterdž., konc., 28pranja SK5 ",0151372,1.036,1l,Formil,3.99,,,3.99,4056489441786,Sredstva za èišæenje,"3,99"
Deterdžent za pr. oboj. rublja 50pr,0151387,3.75,"3,75kg",Formil Basic,5.69,,,1.52,4056489940326,Sredstva za èišæenje,"5,69"
Mljevena kava SK4,0154291,0.25,250g,Bellarom,4.99,,,19.96,4056489708933,Piæe,"4,99"
Zaèini SK1,0154517,0.127,"100g,120g,140g,130g",Kania,1.69,,,16.9,4056489279426,Hrana,"1,69"
Zaèini SK1,0154517,0.127,"100g,120g,140g,130g",Kania,1.69,,,14.08,4056489279440,Hrana,"1,69"
Zaèini SK1,0154517,0.127,"100g,120g,140g,130g",Kania,1.69,,,13,4056489279464,Hrana,"1,69"
Tekuæi deterdžent 100 pranja,0154601,5.15,5l,Formil,9.99,,,2,4056489286677,Sredstva za èišæenje,"9,95"
Voæni sok od mandarine,0154729,0.784,750ml,Sol&Mar,2.49,,,3.32,4304493269231,Hrana,"2,49"
Pomfrit od povræa,0154802,0.5,500g,Harvest Basket,2.99,,,5.98,4056489294610,Hrana,"2,99"
Spužva za pranje posuða SK3,0155075,0.056,6komad,W5,0.85,,,0.14,4056489865032,Proizvodi za kuæanstvo,"0,75"
"Saeby Fil. skuše u su. ulju, OM 85g",0155640,0.125,125g,,1.29,,,15.18,5701101200027,Hrana,1.29
Prosecco Asolo Spumante DOCG,0155657,0.75,"0,75l",Allini,5.99,,,7.99,4056489686811,Piæe,"5,99"
Èips SK3,0156667,0.125,125g,Italiamo,1.49,,,11.92,20872083,Hrana,"1,2"
High Protein Pizza SK3,0156963,0.264,"254g,274g",Trattoria Alfredo,3.99,,,1.46,4056489539797,Hrana,"3,99"
Cookie Dough SK3,0157167,0.06,60g,MCENNEDY,1.19,,,19.83,4056489406303,Hrana,"0,93"
Šampon za suho pranje kose SK17,0157246,0.119,200ml,Cien,1.99,,,9.95,4056489815747,Kozmetika,"1,99"
Tekuæi osvježivaè zraka SK1,0157563,0.019,2x4ml,W5,1.39,,,173.75,4056489330677,Sredstva za èišæenje,"1,39"
Deterdžent za pranje rublja SK1,0157797,5.4,5l,Formil,10.99,,,0.11,4056489336143,Sredstva za èišæenje,"8,59"
Deterdžent za pranje rublja SK3,0157957,2.2,"2,2l",Formil,4.79,,,2.18,4056489849056,Sredstva za èišæenje,"4,99"
Nature Deo Roll-on SK1  ,0158145,0.059,"50ml,75ml",Cien Nature,2.25,,,45,4056489329848,Kozmetika,"2,25"
Nature Gel za tuširanje SK1,0158147,0.26,250ml,Cien Nature,1.79,,,7.16,4056489329725,Kozmetika,"1,79"
Tjestenina SK1,0162218,0.5,500g,Deluxe,2.69,,,5.38,4335619201873,Hrana,"2,69"
Papir za peèenje XXL,0163167,0.218,35komad,Aromata,1.25,,,0.04,4056489447146,Proizvodi za kuæanstvo,"1,25"
Svježi sok od ananasa,0163392,1.045,1l,Solevita,3.49,,,3.49,4304493270947,Hrana,"3,29"
Grèki namaz SK1,0163776,0.125,125g,Eridanous,1.99,,,15.92,4056489453048,Hrana,"1,99"
Nadopuna za tek. antib. sapun SK1,0163912,1.545,"1,5l",Cien,1.99,,,1.33,4056489455707,Kozmetika,"1,89"
Veggie Mix SK1,0164061,0.4,400g,Vemondo,2.49,,,6.23,4056489456483,Hrana,"2,79"
Kompletna hrana za maèke SK20,0164210,0.415,415g,Coshida,0.89,,,2.14,20103125,Proizvodi za kuæanstvo,"0,89"
Kompletna hrana za maèke SK20,0164210,0.415,415g,Coshida,0.89,,,2.14,4056489455653,Proizvodi za kuæanstvo,"0,89"
Hummus SK2,0164805,0.22,220g,Vemondo,1.19,,,5.41,4056489459538,Hrana,"1,49"
Veganska gotova jela SK6,0164813,0.6,600g,Vemondo,3.79,,,6.32,20934163,Hrana,"3,79"
Soja jogurt SK5,0165197,0.5,500g,Vemondo,1.99,,,3.98,4335619096431,Hrana,Nije_bilo_u_prodaji_02.05.2025
Pureæa kobasica SK2,5000308,0.1,100g,Pikok,,1.79,2.69,17.9,20293147,Hrana,"2,69"
Salama specijaliteti SK1,5006858,0.1,100g,Alpenfest,1.99,,,19.9,4056489545040,Hrana,"1,99"
Šunka s medom ili hrenom SK4,5007111,0.15,150g,Deluxe,2.05,,,13.67,4056489246381,Hrana,"2,09"
Tirolski desert SK1,5009117,0.3,300g,Alpenfest,3.39,,,11.3,4056489544944,Hrana,Nije_bilo_u_prodaji_02.05.2025
Svježi sir s pestom SK1,5011933,0.15,150g,Deluxe,2.59,,,17.27,20987152,Hrana,"1,99"
Slane grickalice SK8,5200013,0.185,185g,Hatherwood,1.33,,,7.19,20802813,Hrana,"1,33"
Sir Cheddar Mature XXL,5200583,1,1000g,Milbona,11.99,,,11.99,20510114,Hrana,"11,99"
Cheddar,5200742,0.25,250g,Milbona,3.49,,,13.96,20575205,Hrana,"2,99"
Žitne pahuljice SK3,5501912,0.25,250g,Crownfield,1.49,,,5.96,20290443,Hrana,"1,69"
Jogurt grèkog tipa 10% m.m.,5502370,0.4,400g,Pilos,1.49,,,3.73,20761776,Hrana,"1,39"
Hrenovke s topljenim sirom,5502667,0.4,400g,Alpenfest,3.29,,,8.23,20981570,Hrana,"3,29"
Carski sir u listiæima SK1,5502819,0.15,150g,Pilos,1.79,,,11.93,20980573,Hrana,"1,79"
Topljeni sir rolice SK1,5503088,0.1,100g,Pilos,0.79,,,7.9,20394165,Hrana,"0,79"
Svježi sir,5503756,0.2,200g,,0.99,,,4.95,5900531000010,Hrana,"0,99"
Sok od naranèe 100%,5503815,1.045,1l,Solevita,2.49,,,2.49,20055318,Piæe,"2,49"
Sok od naranèe 100%,5503815,1.045,1l,Solevita,2.49,,,2.49,20690755,Piæe,"2,49"
Mini salame XXL SK1,5505447,0.15,150g,Pikok,1.69,,,11.27,20762681,Hrana,"1,69"
Mini salame XXL SK1,5505447,0.15,150g,Pikok,1.69,,,11.27,20762698,Hrana,"1,69"
Slani štapiæi bez glutena,5506069,0.095,95g,free from,1.85,,,19.47,20818678,Hrana,"1,85"
Sushi SK2,5507529,0.11,110g,Vitasia,1.59,,,14.45,5907596405286,Hrana,Nije_bilo_u_prodaji_02.05.2025
Sushi SK2,5507529,0.11,110g,Vitasia,1.59,,,14.45,5907596405439,Hrana,Nije_bilo_u_prodaji_02.05.2025
Osvježivaè zraka SK4,5507867,0.425,425g,W5,1.69,,,3.98,20931599,Sredstva za èišæenje,"1,69"
Osvježivaè zraka SK4,5507867,0.425,425g,W5,1.69,,,3.98,4056489878568,Sredstva za èišæenje,"1,69"
Osvježivaè zraka SK4,5507867,0.425,425g,W5,1.69,,,3.98,4056489878575,Sredstva za èišæenje,"1,69"
Praline SK3,5513447,0.148,148g,Favorina,3.39,,,22.91,4056489119357,Hrana,"3,99"
Tekuæi sapun SK9,5514468,0.52,500ml,Cien,0.79,,,1.58,20982775,Kozmetika,"0,89"
"Šam., gel i kupka 3u1 SK6",5516395,0.515,500ml,Cien,1.69,,,3.38,20014247,Kozmetika,"1,69"
"Šam., gel i kupka 3u1 SK6",5516395,0.515,500ml,Cien,1.69,,,3.38,20014261,Kozmetika,"1,69"
Vlažne maramice za èišæenje SK3,5516867,0.439,"50komad,60komad",W5,1.59,,,0.03,4056489783855,Proizvodi za kuæanstvo,"1,49"
Vlažne maramice za èišæenje SK3,5516867,0.439,"50komad,60komad",W5,1.59,,,0.03,4056489783862,Proizvodi za kuæanstvo,"1,49"
Sredstvo za èišæenje limun,5518067,0.945,750ml,W5,1.35,,,1.8,20146580,Sredstva za èišæenje,"1,35"
Mirisne luèice SK7 ,5519199,0.214,18komad,-,1.59,,,0.09,4056489535942,Proizvodi za kuæanstvo,"1,59"
Mirisne luèice SK7 ,5519199,0.214,18komad,-,1.59,,,0.09,4056489536017,Proizvodi za kuæanstvo,"1,59"
Mirisne luèice SK7 ,5519199,0.214,18komad,-,1.59,,,0.09,4056489662136,Proizvodi za kuæanstvo,"1,59"
"Vreæe za smeæe, 35L",5520161,0.16,30komad,Purio,0.75,,,0.03,20142940,Proizvodi za kuæanstvo,"0,75"
Uskršnji èokoladni zec,5520213,0.06,60g,Favorina,0.85,,,14.17,4056489303114,Hrana,"0,85"
Èokoladna uskršnja jaja,5602899,0.13,130g,Favorina,2.79,,,21.46,20638245,Hrana,"2,79"
Sapun iz Provanse SK10,5603194,0.1,100g,Duc de Coeur,0.79,,,7.9,3511720115198,Kozmetika,"0,79"
Salama SK1,5609643,0.075,75g,Duc de Coeur,1.48,,,19.73,4056489040590,Hrana,Nije_bilo_u_prodaji_02.05.2025
Corbieres AOP,5613158,0.75,"0,75l",,3.32,,,4.43,4056489371274,Piæe,"3,32"
Francuski sir SK1,5622210,0.168,"150g,170g,200g",,3.65,,,24.33,3048970653212,Hrana,Nije_bilo_u_prodaji_02.05.2025
Francuski sir SK1,5622210,0.168,"150g,170g,200g",,3.65,,,18.25,3048970653212,Hrana,Nije_bilo_u_prodaji_02.05.2025
Francuski sir SK1,5622210,0.168,"150g,170g,200g",,3.65,,,24.33,3048970657210,Hrana,Nije_bilo_u_prodaji_02.05.2025
Ribani tartufi u masl. ulju,5700777,0.03,41ml,Deluxe,4.49,,,99.78,20496319,Hrana,"3,59"
Premium Bio èaj u kutiji,5709388,0.042,"24x1,75g",Deluxe,4.79,,,4.79,4056489140375,Piæe,"4,79"
Jamon Serrano reserva XXL,5711626,0.24,240g,Sol&Mar,4.99,,,20.79,4056489319856,Hrana,"4,79"
Argan šampon,5712494,0.4,400ml,Cien,2.39,,,5.98,4056489965848,Kozmetika,Nije_bilo_u_prodaji_02.05.2025
High Protein napitak soja,5717477,1.051,1l,Vemondo,1.39,,,1.39,4056489749455,Hrana,"1,39"
Napitak zob barista,5719065,1.04,1l,Vemondo,1.39,,,1.39,4056489965114,Hrana,Nije_bilo_u_prodaji_02.05.2025
Kukuruzni vafli s èokoladom i zobi,5720502,0.134,"4x33,5g",Sondey,2.39,,,17.84,4335619107427,Hrana,"1,99"
"Èokoladno jaje, SK2",6008597,0.25,250g,Favorina,4.49,,,17.96,20173739,Hrana,"4,49"
"Èokoladno jaje, SK2",6008597,0.25,250g,Favorina,4.49,,,17.96,40899428,Hrana,"4,49"
Bio napitak od badema,6008600,1.01,1l,Vemondo,1.99,,,1.99,4056489041313,Hrana,"1,99"
Salama,6010986,0.08,80g,Deluxe,2.74,,,34.25,4056489229964,Hrana,Nije_bilo_u_prodaji_02.05.2025
Svježi Panzerotti SK55,6012356,0.25,250g,Italiamo,1.79,,,7.16,4056489420507,Hrana,"1,79"
Kakao desert,6013392,0.24,8x30g,Milbona,2.89,,,12.04,4056489523543,Hrana,"2,89"
Pikantni sojini rezanci sa svinjet.,6014331,0.2,200g,Vitasia,2.29,,,11.45,4056489631910,Hrana,"2,29"
Cannoli s kremom od pistacije,6014398,0.18,180g,Italiamo,3.79,,,21.06,4056489632191,Hrana,"3,99"
Ricotta desert SK4,6014676,0.11,110g,Deluxe,1.99,,,18.09,4056489632962,Hrana,"1,59"
Ricotta desert SK4,6014676,0.11,110g,Deluxe,1.99,,,18.09,4335619028982,Hrana,"1,59"
Punjeni njoke SK9,6014684,0.5,500g,Deluxe,2.29,,,4.58,20570101,Hrana,"2,29"
Maska s glazurom od kakaa,6016093,0.2,200g,Let's have a party!,2.79,,,13.95,4056489796879,Hrana,"1,99"
Gorgonzola s mascarponeom,6016270,0.17,170g,Deluxe,2.59,,,15.24,4056489797784,Hrana,"2,99"
Tjestenina SK5,6016823,0.5,500g,Italiamo,1.19,,,2.38,20848811,Hrana,"1,99"
Svježa tjestenina SK71,6017515,0.25,250g,Deluxe,1.89,,,7.56,4056489891345,Hrana,"1,89"
"Provoletta sir, narezak SK9",6017732,0.14,140g,Italiamo,1.89,,,13.5,20407995,Hrana,"1,57"
Biskvit s mlijeènim punjenjem,6018362,0.14,5x28g,Milbona,1.69,,,12.07,4335619144989,Hrana,"1,69"
Sendviè tuna-losos SK6,6019094,0.14,140g,Chef Select,1.69,,,12.07,4056489163220,Hrana,Nije_bilo_u_prodaji_02.05.2025
Jastuèiæi punjeni sirom,6200001,1,1000g,Eridanous,3.49,,,3.49,20068400,Hrana,"3,49"
Voæni prutiæi SK13,6403633,0.15,5x30g,Alesto,1.99,,,13.27,20755287,Hrana,"1,99"
Bucatini s jajima,6403654,0.5,500g,Combino,1.29,,,2.58,20757038,Hrana,"1,29"
Goldenfood Sv. patka s iznutricama,6404499,1,ca.3 kg,,4.49,,,4.49,2838520000000,Hrana,"2,95"
Goldenfood Sv. patka s iznutricama,6404499,1,ca.3 kg,,4.49,,,4.49,2838526000000,Hrana,"2,95"
Goldenfood Sv. patka s iznutricama,6404499,1,ca.3 kg,,4.49,,,4.49,2844990000000,Hrana,"2,95"
Jabuèni ocat 5%,6700827,1.008,1l,-,1.05,,,1.05,20536657,Hrana,"1,05"
Zobena kaša SK14,6701260,0.065,65g,Crownfield,0.49,,,7.54,20107581,Hrana,"0,45"
Zobena kaša SK14,6701260,0.065,65g,Crownfield,0.49,,,7.54,20107604,Hrana,"0,45"
Zobena kaša SK14,6701260,0.065,65g,Crownfield,0.49,,,7.54,4056489064503,Hrana,"0,45"
Šunka vrhunske kvalitete,6703773,0.1,100g,Pikok,1.29,,,12.9,20836764,Hrana,"1,39"
Hrskavi müsli SK9,6705168,0.35,350g,Crownfield,1.99,,,5.69,20672997,Hrana,"2,05"
Hrskavi müsli SK9,6705168,0.35,350g,Crownfield,1.99,,,5.69,4056489063773,Hrana,"2,05"
Zobena kaša super food SK2,6706365,0.065,65g,Crownfield,0.59,,,9.08,20839482,Hrana,"0,59"
Pareni polutvrdi sir  SK1,6713797,0.1,100g,Kuljanka,1.49,,,14.9,20108281,Hrana,"1,49"
Pareni polutvrdi sir  SK1,6713797,0.1,100g,Kuljanka,1.49,,,14.9,20108298,Hrana,"1,49"
Müsli ploèice s èoko. i naranèom,6714744,0.03,30g,Crownfield,0.29,,,0.29,4056489724384,Hrana,"0,29"
Pašteta SK5,6718742,0.2,200g,Deluxe,4.49,,,22.45,4056489064695,Hrana,"4,49"
Mini šareni draže bomboni,6719574,0.04,40g,Mister Choc,0.55,,,0.55,4335619060838,Hrana,Nije_bilo_u_prodaji_02.05.2025
Papirnate maramice u kutiji dvosl.,6800031,0.223,200 komad,Floralys,1.59,,,0.01,20353711,Toaletne potrepštine,Nije_bilo_u_prodaji_02.05.2025
Suhi kvasac,6807139,0.035,5x7g,Belbake,0.65,,,0.65,4056489294412,Hrana,"0,65"
"Teran, kvalitetno crno vino",6900130,0.75,"0,75l",Winemakers of Croatia,5.49,,,7.32,4304493256750,Piæe,"5,49"
"Feferoni ljuti, OM 360g",6900306,0.34,720ml,Freshona,2.49,,,6.92,20438180,Hrana,"2,49"
Edamer sir,6900553,0.5,500g,Pilos,4.99,,,9.98,40894447,Hrana,"4,99"
Zimska salama XXL,6900630,0.66,660g,Pikok,6.99,,,10.59,20368753,Hrana,"6,99"
Buðola,6900635,1,ca. 600g,Okusi zavièaja,19.69,,,19.69,2256690000000,Hrana,"19,69"
Buðola,6900635,1,ca. 600g,Okusi zavièaja,19.69,,,19.69,2369060000000,Hrana,"19,69"
Sredstvo za odleðivanje stakla,6900663,0.46,500ml,W5,1.33,,,2.66,20539528,Proizvodi za kuæanstvo,"1,33"
Dolcela Prašak za pecivo,6900755,0.072,6x12g,,0.99,,,13.75,3850104242175,Hrana,"0,99"
Dolcela Puding SK1,6900762,0.156,"4x37g,4x45g",,2.09,,,14.12,3850104276507,Hrana,"2,09"
"'z bregov Kefir 3,5%",6901397,1,1000g,,2.09,,,2.09,3850108030488,Hrana,"1,99"
Èupavci,6901416,0.48,480g,Okusi zavièaja,6.19,,,12.9,20778606,Hrana,"5,89"
BO Kuk. pecivo sa sjem. suncokreta,6901542,0.08,80g,,0.25,,,3.13,3856016951501,Hrana,"0,29"
Svježi èupavci XXL,6901620,0.6,600g,Okusi zavièaja,4.99,,,8.32,20779665,Hrana,"4,99"
Zlatan Plavac EKO,6901631,0.748,"0,75l",,8.99,,,11.99,3859888437562,Piæe,"8,99"
Kutjevo Graševina,6901647,0.744,"0,75l",,7.59,,,10.12,3850156001133,Piæe,"7,59"
Djeèje vlažne maramice XXL SK1,6901653,1.473,3x100komad,Lupilu,2.99,,,0.01,20779221,Proizvodi za kuæanstvo,"2,79"
"Graševina, kvalitetno bijelo vino ",6901678,5,5l,Winemakers of Croatia,11.99,,,2.4,20779276,Piæe,"10,99"
Jim Beam Whiskey 40%,6901717,0.7,"0,7l",,20.02,,,28.6,5010196091008,Piæe,"20,02"
Gurmanska pljeskavica,6901724,0.45,450g,Naša mesnica,4.39,,,9.76,20779979,Hrana,"4,39"
Bijele/kokos èokoladne kuglice,6901734,0.08,80g,Mister Choc,1.29,,,16.13,20779696,Hrana,"0,89"
BO Kruh sa chia sjemenkama,6901799,0.32,320g,,1.29,,,4.03,3859893136566,Hrana,"1,29"
Argeta Pašteta kokošja 4x95g,6901831,0.38,4x95g,,3.99,,,10.5,3838471022774,Hrana,"3,99"
"Svježa krvavica, cca. 600g",6901845,1,ca. 600g,-,5.49,,,5.49,2847800000000,Hrana,"5,49"
Štark Smoki flips,6901862,0.225,225g,,1.49,,,6.62,8600939507094,Hrana,"1,59"
Dalmatinski pršut 1/4 kom.,6901920,1,"ca. 1,3kg",Okusi zavièaja,27.49,,,27.49,2847830000000,Hrana,"27,49"
Champions Edition Èips slani,6901945,0.25,250g,Snack Day,1.19,,,4.76,20780463,Hrana,"1,19"
Kremšnita,6902006,0.34,340g,Okusi zavièaja,3.29,,,9.68,20780715,Hrana,"3,29"
Zvijezda Majoneza 85g,6902240,0.085,90g,,1.19,,,14,3858882214100,Hrana,"1,09"
Zvijezda Stolni margarin,6902244,0.25,250g,,1.15,,,4.6,3856015314147,Hrana,"0,95"
Barkleys Classic SK10,6902264,0.05,50g,,2.39,,,47.8,8717438743349,Hrana,"2,39"
Dukat b.Aktiv LGG Smoothie SK1,6902278,0.33,330g,,1.99,,,6.03,3850354013600,Hrana,"1,82"
"Mlada teletina za peèenje, cca. 2kg",6902353,1,cca. 2kg,Naša mesnica,,8.89,10.99,8.89,2894690000000,Hrana,"9,99"
"Mlada teletina za peèenje, cca. 2kg",6902353,1,cca. 2kg,Naša mesnica,,8.89,10.99,8.89,2894694000000,Hrana,"9,99"
Riblji namaz SK4,6902391,0.165,165g,Okusi zavièaja,3.99,,,24.18,20781576,Hrana,"3,99"
"Jaja podni uzgoj, razred L, 10 kom.",6902414,0.68,10komad,Okusi zavièaja,2.99,,,0.3,4056489926917,Hrana,"2,69"
Petit keks s maslacem,6902427,0.46,460g,Sondey,1.99,,,4.33,20781262,Hrana,"1,99"
Istarski salamin s tartufima,6902429,0.2,200g,Deluxe,5.99,,,29.95,20780289,Hrana,"5,99"
Lješnjak prutiæi,6902433,0.18,180g,Deluxe,5.29,,,29.39,40894126,Hrana,"3,29"
Drniške del. Maran Peèenica,6902480,1,cca. 400g,,20.99,,,20.99,2140905000007,Hrana,"20,99"
Zvijezda Francuska salata,6902539,1,1000g,,5.89,,,5.89,3856015319333,Hrana,"5,95"
Sky Naranèa,6902597,2,2l,,1.45,,,0.73,3871059000504,Piæe,"1,32"
Libresse Maxi Night wing hig.ulošci,6902680,0.11,10komad,,1.99,,,0.2,7322541192543,Toaletne potrepštine,"1,99"
Euro-Milk Dragec Sir SK1,6902724,0.225,225g,,2.75,,,12.22,3859889770477,Hrana,"2,75"
Špin Kravlja skuta,6902750,0.4,400g,,3.79,,,9.48,3858881196483,Hrana,"3,49"
Faks Deterdžent lavanda&smilje,6902751,2.275,"2,275kg",,9.99,,,0.29,3850105163691,Sredstva za èišæenje,"11,99"
BO Somun,6902753,0.2,200g,,0.59,,,2.95,3859892480882,Hrana,"0,58"
Piko Parizer,6902834,0.4,400g,,3.99,,,9.98,3850139170450,Hrana,"3,99"
Piko Parizer,6902834,0.4,400g,,3.99,,,9.98,3850139240580,Hrana,"3,99"
"Svinjska rebra marinirana, ca. 500g",6902856,1,ca. 500g,Naša mesnica,6.59,,,6.59,2810990000000,Hrana,"6,59"
Pileæi odrezak iz filea,6902883,0.4,400g,Naša mesnica,3.39,,,8.48,20781491,Hrana,"5,69"
Pileæi medaljoni,6902884,0.4,400g,Naša mesnica,5.49,,,13.73,20781507,Hrana,"5,29"
Duracell baterije AA,6902924,0.026,10komada,,6.99,,,0.7,5000394152496,Proizvodi za kuæanstvo,"5,99"
Duracell baterije AAA,6902925,0.013,10komada,,6.99,,,0.7,5000394019867,Proizvodi za kuæanstvo,"5,99"
Zewa Deluxe Toaletni papir 3-sl.,6902945,1.5,16x150Blatt,,4.75,,,0.3,7322540201192,Toaletne potrepštine,"4,99"
Grèki voæni jogurt SK3,6902972,0.15,150g,Pilos,0.75,,,5,40894317,Hrana,"0,75"
Tvrdi sir narezan,6902974,0.12,120g,Milbona,2.65,,,22.08,40894478,Hrana,"2,65"
Mortadella,6902985,0.15,150g,Pikok,1.79,,,11.93,40894232,Hrana,"1,79"
Ferrero Rocher Grand,6903049,0.125,125g,,5.19,,,41.52,8000500374429,Hrana,"4,79"
"Hamburger, cca. 400g",6903050,1,ca. 400g,Pikok,6.99,,,6.99,2800030000000,Hrana,"6,99"
Èaj u rinfuzi UTZ SK2,6903079,0.035,"30g,40g",Okusi zavièaja,1.19,,,1.19,40894508,Piæe,"1,19"
"Kinder èokoladna figura, 3x15g",6903091,0.045,45g,,1.39,,,1.39,4008400521527,Hrana,"1,59"
"Teleæi vrat s kosti, cca. 1kg",6903098,1,ca. 1kg,Naša mesnica,,8.89,10.99,8.89,2869027000000,Hrana,"4,78"
"Juneæi mix za juhu, cca. 800g",6903149,1,ca. 800g,Naša mesnica,8.99,,,8.99,2895550000000,Hrana,"9,49"
Koko Meso mlade kokoši,6903247,1,"ca. 1,1kg",,2.19,,,2.19,2819435000000,Hrana,"2,19"
Becutan Krema za djecu,6903250,0.188,200ml,,6.49,,,32.45,5310001256678,Kozmetika,"6,49"
Rio Mare Tuna pašteta,6903350,0.1,100g,,1.79,,,17.9,8004030069008,Hrana,"1,86"
Lampioni Premium SK2,6903360,0.5,500g,-,3.49,,,3.49,20251598,Proizvodi za kuæanstvo,"3,49"
"Le Coq Cocktail Mojito, 4,7% ",6903703,0.33,"0,33l",,1.19,,,3.61,4740098088264,Piæe,"1,52"
"Le Coq Cock. Sex on the Beach, 4,7%",6903704,0.33,"0,33l",,1.19,,,3.61,4740098088288,Piæe,"1,52"
"Le Coq Cock. Sex on the Beach, 4,7%",6903704,0.33,"0,33l",,1.19,,,3.61,4740098090663,Piæe,"1,52"
Bijeli rezani kruh,6903825,0.5,500g,Tastino,0.99,,,1.98,4056489073758,Hrana,"0,89"
"Ožujsko Svijetlo pivo 5,0%, 4x0,5l",6904144,2,"4x0,5l",,3.99,,,2,3850131986011,Piæe,"4,45"
"Svinjski kare odresci sk, cca. 600g",6904148,1,ca.600g,Naša mesnica,5.99,,,5.99,2817590000000,Hrana,"5,99"
"Ukrasna vreæica 36x12,5x8,5cm",6904172,0.05,1komad,,1.06,,,1.06,3858887147229,Proizvodi za kuæanstvo,"1,06"
Ukrasna vreæica 12x39x9cm,6904173,0.01,1komad,,0.89,,,0.89,3856023029347,Proizvodi za kuæanstvo,0.89
Ukrasna vreæica 12x39x9cm,6904173,0.01,1komad,,0.89,,,0.89,3856023060470,Proizvodi za kuæanstvo,0.89
Ukrasna vreæica 12x39x9cm,6904173,0.01,1komad,,0.89,,,0.89,3858888919610,Proizvodi za kuæanstvo,0.89
Ukrasna vreæica 25x12x8cm,6904174,0.1,1komad,,1.33,,,1.33,3856023004801,Proizvodi za kuæanstvo,"1,33"
Ukrasna vreæica 32x26x12cm,6904180,0.1,1komad,,1.49,,,1.49,3856023008564,Proizvodi za kuæanstvo,"1,45"
Ukrasna vreæica 32x26x12cm,6904180,0.1,1komad,,1.49,,,1.49,3856023028982,Proizvodi za kuæanstvo,"1,45"
Ukrasna vreæica 32x26x12cm,6904180,0.1,1komad,,1.49,,,1.49,3856023055865,Proizvodi za kuæanstvo,"1,45"
Papir/folija 70x100cm,6904186,0.022,1komad,,1.29,,,1.29,3858888053451,Proizvodi za kuæanstvo,"1,19"
Celofan 70x100cm,6904190,0.02,1komad,,0.69,,,0.69,3858888917685,Proizvodi za kuæanstvo,"0,69"
"Jaja iz podnog uzgoja XXL, razred L",6904263,1.02,15komad,Okusi zavièaja,2.39,,,0.16,4056489926627,Hrana,"2,39"
"Pileæe, pureæe hrenovke",6904265,0.5,500g,Pikok,1.29,,,2.58,4056489073468,Hrana,"1,29"
Bobi Flips,6904279,0.27,3x90g,,1.69,,,6.26,3858891161501,Hrana,"1,59"
Julka šnite,6904474,0.42,420g,Okusi zavièaja,3.99,,,9.5,4056489074762,Hrana,"3,99"
Encian Multi 24,6904615,0.045,30komad,,4.59,,,0.15,3858890104066,Hrana,"4,59"
Encian Multi 24,6904615,0.045,30komad,,4.59,,,0.15,3858890104868,Hrana,"4,59"
McVities Digestive Original 2x500g,6904882,1,1kg,,3.69,,,3.69,5000396048001,Hrana,"4,19"
BO Baguette bijeli,6904884,0.22,220g,,0.49,,,2.23,3859890755746,Hrana,"0,49"
"Zaè. svi. lop. za peèenje, cca. 1kg",6904976,1,cca. 1kg,Naša mesnica,6.79,,,6.79,2896460000000,Hrana,"4,79"
"Gouda, polutvrdi sir",6904985,1,1kg,,4.29,,,4.29,3830056402285,Hrana,"5,99"
Dalmatinska panceta,6905047,1,"ca. 1,2kg",Pikok,10.49,,,10.49,4052917186052,Hrana,"10,99"
Meggle Alpinesse Classic,6905343,0.25,250g,,3.49,,,13.96,4034900008190,Hrana,"3,49"
FSC Briketi za roštilj,6905372,2.5,"2,5kg",,2.89,,,1.16,3859888141155,Proizvodi za kuæanstvo,"3,19"
FSC Briketi za roštilj,6905372,2.5,"2,5kg",,2.89,,,1.16,3859888141179,Proizvodi za kuæanstvo,"3,19"
Lampioni L-104,6905500,0.74,4x160g,-,4.49,,,1.12,4056489317135,Proizvodi za kuæanstvo,"3,99"
Èarli Deterdžent za posuðe SK1,6905521,0.46,450ml,,1.29,,,2.87,3850111304125,Sredstva za èišæenje,"1,29"
Ledo Roðendanska torta,6905541,1,1000g,,19.99,,,19.99,3850116875873,Hrana,"17,99"
Libresse Extra Long Dnevni ulošci,6905551,0.089,24komad,,1.75,,,0.07,7322540062656,Toaletne potrepštine,"1,95"
luris Zweigelt & Cabernet KZP,6905825,0.75,"0,75l",,3.98,,,5.31,3859891102310,Piæe,"3,98"
Dukat Domaæe kiselo vrhnje 25% m.m.,6905853,0.3,300g,,1.99,,,6.63,3850354008729,Hrana,"1,89"
Nivea Deo roll-on SK1,6905897,0.1,2x50ml,,3.99,,,39.9,9005800351568,Kozmetika,"3,99"
Fix umaci (62-70g) SK1,6905911,0.065,"62g,70g",Kania,0.49,,,7,4056489317418,Hrana,"0,49"
BO Snickerino Donut,6905951,0.076,76g,,0.59,,,7.76,3859893136306,Hrana,"0,59"
Vindon Mljeveno pureæe meso,6905984,0.5,500g,,,3.71,5.49,7.42,3850339413043,Hrana,"5,49"
Dobro Buðola narezak,6906022,0.25,250g,,4.99,,,19.96,3850133804764,Hrana,"4,99"
Violeta Omekšivaè 114 pranja SK1,6906055,3.992,4l,,4.49,,,1.12,3870128014664,Sredstva za èišæenje,"4,79"
Vafli od smeðe riže SK15,7202044,0.12,120g,Sondey,0.99,,,8.25,20710262,Hrana,"0,99"
"Smrznute kajzerice bijele, 12x63g",7204170,0.756,756g,-,1.99,,,2.63,3800210986616,Hrana,"1,99"
Bruschette SK3,7207327,0.14,140g,Snack Day,1.29,,,9.21,4056489693321,Hrana,"1,29"
Perutnina Ptuj Pileæi narezak SK2,7300183,0.143,"125g,180g",,1.99,,,15.92,3838977024463,Hrana,"1,99"
Perutnina Ptuj Pileæi narezak SK2,7300183,0.143,"125g,180g",,1.99,,,15.92,3838977024487,Hrana,"1,99"
Perutnina Ptuj Pileæi narezak SK2,7300183,0.143,"125g,180g",,1.99,,,11.06,3838977024852,Hrana,"1,99"
Pileæa posebna kobasica SK2,7301524,0.4,400g,Pikok,1.59,,,3.98,20905415,Hrana,"1,59"
Bimed jezgra oraha,7304129,1,ca. 1kg,,5.69,,,5.69,3830022222749,Hrana,Nije_bilo_u_prodaji_02.05.2025
Desert u èašici SK5,7712768,0.09,90g,Deluxe,1.69,,,18.78,4056489484417,Hrana,"1,69"
Vivil Bomboni bez šeæera sort.,7713799,0.12,120g,,1.79,,,14.92,4020400898690,Hrana,"1,79"
Hrskavo peèenje od šunke SK1,7714586,0.12,120g,Deluxe,1.79,,,14.92,4056489706830,Hrana,"1,79"
Proteinski prutiæ 30% SK1,7715079,0.045,45g,-,0.99,,,22,4056489884910,Hrana,"0,99"
Parfem Sudd.Lux/G.Bellini Val. SK2,7716840,0.1,100ml,,4.99,,,49.9,4335619131231,Kozmetika,"4,99"
Dilek Cig SK1,7717569,0.384,384g,,1.59,,,4.14,4036577918543,Hrana,"1,67"
Apperitivo desert SK1,7718013,0.35,350g,Deluxe,3.09,,,8.83,4335619132870,Hrana,"3,78"
Majoneza,9000006,0.094,100ml,Kania,0.55,,,5.5,20964993,Hrana,"0,75"
Sirni namaz 60%,9000032,0.1,100g,Pilos,,0.65,0.89,6.5,20965266,Hrana,"0,89"
Fini jestivi škrob,9000155,0.2,200g,Belbake,0.79,,,3.95,4056489735984,Hrana,"0,79"
Goveða juha RSPO,9002293,0.065,65g,-,0.59,,,9.08,4056489508434,Hrana,"0,49"
Pašteta od peradi SK6,9002467,0.095,95g,Pikok Pure,0.99,,,10.42,4056489508243,Hrana,"0,99"
Junior pileæa pašteta,9002470,0.095,95g,-,0.99,,,10.42,4056489508298,Hrana,"0,85"
Destilirana voda,9002752,6,6l,W5,1.39,,,1.39,4056489734550,Sredstva za èišæenje,Nije_bilo_u_prodaji_02.05.2025
Toaletni papir XXL 4-slojni,9003160,2.112,24x120Blatt,Floralys,5.69,,,0.24,4056489317548,Toaletne potrepštine,"5,49"
Rada Ovèije kiselo mlijeko 6%,9003287,0.4,400g,,2.29,,,5.73,5319991216532,Hrana,"2,29"
Rada Koziji sir,9003294,1,ca. 350g,,10.99,,,10.99,2103630000000,Hrana,"10,99"
Predjela XXL SK3,0158188,0.3,300g,Chef Select,4.49,,,14.97,4056489675914,Hrana,"4,49"
Kroasan,0158219,0.34,340g,Duc de Coeur,1.99,,,5.85,20711740,Hrana,"1,64"
Ulje za tuširanje Rose Argan,0158444,0.095,100ml,Cien,2.19,,,21.9,4056489349358,Kozmetika,"2,19"
Luppo Kolaè s pekmezom od višanja,0158580,0.182,182g,,2.79,,,15.33,8691707059044,Hrana,"2,79"
Voæni namaz 85% SK6,0158868,0.245,245g,Deluxe,2.79,,,11.39,4056489352495,Hrana,"2,47"
Gumeni bomboni za pobolj. imuniteta,0158900,0.12,120g,Optisana,3.99,,,33.25,4056489352655,Hrana,"3,99"
Krema za sunèanje Sensitive 50+,0159511,0.05,50ml,Cien Sun,2.59,,,51.8,4056489601722,Kozmetika,"2,59"
Mješavine za muffine SK27,0159610,0.325,"310g,340g",Belbake,2.49,,,8.03,20149932,Hrana,"2,19"
High Protein Gris puding SK1,0160550,0.2,200g,Milbona,0.99,,,4.95,4056489955016,Hrana,"0,99"
Premium sladoled na štapiæu SK1,0160838,0.288,4x90ml,Gelatelli,2.92,,,8.11,4056489411178,Hrana,"2,92"
Chianti DOCG,0160841,0.75,"0,75l",-,4.19,,,5.59,4056489406143,Piæe,"4,19"
Kozji sir Camembert,0161251,0.18,180g,Deluxe,3.19,,,17.72,4056489914839,Hrana,"2,49"
Mirisni osvježivaè prostora SK18,0161698,0.148,150ml,W5,1.39,,,9.27,4056489232254,Sredstva za èišæenje,"1,69"
Mlijeko za sunèanje,0161877,0.25,250ml,Cien Sun,5.99,,,23.96,4335619130630,Kozmetika,"5,99"
Oxi Action Sprej za otkl. mrlja,0161951,0.765,750ml,Formil,1.89,,,2.52,4056489430681,Sredstva za èišæenje,"1,89"
Dagnje blanširane,6209183,0.5,500g,Eridanous,3.99,,,8.87,4056489541004,Hrana,"3,99"
Salata s feta sirom SK1,6210993,0.25,250g,Deluxe,2.19,,,8.76,4056489773368,Hrana,"1,91"
Melomakarona medenjaci,6211298,0.22,220g,Eridanous,4.49,,,20.41,4056489906148,Hrana,Nije_bilo_u_prodaji_02.05.2025
Jastuèiæi sa veganskim sirom,6212075,0.5,500g,Vemondo,2.2,,,4.4,4335619097285,Hrana,Nije_bilo_u_prodaji_02.05.2025
Veganska pita SK1,6212549,1,1000g,Vemondo,4.49,,,4.49,4335619099081,Hrana,Nije_bilo_u_prodaji_02.05.2025
Kakao mlijeèni napitak,6400221,0.5,500ml,Pilos,1.19,,,2.38,20402013,Hrana,"1,09"
"Grašak, smrznuti",6400606,0.45,450g,Freshona,1.19,,,2.64,20320324,Hrana,"1,19"
"Žute mahune, duboko smrznute",6400610,1,1kg,Freshona,2.35,,,2.35,20156831,Hrana,"2,39"
"Papirnate maramice,3-slojne,100kom.",6400687,0.167,100komad,Floralys,0.65,,,0.01,20142049,Toaletne potrepštine,"0,2"
Kukuruzni snack s okusom èilija,6400718,0.07,70g,Alesto,0.69,,,9.86,20947286,Hrana,"0,69"
Pureæi odrezak iz filea,6401075,0.45,450g,-,5.29,,,11.76,5995885819593,Hrana,"5,29"
Posebna salama od svinjskog mesa,6401153,0.5,500g,Baroni,2.35,,,4.7,20412388,Hrana,"2,35"
Sljeme Èajna pašteta u ovitku,6906106,0.3,3x100g,,2.29,,,7.63,3850139230260,Hrana,"1,79"
Poklon paket Nivea Men Active,6906110,0.308,300ml,,4.39,,,14.63,9005800350400,Kozmetika,"4,39"
Suncokretovo ulje ,6906127,0.92,1l,Vita D'or,1.49,,,1.49,4056489316879,Hrana,"1,49"
PIK Mortadela narezana XXL,6906137,0.3,300g,,3.99,,,13.3,3850139180398,Hrana,"3,99"
Bailey's Cream Liker,6906151,0.75,"0,7l",,17.99,,,25.7,5011013100156,Piæe,"14,39"
Lješnjak èarolija kolaè,6906185,0.42,420g,Confiserie Firenze,6.19,,,14.74,4056489610687,Hrana,"3,71"
Ukrasna vreæica 23x18x10cm,6906193,0.044,1komad,,1.29,,,1.29,3856023029514,Proizvodi za kuæanstvo,"1,29"
"Karlovaèko Svijetlo pivo 5,0%",6906208,3,"6x0,5l",,7.99,,,2.66,3850103902360,Piæe,"7,67"
Sladoled štapiæ bijela èok.-badem,0137327,0.095,120ml,Gelatelli,1.19,,,9.92,20092115,Hrana,"0,99"
Bio sirni namaz SK1,0137564,0.16,160g,Milbona,1.79,,,11.19,20101428,Hrana,"1,79"
Flan 0% masti 0% šeæera,0137778,0.4,4x100g,Milbona,1.79,,,4.48,20102807,Hrana,"1,79"
Tjestenina iz bronèanog kalupa SK1,0137932,0.5,500g,Combino,1.09,,,2.18,20104054,Hrana,"1,19"
"Bio kašica povræe, tjes. i puretina",0138002,0.25,250g,Lupilu,1.29,,,5.16,4056489882206,Hrana,"1,29"
"Bio kašica pov., tjest. s vrhnjem ",0138005,0.25,250g,Lupilu,1.29,,,5.16,20995898,Hrana,"1,29"
Namaz svježi sirSK48,0138068,0.097,"100g,90g",Deluxe,1.99,,,19.9,20112073,Hrana,"1,99"
Namaz svježi sirSK48,0138068,0.097,"100g,90g",Deluxe,1.99,,,19.9,20112080,Hrana,"1,99"
Èokoladni ukrasi od mlijeène èok.,0138280,0.1,100g,Belbake,1.89,,,18.9,4056489005773,Hrana,"1,69"
Suha hrana za pse SK4,0138813,1.5,"1,5kg",Orlando Gourmet,2.39,,,1.59,4056489333555,Proizvodi za kuæanstvo,"2,39"
Kobasica SK2,0138902,0.275,"250g,300g",Grillmeister,3.29,,,10.97,20137083,Hrana,"3,29"
Kobasica SK2,0138902,0.275,"250g,300g",Grillmeister,3.29,,,10.97,4056489141754,Hrana,"3,29"
Paloma Toaletni papir,7306289,0.827,10x150Blatt,,2.79,,,0.28,3838952028226,Toaletne potrepštine,Nije_bilo_u_prodaji_02.05.2025
Gotova jela SK3,7306745,0.35,350g,,4.99,,,14.26,3830044817121,Hrana,Nije_bilo_u_prodaji_02.05.2025
Ekstra pileæe kobasice,7306952,1,1000g,,2.49,,,2.49,3850220150033,Hrana,"2,39"
PP Pureæa kobasica,7307013,0.5,500g,,1.49,,,2.98,3850220151757,Hrana,"1,49"
Sun C.ulje za tamnjenje u spreju F6,7307655,0.15,150ml,,7.99,,,53.27,3831070659013,Kozmetika,Nije_bilo_u_prodaji_02.05.2025
"Kras Primorski pršut, ca.1000g",7309126,1,ca.1000g,,14.99,,,14.99,2191264000000,Hrana,Nije_bilo_u_prodaji_02.05.2025
"Kras Domaæi pršut, ca.1000g",7309127,1,ca.1000g,,17.99,,,17.99,2191279000000,Hrana,Nije_bilo_u_prodaji_02.05.2025
Mlinotest Penne Rigate,7309356,1,1000g,,1.45,,,1.45,3831001823926,Hrana,Nije_bilo_u_prodaji_02.05.2025
Pileæe mljeveno meso,7309507,0.4,400g,,3.99,,,9.98,3831006603769,Hrana,Nije_bilo_u_prodaji_02.05.2025
Pašteta SK3,7402019,0.17,170g,Deluxe,1.68,,,9.88,4056489365983,Hrana,Nije_bilo_u_prodaji_02.05.2025
Talijanske krokete SK1,7402568,0.28,20x14g,Italiamo,4.39,,,15.68,20959180,Hrana,"4,39"
Èokoladni paket SK2,7405837,0.185,185g,Deluxe,4.99,,,26.97,4056489215028,Hrana,"5,49"
Spekulatius namaz SK1,7406004,0.4,400g,Favorina,1.79,,,4.48,4056489215226,Hrana,"2,89"
Schogetten SK96,0002838,0.1,100g,,1.75,,,17.5,4000415028305,Hrana,"1,29"
Schogetten SK96,0002838,0.1,100g,,1.75,,,17.5,4000415174309,Hrana,"1,29"
Schogetten SK96,0002838,0.1,100g,,1.75,,,17.5,4000415779801,Hrana,"1,29"
Schogetten SK96,0002838,0.1,100g,,1.75,,,17.5,4000415851507,Hrana,"1,29"
Schogetten SK96,0002838,0.1,100g,,1.75,,,17.5,4000415992804,Hrana,"1,29"
Schogetten SK96,0002838,0.1,100g,,1.75,,,17.5,4000607007606,Hrana,"1,29"
Schogetten SK96,0002838,0.1,100g,,1.75,,,17.5,4000607151507,Hrana,"1,29"
Mini kokos prutiæi,0002844,0.35,350g,Mister Choc,3.69,,,10.54,20046347,Hrana,"3,59"
Müsli prutiæi SK50,0002858,0.2,200g,Crownfield,1.65,,,8.25,20080655,Hrana,"1,65"
Müsli prutiæi SK50,0002858,0.2,200g,Crownfield,1.65,,,8.25,20080679,Hrana,"1,65"
Müsli prutiæi SK50,0002858,0.2,200g,Crownfield,1.65,,,8.25,20104221,Hrana,"1,65"
Praline punjene vinjakom,0002864,0.25,250g,Alte Excellenz,3.29,,,13.16,20005962,Hrana,"3,49"
Sredstvo za èišæenje WC-a SK9,0151454,1.023,1l,W5,1.65,,,1.65,4056489563372,Sredstva za èišæenje,"1,65"
Osvježivaè prostora SK8,0151608,0.295,300ml,W5,1.19,,,3.97,4056489226802,Sredstva za èišæenje,"1,19"
Internacionalna gotova jela SK8,0151851,1,1000g,Chef Select,4.49,,,4.49,4056489367680,Hrana,"4,49"
Men šampon s kofeinom,0152045,0.26,250ml,Cien,1.39,,,5.56,4056489235026,Kozmetika,"1,39"
Mješavina orašastih plodova SK5,0152058,0.2,200g,Alesto,3.39,,,16.95,20559618,Hrana,"3,99"
Exotic mix,0152060,0.06,60g,Alesto,0.95,,,15.83,20559588,Hrana,"1,19"
Snack mix XXL SK3,0152119,0.3,300g,Alesto,3.99,,,13.3,20716639,Hrana,"3,99"
Snack mix XXL SK3,0152119,0.3,300g,Alesto,3.99,,,13.3,4056489666264,Hrana,"3,99"
Sladoled SK1,0152614,0.173,3x90ml,MCENNEDY,2.99,,,11.07,4056489248484,Hrana,"2,99"
Italian Rosé Sparkling Wine,0152615,0.75,"0,75l",,4.59,,,6.12,4056489237389,Piæe,"3,59"
Pjenušac suhi,0152671,0.75,"0,75l",Burg Schöneck,3.29,,,4.39,4056489849391,Piæe,"2,99"
Pjenušac suhi,0152675,0.2,"0,2l",Burg Schöneck,1.29,,,6.45,4056489546269,Piæe,"1,29"
Grèka predjela,0153181,0.15,150g,Chef Select,2.39,,,15.93,4056489241966,Hrana,"2,39"
Masline SK4,0153199,0.15,150g,Let's have a party!,2.19,,,14.6,4056489241997,Hrana,"2,29"
Kuhana šunka XXL SK7,0153395,0.4,400g,Dulano,3.89,,,9.73,4056489115304,Hrana,"3,99"
Mljevena kava SK1,0153488,0.25,250g,Deluxe,6.99,,,27.96,4056489262596,Piæe,"6,99"
Voæne karamele,0153605,0.4,400g,Sweet Corner,2.39,,,5.98,4056489267300,Hrana,"2,39"
Hrskavi mlijeèni desert vanilija,0153698,0.35,650ml,Gelatelli,2.15,,,3.31,4056489267812,Hrana,"2,49"
Eau de Parfum SK6,0153747,0.063,75ml,Suddenly,6.49,,,86.53,4056489545583,Kozmetika,"6,49"
Biscotti keksi SK4,0154002,0.15,150g,Italiamo,1.79,,,11.93,4056489257967,Hrana,"1,79"
BO pletenica od diz. tije. s makom,0169092,0.5,500g,,3.79,,,7.58,4056489531524,Hrana,"3,69"
Maska za kosu šipak i keratin,0169257,0.018,1komad,Cien,1.33,,,1.33,4056489532606,Kozmetika,"1,33"
Grickalice za pse SK6,0169319,0.14,"105g,135g,180g",Orlando,0.89,,,8.48,4056489333609,Proizvodi za kuæanstvo,"0,89"
Grickalice za pse SK6,0169319,0.14,"105g,135g,180g",Orlando,0.89,,,8.48,4056489333616,Proizvodi za kuæanstvo,"0,89"
Grickalice za pse SK6,0169319,0.14,"105g,135g,180g",Orlando,0.89,,,6.59,4056489333623,Proizvodi za kuæanstvo,"0,89"
Grickalice za pse SK6,0169319,0.14,"105g,135g,180g",Orlando,0.89,,,4.94,4056489333623,Proizvodi za kuæanstvo,"0,89"
"Pivo lager 5,2%",0169462,3.024,"6x0,5l",Perlenbacher,5.79,,,1.93,4056489592037,Piæe,"5,69"
Punjena tjestenina,0169478,0.25,250g,Deluxe,2.89,,,11.56,4056489868866,Hrana,"2,89"
Praline SK1,0169617,0.196,4x70ml,Gelatelli,3.49,,,12.46,4056489538189,Hrana,"3,49"
Tjestenina bez glutena SK4,0074516,0.5,500g,free from,1.69,,,3.38,4056489133032,Hrana,"1,99"
Tjestenina bez glutena SK4,0074516,0.5,500g,free from,1.69,,,3.38,4056489133049,Hrana,"1,99"
Uložak za odvlaživaè zraka,0173969,1.35,3x450g,W5,2.99,,,2.21,4056489607724,Sredstva za èišæenje,"3,49"
High Protein Drink XXL SK1,0174614,0.42,420g,Milbona,1.49,,,3.55,4056489618140,Hrana,"1,49"
High Protein Drink XXL SK1,0174614,0.42,420g,Milbona,1.49,,,3.55,4304493268975,Hrana,"1,49"
Kava u zrnu Rosso RFA,0175043,1,1000g,Bellarom,14.99,,,14.99,4056489576884,Piæe,"13,99"
Maslac od kikirikija,0175186,0.5,500g,Maribel,2.79,,,5.58,4056489620938,Hrana,"2,79"
Dj. vodeni sladoled SK12,0175604,0.696,6x110ml,Bon Gelati,3.19,,,4.83,4056489542759,Hrana,"3,19"
Svj. sok od naranèe,0176261,1.56,1.500l,Solevita,4.79,,,3.19,4304493271388,Hrana,Nije_bilo_u_prodaji_02.05.2025
Punjene rolice XXL,0176387,0.7,4x175g,Orlando,3.49,,,4.99,4056489643852,Proizvodi za kuæanstvo,Nije_bilo_u_prodaji_02.05.2025
Biskvit za torte,0176908,0.4,400g,Confiserie Firenze,2.49,,,6.23,4056489655978,Hrana,"3,59"
Gold Classic kava liofilizirana RFA,0178373,0.1,100g,Bellarom,4.69,,,46.9,4056489666387,Piæe,"3,99"
DdS Capirosso Toscana IGT Rosso,0179071,0.75,"0,75l",,5.99,,,7.99,8009307072538,Piæe,"5,99"
Jednokratna dvostruka britvica,0179269,0.057,10komad,Cien,1.59,,,0.16,4056489687535,Kozmetika,"1,59"
Ledo Savijaèa s vanili. i šum.voæem,6905586,0.5,500g,,2.99,,,5.98,3850116888972,Hrana,"3,19"
Leæevaèki mladi kra. sir 30d zrenje,6905616,0.3,300g,Okusi zavièaja,5.49,,,18.3,4056489316572,Hrana,"5,29"
Meðimurski domaæi kuhani sir SK3,6905626,0.5,500g,Okusi zavièaja,,3.89,5.69,7.78,4056489316589,Hrana,"5,69"
Kraš Napolitanke Cocoa&Milk,6905676,0.42,420g,,2.29,,,5.45,3850102519125,Hrana,"2,29"
Jana Vitamin Happy,6905685,1.52,"1,5l",,1.79,,,1.19,3858890874044,Piæe,"1,69"
Kraš PreKrašni Kolaèiæ sa kakao p.,6905700,0.22,220g,,1.89,,,8.59,3870450002094,Hrana,"2,59"
BO Domaæi klipiæ punjen šu. i sir.,6905746,0.07,70g,,1.09,,,15.57,3858889618178,Hrana,"0,99"
Zvijezda margarin za kreme,6905807,0.25,250g,,0.99,,,3.96,3858882211611,Hrana,"0,65"
Zvijezda marg. s aromom van.,6905808,0.25,250g,,0.99,,,3.96,3856015305534,Hrana,"0,65"
Fusili Tris tjestenina iz Apulija,6000810,0.5,500g,Italiamo,1.69,,,3.38,20462642,Hrana,"1,69"
Grana padano 20mj. dozrijevan,6000900,0.09,90g,Deluxe,1.69,,,18.78,20443948,Hrana,"1,59"
Rižoto SK5,6001161,0.175,175g,Kania,1.09,,,6.23,20499840,Hrana,"1,29"
Sayonara Èaèkalice,6001475,0.063,450komad,,0.89,,,0.89,8000675113243,Proizvodi za kuæanstvo,"0,89"
Gotova jela tjestenina SK1,6001772,0.175,175g,Kania,1.69,,,9.66,20623975,Hrana,"1,69"
Visokokvalitetni namaz SK2,6002491,0.19,190g,Mister Choc,1.79,,,9.42,20569631,Hrana,"1,99"
Bio napitak od riže,6002760,1.052,1l,Vemondo,1.15,,,1.15,4056489469520,Hrana,"1,15"
Mozzarella pletenica,6003130,0.2,200g,Italiamo,2.59,,,12.95,20822972,Hrana,"2,49"
Lješnjak krem namaz 13%,6003961,0.75,750g,Choco Nussa,3.79,,,5.05,20637682,Hrana,"3,85"
Namaz od lješnjaka,6003963,0.75,750g,Choco Nussa,3.85,,,5.13,4056489162841,Hrana,"3,85"
Pašteta s tunam / lososom SK1,6004564,0.1,100g,Nixe,1.59,,,15.9,20632878,Hrana,"1,79"
Krekeri s okusom pizze SK1,6004708,0.1,100g,Italiamo,1.99,,,19.9,20851200,Hrana,"1,99"
Keksi od badema SK4,6005748,0.15,150g,Sondey,2.55,,,17,4056489419884,Hrana,"3,19"
Sušeni vrganji,6006064,0.02,20g,Deluxe,2.59,,,129.5,20001032,Hrana,"1,99"
Prilog od povræa,6006066,0.45,450g,Italiamo,2.99,,,6.64,20000950,Hrana,"2,69"
Veganski medaljoni SK1,6006494,0.25,250g,Vemondo,2.39,,,9.56,20969233,Hrana,"1,89"
Gorgonzola DOP s korom SK1,6007296,0.2,200g,Milbona,3.29,,,16.45,20053468,Hrana,"3,25"
Sladoled u èaši SK3,6008296,0.31,310g,Deluxe,2.86,,,9.23,4335619029361,Hrana,Nije_bilo_u_prodaji_02.05.2025
Palmeritas trajni kolaè,5701639,0.18,180g,Sol&Mar,1.99,,,11.06,20645892,Hrana,"1,99"
Chorizo extra Sarta salama SK2,5701702,0.2,200g,Sol&Mar,2.69,,,13.45,20645090,Hrana,"2,69"
Biskvit torta SK2,5702871,0.347,"330g,370g",Sol&Mar,1.89,,,5.11,20421151,Hrana,"1,89"
Siao Long Pao SK2,5704408,0.24,"230g,250g",Vitasia,3.99,,,15.96,20796518,Hrana,"3,99"
Sušene rajèice u suncokretovom ulju,5704946,0.19,212ml,Deluxe,1.59,,,7.5,20798581,Hrana,"1,69"
Turón Fuet SK4,5706368,0.16,160g,Deluxe,1.99,,,12.44,4056489511243,Hrana,"1,99"
Egzotièni sok SK2,5706912,0.336,330ml,Vitasia,1.46,,,4.42,4056489634805,Hrana,"1,46"
Nivea Dezodorans SK1,6906413,0.092,150ml,,3.95,,,26.33,9005800250328,Kozmetika,"3,95"
Ornel Omekšivaè Blue Marine 150 pr.,6906446,3.75,"3,75l",,4.25,,,1.13,3850105177353,Sredstva za èišæenje,"4,25"
BO Domaæi bakin kruh s kis. tijest.,6906466,0.47,470g,,1.79,,,3.81,3859893136672,Hrana,"1,69"
Ledo Silk Milk štapiæ,6906482,0.288,6x65ml,,4.49,,,11.51,3850116048543,Hrana,"3,45"
"Encian Omega 1000, 50 kapsula",6906529,0.045,50komad,,6.62,,,0.13,3858890102536,Hrana,"6,62"
Marelica nektar,6906562,1.061,1l,Solevita,1.69,,,1.69,4056489610991,Piæe,"1,59"
Toast sendviè s puretinom i sirom,6906631,0.22,220g,,1.59,,,7.23,3858893421009,Hrana,"1,59"
"Piko Jaja razred S, Klasa A",6907006,1.06,10komad,,1.79,,,0.18,3859889711197,Hrana,"1,49"
BO Somun send. s pur. šun. i sirom ,6907018,0.16,160g,,,0.85,1.29,5.31,4052917666721,Hrana,"1,29"
PPK Goveða kobasica,6907044,0.3,300g,,2.29,,,7.63,3858881614161,Hrana,"2,29"
BADEL Domaæi 35%,6907061,0.1,"0,1l",,1.69,,,16.9,3850112145147,Piæe,"1,69"
Proteini.si 100% Vegan Proteini èok,6907087,0.5,500g,,12.39,,,24.78,3830075229504,Hrana,"12,39"
Džem od šipka,6907110,0.63,630g,Maribel,2.59,,,4.11,4056489611516,Hrana,"2,59"
Nila Tek.deterdžent 50 pranja SK1,6907141,2.7,"2,7l",,8.99,,,0.18,3850105169662,Sredstva za èišæenje,"9,29"
Kraš PreKrašni kol. s mlij. punj.,6907146,0.2,200g,,1.89,,,9.45,3850102005413,Hrana,"1,89"
Likvi Deterdžent za posuðe SK1,6907151,0.927,900ml,,2.49,,,2.77,3850105170460,Sredstva za èišæenje,"2,49"
Sirup naranèa light,6907158,1.003,1l,-,1.19,,,1.19,4304493260184,Piæe,"1,29"
Ferrero Nutella keksi punj. Nutell.,6907164,0.041,"41,4g",,0.95,,,22.95,8000500359358,Hrana,"0,85"
Dove Dezodorans SK1,6907175,0.15,150ml,,5.19,,,34.6,8000630040843,Kozmetika,"5,35"
Rexona Dezodorans SK1,6907181,0.15,150ml,,4.69,,,31.27,8712561319409,Kozmetika,"4,69"
Nivea Krema protiv bora+duopack SK1,6907201,0.106,2x50ml,,8.99,,,89.9,9000580038579,Kozmetika,"8,99"
Nivea Krema protiv bora+duopack SK1,6907201,0.106,2x50ml,,8.99,,,89.9,9005800357874,Kozmetika,"8,99"
Nivea Krema protiv bora+duopack SK1,6907201,0.106,2x50ml,,8.99,,,89.9,9005800385792,Kozmetika,"8,99"
Annyer Revital Šam. èiè./reg. SK2,6907214,0.3,300ml,,2.25,,,7.5,3850177005158,Kozmetika,"2,25"
Kuhinjski ubrusi 3-sloja 4x50 list.,6907217,0.58,4x50Blatt,Floralys,2.09,,,0.52,4056489611653,Toaletne potrepštine,"1,79"
Istarski žlomprt narezak,6907238,0.1,100g,Okusi zavièaja,2.69,,,26.9,4056489611790,Hrana,"2,69"
Ekos Dunavski valovi,6907243,0.48,480g,,3.99,,,8.31,3858889618406,Hrana,"3,99"
Nivea Sun Protect&Moisture Trigger,6907282,0.271,270ml,,16.09,,,59.59,4005900907165,Kozmetika,"16,09"
BO Pogaèa sa sirom,6410263,0.077,77g,,0.55,,,7.14,4052917332862,Hrana,"0,49"
Goldenfood File paèjih prsa,6410893,1,"ca0,4-0,6kg",,10.99,,,10.99,2898034000000,Hrana,"9,99"
Goldenfood Svj. paèji batak-zabatak,6410895,1,"ca0,4-0,6kg",,8.99,,,8.99,2898059000000,Hrana,"8,99"
Trapist dimljeni u listiæima,6413218,0.2,200g,Pilos,2.89,,,14.45,4056489827672,Hrana,Nije_bilo_u_prodaji_02.05.2025
Razlièiti deserti SK11,0146235,0.5,500g,Deluxe,3.79,,,7.58,4056489102687,Hrana,"3,79"
Svježi prirodni sok SK16,0146799,1.045,1l,Solevita,3.29,,,3.29,4304493266124,Hrana,"3,19"
Èokoladni komadiæi SK4,0147053,0.1,100g,Belbake,1.59,,,15.9,405648911785,Hrana,"1,69"
Sladoled Macaron,0147414,0.49,850ml,Duc de Coeur,2.99,,,3.52,4056489128243,Hrana,"2,89"
Sladoled Profiteroli,0147415,0.515,850ml,Duc de Coeur,2.99,,,3.52,4056489128250,Hrana,"2,89"
Barista Crema zrno RFA,0147436,1,1kg,Bellarom,18.99,,,18.99,4056489817765,Piæe,"14,99"
Èokoladne dekoracije SK1,0147652,0.041,"34g,40g,48g",Belbake,1.79,,,43.66,20696955,Hrana,"1,79"
Mesnata slanina XXL,0142363,0.3,2x150g,Dulano,3.19,,,10.63,4056489792017,Hrana,"3,19"
"Papirnate èaše za pivo 0,5l",0142486,0.135,10komad,Grillmeister,1.59,,,0.16,4056489021605,Proizvodi za kuæanstvo,"1,99"
Bella Caffe DG Caffe Cortado UTZ,0142677,0.101,"100,8g ",Bellarom,3.99,,,39.58,8718657493350,Piæe,"3,79"
Grickalice za maèke Premium SK3,0143095,0.05,50g,Coshida Pure Taste,1.35,,,27,4056489024712,Proizvodi za kuæanstvo,"1,35"
Grickalice za maèke Premium SK3,0143095,0.05,50g,Coshida Pure Taste,1.35,,,27,4056489024729,Proizvodi za kuæanstvo,"1,35"
BO Milka Donut,0143246,0.056,56g,,0.69,,,12.32,4065698001544,Hrana,"0,69"
"Vodka 37,5% Vol.",0143719,0.67,"0,7l",Rachmaninoff,5.79,,,8.27,4056489027805,Piæe,"5,45"
Pan. pil. innerfile Cornf. panada,6904316,1,ca.500g,Gourmet,9.25,,,9.25,2835160000000,Hrana,"9,25"
Pan. pil. innerfile Cornf. panada,6904316,1,ca.500g,Gourmet,9.25,,,9.25,2835161000000,Hrana,"9,25"
Pan. pil. innerfile Cornf. panada,6904316,1,ca.500g,Gourmet,9.25,,,9.25,2835164000000,Hrana,"9,25"
Panirani pileæi odrezak,6904317,0.2,200g,Gourmet,2.49,,,12.45,4056489316893,Hrana,"2,19"
Panirani pileæi odrezak,6904317,0.2,200g,Gourmet,2.49,,,12.45,4056489611059,Hrana,"2,19"
"Svježe pile, cca. 2kg",6904372,1,ca. 2kg,,3.18,,,3.18,2146202000000,Hrana,"3,19"
z bregov Protein puding vanilija,6904383,0.18,180g,,1.29,,,7.17,3850108040906,Hrana,"1,29"
z bregov Protein puding èokolada,6904384,0.18,180g,,1.29,,,7.17,3850108040913,Hrana,"1,29"
"Mombasa Club Gin Lemon Edit. 41,5%",6904388,0.7,"0,7l",,17.99,,,25.7,8437011284303,Piæe,"16,19"
Svježa jogurt pita,6904395,0.42,420g,Okusi zavièaja,4.49,,,10.69,4056489074731,Hrana,"3,99"
"Dimljena šunka s kosti, cca. 6kg",6904437,1,ca. 6kg,Pikok,5.49,,,5.49,2851980000000,Hrana,"4,89"
"Dimljena šunka s kosti, cca. 6kg",6904437,6,ca. 6kg,Pikok,5.49,,,5.49,2845192000000,Hrana,"4,89"
"Dimljena šunka s kosti, cca. 6kg",6904437,6,ca. 6kg,Pikok,5.49,,,5.49,2845199000000,Hrana,"4,89"
VGuard dezinfekcijski spray 2u1,6904439,0.1,100ml,,1.89,,,18.9,3858891051949,Kozmetika,"1,89"
Tirolska kobasica,6904440,0.8,800g,,4.29,,,5.36,3858884997995,Hrana,"4,19"
Premium sladoled SK11,0133116,0.427,500ml,Gelatelli,4.49,,,8.98,20091934,Hrana,"3,99"
Hrana za pse SK4,0133276,0.4,400g,Orlando Gourmet,1.39,,,3.48,4056489034124,Proizvodi za kuæanstvo,"1,39"
Hrana za maèke SK2,0133603,0.34,4x85g,Coshida Pure Taste,1.85,,,5.44,20303754,Proizvodi za kuæanstvo,"2,19"
Mlijeko za sunèanje ZF 50,0133621,0.257,250ml,Cien Sun,5.99,,,23.96,4056489368793,Kozmetika,"5,99"
Svježi zrnati sir XXL SK2,0133625,0.3,300g,Milbona,1.69,,,5.63,20994969,Hrana,"1,69"
Gumeni bomboni žabe,0133898,0.3,300g,Sweet Corner,1.79,,,5.97,20490799,Hrana,"1,79"
Bio voæe SK4,0134185,0.3,300g,-,3.99,,,13.3,40891156,Hrana,"3,19"
Bio mlijeèna èokolada,0134426,0.1,100g,Fairglobe,1.29,,,12.9,40896250,Hrana,"1,29"
Èokoladne pahuljice XXL SK5,0134430,0.9,900g,Crownfield,3.99,,,4.43,4056489516255,Hrana,"3,99"
Gumeni bomboni Party-Mix,0134953,0.425,425g,Sweet Corner,3.45,,,8.12,20008222,Hrana,"3,09"
Zaštitna krema za bebe SK1  ,0135052,0.103,100ml,Lupilu,2.25,,,22.5,4056489241829,Kozmetika,"2,25"
Händlmaier Slatki senf,0135119,0.335,335ml,,2.49,,,7.43,41047231,Hrana,"2,39"
Dolcela Èokoladni muffin,6906744,0.35,350g,,2.69,,,7.69,3850104244827,Hrana,"2,29"
"Podravka Smeði grah, OM 480g",6906766,0.8,800g,,2.19,,,4.56,3850104025389,Hrana,"2,19"
Ukrasna vreæica 32x26x12cm,6906786,0.08,1komad,,1.45,,,1.45,3856023049598,Proizvodi za kuæanstvo,"1,45"
Ukrasna vreæica 32x26x12cm,6906786,0.08,1komad,,1.45,,,1.45,3856023049604,Proizvodi za kuæanstvo,"1,45"
Ukrasna vreæica vinska 39x12x9cm,6906787,0.045,1komad,,0.99,,,0.99,3856023049529,Proizvodi za kuæanstvo,"1,25"
Perfekte Wäsche Un.tek. deterdžent,6906799,4.305,"4,305l",,4.99,,,1.16,4262358180018,Sredstva za èišæenje,"4,49"
Aranžman Dina,6906817,0.163,1komad,,21.99,,,21.99,3858892744093,Proizvodi za kuæanstvo,"21,99"
Jimmy Fantastic Mlij. èok s keksom,6906860,0.09,90g,,0.85,,,9.44,8600939346495,Hrana,"0,85"
Cappuccino SK5,5523540,0.13,130g,Bellarom,1.19,,,9.15,4056489061298,Piæe,"1,09"
Det. za ruèno pranje posuða SK9,5525905,1.025,1l,-,1.09,,,1.09,4056489179115,Sredstva za èišæenje,"1,09"
Vafli s kremom od kikirikija RFA,5528632,0.28,280g,Sondey,1.59,,,5.68,4056489185390,Hrana,"1,55"
Vlažni bioraz. toaletni papir SK1  ,5531980,0.2,60komad,Floralys,0.79,,,0.01,4056489304180,Proizvodi za kuæanstvo,"0,79"
"Pureæi filet XXL, cca. 1-1,5 kg",5533555,1,"ca.1-1,5kg",RZEZNIK,8.19,,,8.19,2835558000000,Hrana,"7,75"
"Pureæi filet XXL, cca. 1-1,5 kg",5533555,1,"ca.1-1,5kg",RZEZNIK,8.19,,,8.19,2894253000000,Hrana,"7,75"
"Pureæi filet XXL, cca. 1-1,5 kg",5533555,1,"ca.1-1,5kg",RZEZNIK,8.19,,,8.19,2894255000000,Hrana,"7,75"
Žele od višnje/naranèe u èok. SK2,5535118,0.19,190g,Mister Choc,1.99,,,10.47,20127497,Hrana,"1,79"
Svinjetina u konzervi XXL,5535417,0.42,420g,Pikok,2.69,,,6.4,4056489359098,Hrana,"2,69"
Micelarni losion SK5,5535713,0.4,400ml,Cien,1.99,,,4.98,4056489359388,Kozmetika,"2,65"
Svinjska potrbušina peèena,5545654,1,cca. 400g,Kuljanka,7.99,,,7.99,2848031000000,Hrana,"9,79"
Mlijeèna èokolada s nadjevom SK6,5545795,0.1,100g,,0.86,,,8.6,5905858676276,Hrana,"1,29"
Obiteljska pizza SK1,5547113,1,1kg,Trattoria Alfredo,4.29,,,4.29,4056489119081,Hrana,"4,29"
Obiteljska pizza SK1,5547113,1,1kg,Trattoria Alfredo,4.29,,,4.29,4056489623199,Hrana,"4,29"
"Tjest. s umakom, pire krumpir SK2",5547537,0.051,"50g,51g",Kania,1.19,,,23.8,4056489717294,Hrana,Nije_bilo_u_prodaji_02.05.2025
"Tjest. s umakom, pire krumpir SK2",5547537,0.051,"50g,51g",Kania,1.19,,,23.33,4056489717324,Hrana,Nije_bilo_u_prodaji_02.05.2025
High protein jogurt SK1,0187248,0.4,400g,Milbona,1.89,,,4.73,4056489814764,Hrana,"1,89"
Bio super hrana u prahu SK2,0187590,0.178,"150g,200g",Optisana,4.99,,,2.5,4056489816928,Hrana,"4,99"
Bio super hrana u prahu SK2,0187590,0.178,"150g,200g",Optisana,4.99,,,2.5,4056489816935,Hrana,"4,99"
Gyoza SK2,0188471,0.15,150g,Vitasia,2.09,,,13.93,4056489894223,Hrana,"2,09"
Sladoled SK68,0189296,0.49,900ml,Alpenfest,2.99,,,3.32,4056489279181,Hrana,"2,89"
Mediteranski zaèini SK2,0189653,0.027,"16g,27g,28g,30g,35g",Italiamo,1.59,,,99.38,20046361,Hrana,"1,59"
Mediteranski zaèini SK2,0189653,0.027,"16g,27g,28g,30g,35g",Italiamo,1.59,,,45.43,20046361,Hrana,"1,59"
Mediteranski zaèini SK2,0189653,0.027,"16g,27g,28g,30g,35g",Italiamo,1.59,,,56.79,20046392,Hrana,"1,59"
Internacionalna gotova jela SK1,0189655,0.825,825g,Chef Select,3.29,,,3.99,4056489821762,Hrana,"3,29"
WC Gel s aplikatorom SK2,0190272,0.075,75ml,W5,1.99,,,26.53,20544768,Sredstva za èišæenje,"2,29"
Šeæerna dekoracija SK32,0190290,0.015,"11g,16g,18g",Belbake,1.99,,,1.99,20947125,Hrana,"1,99"
Osvježivaè WC školjke SK2,0190620,0.099,3x33g,W5,2.49,,,25.15,4056489585541,Sredstva za èišæenje,"2,45"
Osvježivaè WC školjke SK2,0190620,0.099,3x33g,W5,2.49,,,25.15,4056489585558,Sredstva za èišæenje,"2,45"
Kokice za mikrovalnu peænicu SK1,0190773,0.3,3x100g,MCENNEDY,1.19,,,3.97,20141486,Hrana,"0,99"
Fruit King Pripravak od svj. sira,0191437,0.3,6x50g,Milbona,1.05,,,3.5,4056489857136,Hrana,"1,05"
Gin & Tonic 5% Vol.,0192526,0.327,"0,33l",Castelgy,1.29,,,3.91,4304493269729,Piæe,"1,15"
Šeæerna dekoracija Uskrs SK33,0192649,0.027,"11g,12g,16g,25g,4x25g",Belbake,1.99,,,79.6,4056489442264,Hrana,"1,99"
Šeæerna dekoracija Uskrs SK33,0192649,0.027,"11g,12g,16g,25g,4x25g",Belbake,1.99,,,19.9,4056489865643,Hrana,"1,99"
Šeæerna dekoracija Uskrs SK33,0192649,0.027,"11g,12g,16g,25g,4x25g",Belbake,1.99,,,124.38,4056489865711,Hrana,"1,99"
Kozji sir SK1,0192758,0.1,100g,Deluxe,2.05,,,20.5,4056489868989,Hrana,"1,99"
BO Pecivo sa sjemenkama,0192844,0.095,90g,,0.39,,,4.33,4056489869450,Hrana,"0,39"
Veganski štapiæi SK1,0192911,0.2,200g,Vemondo,2.89,,,14.45,4056489847250,Hrana,"2,89"
Premium omekšivaè SK2,0193135,1.65,1.65l,Doussy,2.49,,,1.51,4056489870821,Sredstva za èišæenje,Nije_bilo_u_prodaji_02.05.2025
Mekani sir s punjenjem SK10,0193570,0.188,"180g,195g",Deluxe,2.69,,,13.79,20276508,Hrana,"2,69"
Edamame SK1,0194604,0.15,150g,Vitasia,1.59,,,10.6,4056489889748,Hrana,"1,39"
Gotova japanska tjestenina SK1,0194613,0.4,400g,Vitasia,3.99,,,9.98,4056489889847,Hrana,Nije_bilo_u_prodaji_02.05.2025
"Tuna u vlastitom sok, ATG: 168g",0194614,0.24,3x80g,Nixe,2.65,,,15.77,4056489889854,Hrana,"2,65"
Univerzalna krpa od mikrovla. SK10,0085302,0.063,"2komad,3komad",W5,1.56,,,0.78,20431839,Proizvodi za kuæanstvo,"2,35"
Èips s okusom slanine/èešnjaka SK1,0085314,0.15,150g,Snack Day,0.99,,,6.6,20213213,Hrana,"0,99"
Trolli Gumeni špageti SK2,0085374,0.225,225g,,1.99,,,8.84,4000512363835,Hrana,"1,99"
Zvijezda Tartar umak,6907922,0.26,260g,,2.49,,,9.58,3856015328441,Hrana,"1,99"
Omegol Margarin B1 59%,6907923,0.225,225g,,1.99,,,8.84,3856015328625,Hrana,"1,79"
Spirits of Croatia Smokovaèa 20% v.,6907989,0.5,"0,5l",,5.79,,,11.58,3859894287045,Piæe,"5,79"
Spirits of Croatia Voæ. lik. od du.,6907990,0.5,"0,5l",,7.49,,,14.98,3859894287052,Piæe,"7,49"
Zvijezda Majoneza,6908039,0.085,85g,,0.75,,,8.82,3856015325228,Hrana,Nije_bilo_u_prodaji_02.05.2025
Sunlove Uljni gel za tuširanje SK1,6908054,0.256,250ml,,1.99,,,7.96,3850177003819,Kozmetika,"2,59"
Dolcela Fritule,6908077,0.25,250g,,1.99,,,7.96,3856020246563,Hrana,"1,99"
Hipp Bio Voæna ploèica ban. i viš.,6908095,0.023,23g,,1.05,,,1.05,4062300362215,Hrana,"1,05"
Mini napolitanke SK1,6908123,0.2,200g,Sondey,0.99,,,4.95,4056489925491,Hrana,"0,99"
Mini napolitanke 500g SK1,6908125,0.5,500g,Champions Edition,1.79,,,3.58,4056489925507,Hrana,"1,79"
Parodontax Pasta za zube SK2,6908139,0.075,75ml,,5.95,,,79.33,5054563215208,Kozmetika,"5,55"
"Pure Milk Voæni jogurt jagoda 3,2%",6908202,0.15,150g,,0.29,,,1.93,5998200571237,Hrana,"0,29"
"Grožðe crno 500g, bez koštica",0080460,0.5,500g,,2.49,,,4.98,20525453,Hrana,"1,89"
"Grožðe crveno 500g, bez koštica",0080485,0.5,500g,,2.49,,,4.98,4014071710245,Hrana,"2,49"
"Grožðe bijelo 500g, bez koštica",0080505,0.5,500g,,2.49,,,4.98,7898942959165,Hrana,"2,19"
Ananas,0080611,1.655,1komad,,2.22,,,2.22,20586386,Hrana,"2,49"
Ananas,0080611,1.655,1komad,,2.22,,,2.22,20586393,Hrana,"2,49"
Ananas,0080611,1.655,1komad,,2.22,,,2.22,20586409,Hrana,"2,49"
Borovnica 400g,0080818,0.4,400g,,4.49,,,11.23,4014071780033,Hrana,"4,44"
Borovnica 125g,0080820,0.125,125g,,1.49,,,11.92,3859891662012,Hrana,"1,49"
Borovnica 125g,0080820,0.125,125g,,1.49,,,11.92,7751262001566,Hrana,"1,49"
Bio limun 500g,0081540,0.5,500g,,1.49,,,2.98,20240332,Hrana,"1,29"
Bio jabuka crvena,0081563,0.7,700g,,2.29,,,3.27,20896614,Hrana,"2,39"
Bio grožðe bijelo bez koštica 500g,0081651,0.5,500g,,2.29,,,4.58,20240318,Hrana,"2,99"
Salata Iceberg,0082031,0.366,1komad,,1.49,,,1.49,20201852,Hrana,"1,39"
Salata Iceberg,0082031,0.366,1komad,,1.49,,,1.49,3859889267724,Hrana,"1,39"
Salata Iceberg,0082031,0.366,1komad,,1.49,,,1.49,8424766058099,Hrana,"1,39"
Matovilac,0082051,0.125,125g,,1.29,,,10.32,3858893060406,Hrana,"1,29"
Salata s korijenom,0082114,0.176,1komad,,1.49,,,1.49,20551926,Hrana,"1,49"
Špinat 500g,0082319,0.5,500g,,1.99,,,3.98,20239060,Hrana,"1,99"
Rajèica mini grappolo 300g,0082387,0.3,300g,,2.79,,,9.3,20197100,Hrana,"2,29"
Rajèica mini grappolo,0082388,0.5,500g,,2.49,,,4.98,3857500047304,Hrana,"2,49"
Rajèica mini mix 250g,0082423,0.25,250g,,1.49,,,5.96,20692346,Hrana,Nije_bilo_u_prodaji_02.05.2025
Paprika mix,0082586,0.5,500g,,2.49,,,4.98,20242152,Hrana,"1,99"
Solo èešnjak,0082708,0.15,150g,,1.19,,,7.93,20590352,Hrana,"1,59"
Cheddar SK3,5208562,0.3,300g,Deluxe,4.99,,,16.63,4056489221678,Hrana,"3,05"
High Protein Cheddar,5227825,0.16,160g,Milbona,2.99,,,18.69,4056489851868,Hrana,Nije_bilo_u_prodaji_02.05.2025
Yakitori pileæi ražnjiæi,5227935,0.18,180g,Vitasia,3.59,,,19.94,4056489852544,Hrana,"3,59"
Proljetne rolice s povræem,5228455,0.216,216g,Let's have a party!,2.29,,,10.6,4335619274600,Hrana,Nije_bilo_u_prodaji_02.05.2025
For you Pick n' Mix Valentinovo ,5229662,0.25,250g,,2.79,,,11.16,5055256535269,Hrana,"2,79"
"Kare,narezani SK2",5300489,0.3,300g,Hatherwood,2.99,,,9.97,20688400,Hrana,"2,99"
Voæni èaj SK9,5500270,0.047,"20x2,1g,20x2,5g",Lord Nelson,1.39,,,1.39,20498146,Piæe,"1,39"
Voæni èaj SK9,5500270,0.047,"20x2,1g,20x2,5g",Lord Nelson,1.39,,,1.39,20498177,Piæe,"1,39"
"Jako pivo 7,2%",5500395,0.5,"0,5l",Argus,0.95,,,1.9,4304493257139,Piæe,"1,09"
"Jako pivo 7,2%",5500395,0.5,"0,5l",Argus,0.95,,,1.9,4304493260474,Piæe,"1,09"
Bezalkoholno pivo,5500806,0.5,"0,5l",Argus,0.59,,,1.18,4056489877752,Piæe,"0,59"
"Cedevita Bomboni XXL, SK1",6907321,0.06,60g,,1.79,,,29.83,3850322016428,Hrana,"1,69"
Plidenta Pasta za zube ,6907326,0.16,125ml,,2.29,,,18.32,3856007908651,Kozmetika,"1,99"
Lino Pillows Nougat,6907363,0.7,700g,,4.59,,,6.56,3856020262709,Hrana,"4,19"
Eva Tuna salata Protein,6907471,0.16,160g,,1.99,,,12.44,3856020263904,Hrana,"1,99"
Salvete 1-slojne,6907480,0.165,100komad,Floralys,0.69,,,0.01,4056489612278,Toaletne potrepštine,"0,99"
Svježi pagar,6907487,1,ca. 500g,Naša ribarnica,14.99,,,14.99,2144388000000,Hrana,"11,99"
Svježi pagar,6907487,1,ca. 500g,Naša ribarnica,14.99,,,14.99,2896379000000,Hrana,"11,99"
"Marinirano carsko meso sk, odres.",6907525,1,cca. 600g,-,6.49,,,6.49,2896350000000,Hrana,"7,49"
Sanitar Sredstvo za èišæenje XXL,6907575,1.285,1250ml,,2.29,,,1.83,3850111505669,Sredstva za èišæenje,"2,49"
"Lješnjak cijeli, 300g",6907608,0.3,300g,,3.99,,,13.3,8671020170206,Hrana,"3,99"
Integralno brašno,6907612,1,1kg,Belbake,0.99,,,0.99,4056489925101,Hrana,"0,99"
Èaj od kamilice RFA,6907623,0.03,30g,Lord Nelson,0.49,,,0.49,4056489925118,Piæe,"0,49"
Palmolive Tekuæi sapun SK1,6907657,0.519,500ml,,2.99,,,5.98,8714789510309,Kozmetika,"2,99"
Proteinski napitak limunada,6907681,0.059,"58,8g",,12.99,,,220.92,3830081423828,Hrana,"12,99"
Palmolive Šampon SK2,6907702,0.363,350ml,,3.55,,,10.14,8714789880464,Kozmetika,"3,55"
Palmolive Šampon SK2,6907702,0.363,350ml,,3.55,,,10.14,8718951576919,Kozmetika,"3,55"
Helena Sapun od kozjeg mlijeka SK1,6907803,0.105,105g,,3.55,,,33.81,3859893988028,Kozmetika,"3,55"
Teta Violeta Sredstvo za èišæenje,6907843,0.742,750ml,,1.99,,,2.65,3870128012806,Sredstva za èišæenje,"1,59"
"'z bregov Trajno mlijeko 2,8% m.m.",6901025,1,1l,,1.02,,,1.02,3850108020502,Hrana,"1,02"
Buket Krizantema,6901067,0.034,1komad,,2.12,,,2.12,3858889018404,Proizvodi za kuæanstvo,"2,12"
Jägermeister biljni liker 35%,6901090,0.7,"0,7l",,16.99,,,24.27,4067700013019,Piæe,"16,49"
BO Hot-dog pecivo SUS,6901093,0.08,80g,,0.32,,,4,3859890771135,Hrana,"0,32"
"Löwenbräu Svijetlo pivo 4%, 2l",6901098,2,2l,,2.79,,,1.4,3850131004654,Piæe,"2,68"
"Jaja podni uzgoj, razred M, 10 kom.",6901107,0.58,10komad,Okusi zavièaja,2.89,,,0.29,4056489074991,Hrana,"2,49"
"Jaja podni uzgoj, razred M, 10 kom.",6901107,0.58,10komad,Okusi zavièaja,2.89,,,0.29,4056489317074,Hrana,"2,49"
Nivea Soft krema,6901143,0.2,200ml,,6.29,,,31.45,4005808758968,Kozmetika,"6,29"
Nivea Body Milk SK2,6901147,0.25,250ml,,4.89,,,19.56,4005808246175,Kozmetika,"4,89"
Nivea Body Milk SK2,6901147,0.25,250ml,,4.89,,,19.56,4005808246205,Kozmetika,"4,89"
Nivea Body Milk SK2,6901147,0.25,250ml,,4.89,,,19.56,4005808247318,Kozmetika,"4,89"
"Sok od prešanih jabuka XXL, mutni",6901202,5,5l,Okusi zavièaja,4.99,,,1,20661571,Piæe,"4,49"
"Sok od prešanih jabuka XXL, mutni",6901202,5,5l,Okusi zavièaja,4.99,,,1,4056489074434,Piæe,"4,49"
Tekuæi jogurt jagoda-vanilija,6901217,1,1kg,Pilos,1.99,,,1.99,4304493259867,Hrana,"1,99"
Aranžman Pup & Viktorija SK1,6901254,0.725,1komad,,11.99,,,11.99,3858889011023,Proizvodi za kuæanstvo,"11,99"
Dalmatinski pršut 18mj. dozrijevan,6901297,0.1,100g,Deluxe,2.19,,,21.9,20661717,Hrana,"2,19"
Tuš za oèi SK3 ,0120329,0.006,1komad,Cien Beauty,2.35,,,2.35,20066482,Kozmetika,"2,35"
Tuš za oèi SK3 ,0120329,0.006,1komad,Cien Beauty,2.35,,,2.35,20828646,Kozmetika,"2,35"
Tuš za oèi SK3 ,0120329,0.006,1komad,Cien Beauty,2.35,,,2.35,4056489619826,Kozmetika,"2,35"
Grickalice SK1,0120556,0.15,150g,MCENNEDY,1.39,,,9.27,20770983,Hrana,"1,49"
Šeæerna glazura SK2,0120622,0.125,125g,Belbake,0.99,,,7.92,20774912,Hrana,"0,99"
Krem juha od rajèice,0121220,0.07,70g,Kania,0.69,,,9.86,20800017,Hrana,"0,69"
Fix za Carbonaru,0121222,0.029,29g,Kania,0.69,,,0.69,20800147,Hrana,"0,69"
Kobasica SK2,0121534,0.168,"150g,180g",Grillmeister,1.35,,,9,20805371,Hrana,"1,49"
Peèena govedina SK1,0121795,0.09,90g,Deluxe,3.39,,,37.67,20769888,Hrana,"3,39"
Proteinske kuglice SK1,0179832,0.09,90g,Mister Choc,2.69,,,29.89,4056489698302,Hrana,Nije_bilo_u_prodaji_02.05.2025
"Napitak od zobi 1,8%",0180401,1.036,1000ml,Vemondo,1.69,,,1.69,4335619030961,Hrana,"1,49"
Tvrdi bomboni SK1,0180452,0.095,"80g, 100g",Amanie,,0.75,1.09,9.38,4056489713340,Hrana,"1,09"
"Ulošci s Aloe Vera, SK1",0180483,0.167,"20komad,24komad,28komad",Siempre,2.09,,,0.1,4056489726340,Toaletne potrepštine,"2,09"
"Ulošci s Aloe Vera, SK1",0180483,0.167,"20komad,24komad,28komad",Siempre,2.09,,,0.09,4056489726340,Toaletne potrepštine,"2,09"
"Ulošci s Aloe Vera, SK1",0180483,0.167,"20komad,24komad,28komad",Siempre,2.09,,,0.07,4056489726340,Toaletne potrepštine,"2,09"
Talijanska kobasica SK24,0180753,0.1,100g,Deluxe,2.29,,,22.9,4056489714941,Hrana,"2,89"
Fitness Bowl SK1,0181184,0.4,400g,Chef Select,2.99,,,7.48,4056489723264,Hrana,"2,89"
Torta od badema Toblerone,0181444,0.4,400g,,5.99,,,14.98,7312930010886,Hrana,"5,49"
Bio pasirane rajèice s bosiljkom,0182358,0.7,720ml,Baresa,1.99,,,2.84,4056489745488,Hrana,"1,99"
Mix orašasti plodovi i voæe SK2,0183851,0.2,200g,Alesto Selection,2.59,,,12.95,20815400,Hrana,"2,39"
High Protein Mousse sa zaslað. SK2,0184078,0.175,175g,Milbona,1.19,,,6.8,4056489759096,Hrana,"1,19"
Mlijeèni desert Tripple Chocolate,0185716,0.522,900ml,Bon Gelati,3.99,,,4.43,4056489788966,Hrana,"3,99"
Sladoled SK92,0185764,0.508,1000ml,Bon Gelati,3.49,,,3.49,4056489657156,Hrana,"3,49"
Proteinska ploèica SK6,0185837,0.045,45g,Sportyfeel,1.39,,,1.39,4056489789888,Hrana,Nije_bilo_u_prodaji_02.05.2025
Instant kava Royal XXL,0186197,0.3,300g,Bellarom,6.99,,,23.3,4056489798361,Piæe,"8,49"
Antico Frantoio,0186243,0.458,500ml,,6.69,,,13.38,8020927002873,Hrana,"7,49"
Veganski narezak SK5,0165951,0.08,80g,Vemondo,1.29,,,16.13,4056489470748,Hrana,"1,29"
Veganski narezak SK5,0165951,0.08,80g,Vemondo,1.29,,,16.13,4056489470762,Hrana,"1,29"
Tekuæi sapun za ruke antibakt. SK3,0166335,1.044,1l,Cien,1.99,,,1.99,4056489345329,Kozmetika,"1,99"
Kapsule za kavu XXL Cafe au Lait,0167110,0.48,3x160g,Bellarom,10.99,,,22.9,4056489494751,Piæe,"10,19"
Tekuæi deterdžent (F) 30 pranja SK1,0167396,1.521,"1,5l",Formil,3.59,,,2.39,4056489497189,Sredstva za èišæenje,"3,59"
Family Smoothie SK2,0167992,0.793,"0,75l",Solevita,3.19,,,4.25,4304493266698,Hrana,"3,19"
Family Smoothie SK2,0167992,0.793,"0,75l",Solevita,3.19,,,4.25,4304493266735,Hrana,"3,19"
Mesni sir XXL SK1,0168204,0.492,"450g,500g",Dulano,3.99,,,8.87,4056489520283,Hrana,"3,99"
Mesni sir XXL SK1,0168204,0.492,"450g,500g",Dulano,3.99,,,7.98,4056489520290,Hrana,"3,99"
Mesni sir XXL SK1,0168204,0.492,"450g,500g",Dulano,3.99,,,7.98,4056489520306,Hrana,"3,99"
Jogurt SK17,0168449,0.175,175g,Milbona,0.89,,,5.09,20422066,Hrana,"0,89"
Krema za ruke SK1,0168553,0.101,100ml,Cien,1.1,,,11,4056489526759,Kozmetika,"1,15"
Èokoladna jaja,0129437,0.02,20g,Mister Choc,0.99,,,0.99,20807603,Hrana,"0,99"
KAL Merlot,0129929,0.75,"0,75l",Cimarosa,3.29,,,4.39,4304493263543,Piæe,"3,99"
Claudel/Istara Sirni specijaliteti,0130333,0.195,"150g,200g,220g",,3.19,,,14.5,20611194,Hrana,"2,99"
Claudel/Istara Sirni specijaliteti,0130333,0.195,"150g,200g,220g",,3.19,,,15.95,3023260030720,Hrana,"2,99"
Claudel/Istara Sirni specijaliteti,0130333,0.195,"150g,200g,220g",,3.19,,,21.27,3228021150185,Hrana,"2,99"
Claudel/Istara Sirni specijaliteti,0130333,0.195,"150g,200g,220g",,3.19,,,14.5,3228024090303,Hrana,"2,99"
Aromat. koktel na bazi vina Mango,0130416,0.75,"0,75l",Allini,1.95,,,2.6,4056489032151,Piæe,"1,95"
Aromat. koktel na bazi vina Mango,0130416,0.75,"0,75l",Allini,1.95,,,2.6,4056489654438,Piæe,"1,95"
Aromat. koktel na bazi vina Mango,0130416,0.75,"0,75l",Allini,1.95,,,2.6,4056489833796,Piæe,"1,95"
Grickalice za pse SK1,0130809,0.16,"100g,150g,200g",Orlando,0.89,,,8.9,20971588,Proizvodi za kuæanstvo,"0,89"
Grickalice za pse SK1,0130809,0.16,"100g,150g,200g",Orlando,0.89,,,4.45,20971588,Proizvodi za kuæanstvo,"0,89"
Podloga za prematanje,0130998,0.5,10komad,Lupilu,3.29,,,0.33,4056489905059,Toaletne potrepštine,"3,19"
"Paulaner Pšenièno pivo 5,5%, 0,5l",6903572,0.5,"0,5l",,1.78,,,3.56,4066600601920,Piæe,"1,78"
Duracell Basic K5 SK2,6903598,0.095,5komad,,6.49,,,1.3,5000394160682,Proizvodi za kuæanstvo,"6,49"
Nivea Sun P&M hidra. Trigger ZF30,6903612,0.3,300ml,,9.95,,,33.17,4005900826121,Kozmetika,"9,95"
Tekuæi deterdžent 44pr. SK4,0207266,2.237,"2,2l",Formil,4.89,,,2.22,4056489915348,Sredstva za èišæenje,"4,89"
Sladoled SK12,0207510,0.445,750ml,Italiamo,2.79,,,3.72,20001391,Hrana,"2,79"
Mesne okruglice SK1,0207695,0.2,200g,MCENNEDY,3.19,,,15.95,4335619030268,Hrana,Nije_bilo_u_prodaji_02.05.2025
Vegan Snacks SK4,0207700,0.23,230g,Vemondo,3.69,,,16.04,4335619030312,Hrana,Nije_bilo_u_prodaji_02.05.2025
"Sladoled praline, višnja",0208267,0.42,6x84ml,Gelatelli,3.99,,,7.92,4335619032958,Hrana,"3,99"
Proteinski prutiæ s punjenjem SK1,0208380,0.05,50g,-,1.59,,,31.8,4056489997665,Hrana,"1,59"
Kapsule za pranje rublja 5u1,0208737,0.96,48komad,Formil,9.49,,,0.2,4335619040953,Sredstva za èišæenje,Nije_bilo_u_prodaji_02.05.2025
"""N"" WC osvježivaè 4x40g SK1",0209303,0.16,4x40g,,0.95,,,5.94,4056489882053,Sredstva za èišæenje,"0,99"
Tortilla èips SK13,0209461,0.2,200g,Snack Day,1.09,,,5.45,4335619046269,Hrana,"1,09"
Kapsule za kavu Viola XXL ,0210585,0.285,285g,Bellarom,8.99,,,31.54,4335619058071,Piæe,"6,99"
Borlotti grah,0210717,0.8,850ml,Freshona,1.29,,,2.69,4335619061798,Hrana,Nije_bilo_u_prodaji_02.05.2025
Veganski narezak SK3,0211121,0.125,125g,Vemondo,1.99,,,15.92,4056489826705,Hrana,"1,69"
Koktel 15% SK2,0211643,0.683,"0,7l",,5.49,,,7.84,4304493270862,Piæe,"5,49"
Koktel 15% SK2,0211643,0.683,"0,7l",,5.49,,,7.84,4304493270886,Piæe,"5,49"
"Käsewelt gouda, cca.3kg",0211915,1,ca. 3kg,,5.99,,,5.99,2802211000000,Hrana,"5,99"
Jednokratna britvica,0211980,0.114,20komad,Cien,2.99,,,0.15,4335619073609,Kozmetika,Nije_bilo_u_prodaji_02.05.2025
Proteinske kuglice SK1,0213123,0.2,200g,Chef Select,2.19,,,10.95,4335619082571,Hrana,"2,79"
Deterdžent za rublje 100pr SK4,0213225,5.05,5l,Maxitrat,7.69,,,7.69,4056489989370,Sredstva za èišæenje,"7,69"
Salama s parmezanom SK1,0213334,0.06,60g,Deluxe,1.79,,,29.83,4335619083233,Hrana,"1,79"
Salama s parmezanom SK1,0213334,0.06,60g,Deluxe,1.79,,,29.83,4335619083240,Hrana,"1,79"
Pileæe punjene okruglice SK1,0213662,0.28,280g,1001 delights,2.79,,,9.96,4335619084216,Hrana,"3,05"
Mini posip za kolaèe SK2,0214044,0.053,"55g,50g",Belbake,1.99,,,39.8,4335619104952,Hrana,Nije_bilo_u_prodaji_02.05.2025
Kremasti sapun za ruke SK2,0214341,0.521,500ml,Cien,1.49,,,2.98,4056489716419,Kozmetika,Nije_bilo_u_prodaji_02.05.2025
Premium salama SK6,0215152,0.1,100g,Deluxe,2.49,,,24.9,20331139,Hrana,"1,99"
Špageti/Tagliatelle SK1,0215160,0.5,500g,Deluxe,2.29,,,4.58,4335619092884,Hrana,"2,29"
Punjena premium tjestenina SK9,0215573,0.25,250g,Deluxe,2.19,,,8.76,4056489884781,Hrana,"2,69"
Tart sa sirom/ribanim tijestom SK44,0215581,1.25,1250g,Alpenfest,5.19,,,4.15,20193461,Hrana,"4,99"
Tart sa sirom/ribanim tijestom SK44,0215581,1.25,1250g,Alpenfest,5.19,,,4.15,20365264,Hrana,"4,99"
Veganski torteloni SK2,0215659,0.25,250g,Vemondo,1.99,,,7.96,4056489388555,Hrana,"1,99"
Veganski torteloni SK2,0215659,0.25,250g,Vemondo,1.99,,,7.96,4056489483489,Hrana,"1,99"
High Protein napitak (35g Pro.) SK1,0216192,0.35,350g,Pilos,1.59,,,4.54,4335619106109,Hrana,Nije_bilo_u_prodaji_02.05.2025
High Protein napitak (35g Pro.) SK1,0216192,0.35,350g,Pilos,1.59,,,4.54,4335619106116,Hrana,Nije_bilo_u_prodaji_02.05.2025
Široki rezanci sa špinatom,6908221,0.4,400g,Okusi zavièaja,1.49,,,3.73,4056489925729,Hrana,"1,49"
Peèenica,6908255,0.5,500g,Okusi zavièaja,8.49,,,16.98,4056489925811,Hrana,"8,49"
Nivea Gel za tuširanje SK1,6908301,0.512,500ml,,5.99,,,11.98,9005800282503,Kozmetika,"4,49"
Nivea Essentiall Krema SK1,6908309,0.051,50ml,,6.99,,,139.8,4005900935267,Kozmetika,"6,99"
Sunlove Njega za kosu SK1,6908343,0.256,250ml,,1.99,,,7.96,3850177003772,Kozmetika,"2,59"
Rio Mare Komadi tune u suncokretovo,6908370,0.16,160g,,1.75,,,10.94,8004030595002,Hrana,"1,85"
Rio Mare Tunjevina u masl. ulju,6908372,0.48,6x80g,,7.99,,,33.29,8004030005044,Hrana,"7,99"
Afrodita Šampon za kosu Kopr.&Pant.,6908377,0.98,950ml,,4.79,,,5.04,3831070661672,Kozmetika,"4,79"
Ricola SK2,6908383,0.04,40g,,1.59,,,1.59,7610700022498,Hrana,"1,59"
Ricola SK2,6908383,0.04,40g,,1.59,,,1.59,7610700622438,Hrana,"1,59"
Voæni èaj 50% RFA,6908431,0.04,40g,Lord Nelson,0.59,,,0.59,4056489926177,Piæe,"0,69"
TOCO jabuka rabarbara,6908446,1.528,"1,5l",,1.39,,,0.93,3856028501060,Piæe,"1,33"
Podravka Kviki pereci,6908451,0.3,300g,,1.89,,,6.3,3856020273750,Hrana,"1,89"
Aperol Spritz,6908459,0.62,"3x0,2l",,10.08,,,16.8,8002230340538,Piæe,"10,08"
Biljni èaj XXL SK1,6908497,0.081,"40x2.250g,50x1.500g",Lord Nelson,0.99,,,11,4056489926245,Piæe,Nije_bilo_u_prodaji_02.05.2025
Libresse Ultra Long wing hig. uloš.,6908561,0.225,36komad,,2.99,,,0.08,7322540536836,Toaletne potrepštine,"2,99"
Pileæi mini filet,6908566,0.4,400g,Naša mesnica,4.49,,,11.23,4056489926290,Hrana,"4,29"
Košarica Iva/Dora SK1,6908577,0.9,1komad,,6.99,,,6.99,3858889010224,Proizvodi za kuæanstvo,"6,99"
Losion za tijelo SK7,0098716,0.412,400ml,Cien,2.39,,,5.98,20516475,Kozmetika,"2,39"
Losion za tijelo SK7,0098716,0.412,400ml,Cien,2.39,,,5.98,20916121,Kozmetika,"2,39"
Losion za tijelo SK7,0098716,0.412,400ml,Cien,2.39,,,5.98,4056489375579,Kozmetika,"2,39"
Losion za tijelo SK7,0098716,0.412,400ml,Cien,2.39,,,5.98,4335619081031,Kozmetika,"2,39"
Maska za lice 2x8ml SK2,0098722,0.017,1komad,Cien,0.59,,,0.59,20516512,Kozmetika,"0,59"
Namaz od lješnjaka bez laktoze,0098756,0.4,400g,Vemondo,2.29,,,5.73,20562663,Hrana,"2,29"
BB Krema za lice SK5,0098901,0.052,50ml,Cien,2.64,,,52.8,20561796,Kozmetika,2.64
"Vital krema za lice, SK1",0098905,0.051,50ml,Cien,2.29,,,45.8,20561857,Kozmetika,"2,29"
"Jumbo ubrusi, 2-slojni",0098972,1.964,1000Blatt,Floralys,5.99,,,3,20567422,Toaletne potrepštine,"5,99"
Always Ultra Quattro ulošci SK,0000536,0.165,"40komad,24komad,28komad,20komad",,4.99,,,0.12,8006540093764,Toaletne potrepštine,"4,99"
Always Ultra Quattro ulošci SK,0000536,0.165,"40komad,24komad,28komad,20komad",,4.99,,,0.21,8006540211380,Toaletne potrepštine,"4,99"
Always Ultra Quattro ulošci SK,0000536,0.165,"40komad,24komad,28komad,20komad",,4.99,,,0.18,8700216171342,Toaletne potrepštine,"4,99"
Always Ultra Quattro ulošci SK,0000536,0.165,"40komad,24komad,28komad,20komad",,4.99,,,0.21,8700216861182,Toaletne potrepštine,"4,99"
Always Dailies Dnevni ulošci SK,0000537,0.123,"52komad,44komad,58komad",,2.99,,,0.05,4015400563846,Toaletne potrepštine,"2,99"
Always Dailies Dnevni ulošci SK,0000537,0.123,"52komad,44komad,58komad",,2.99,,,0.05,4015400565574,Toaletne potrepštine,"2,99"
Naturella Ultra ulošci SK,0000538,0.148,"40komad,32komad,28komad",,4.79,,,0.15,4015400197546,Toaletne potrepštine,"4,79"
Felix Party Mix Posl. za maèke Or.,0000552,0.06,60g,Nestlé,1.49,,,24.83,3858890176933,Proizvodi za kuæanstvo,"1,49"
SYOSS šampon REPAIR THERAPY ,0000590,0.44,440ml,Henkel,4.79,,,10.89,9000101276879,Kozmetika,"3,59"
Persil Prašak za pranje rublja Sil.,0000630,6.05,"6,05kg",Henkel,23.99,,,23.99,9000101565775,Sredstva za èišæenje,"23,99"
Carefree dnevni ulošci cotton feel ,0000676,0.2,100komad,,3.89,,,0.04,3574661690322,Toaletne potrepštine,"3,89"
Listerine Vodica za isp. usta ,0000679,0.75,750ml,,7.99,,,10.65,3574661747293,Kozmetika,"7,99"
Lenor omekšivaè Gold Orchid 59pra.,0000698,1.239,"1,24l",,6.55,,,0.11,8700216724081,Sredstva za èišæenje,Nije_bilo_u_prodaji_02.05.2025
Fa Gel za tuširanje SK4,0000719,0.77,750ml,Henkel,4.99,,,6.65,5201143728942,Kozmetika,"4,99"
Fa Gel za tuširanje SK4,0000719,0.77,750ml,Henkel,4.99,,,6.65,5201143728980,Kozmetika,"4,99"
Persil Gel za pranje rublja Color,0000745,1.861,"1,8l",Henkel,9.99,,,5.55,9000101566635,Sredstva za èišæenje,"14,75"
Perwoll tekuæi deterdžent Black 80p,0000756,4.116,4l,Henkel,13.99,,,3.5,9000101810264,Sredstva za èišæenje,"13,99"
Taft Gel za kosu,0000784,0.15,150ml,,4.55,,,30.33,9000101723083,Kozmetika,Nije_bilo_u_prodaji_02.05.2025
Taft Gel za kosu,0000784,0.15,150ml,,4.55,,,30.33,9000101723229,Kozmetika,Nije_bilo_u_prodaji_02.05.2025
Taft Gel za kosu,0000784,0.15,150ml,,4.55,,,30.33,9000101723502,Kozmetika,Nije_bilo_u_prodaji_02.05.2025
Gillette Britvice Mach3 Sport,0000786,0.431,9komada,,21.49,,,2.15,8700216193306,Kozmetika,Nije_bilo_u_prodaji_02.05.2025
Milka jagoda,0000798,0.3,300g,,2.99,,,9.97,7622210273413,Hrana,Nije_bilo_u_prodaji_02.05.2025
Old Spice Deo stik 50ml/Gel za tuši,0000800,0.055,"50ml,250ml",,6.29,,,25.16,8006530006972,Kozmetika,Nije_bilo_u_prodaji_02.05.2025
Jar tab.  za pranje posuða Platinum,0000823,2.325,140kom,,27.99,,,0.2,8006540750285,Sredstva za èišæenje,"27,99"
Mlijeèni desert SK21,0001004,0.515,900ml,Bon Gelati,3.99,,,4.43,20106904,Hrana,"3,49"
Mlijeèni desert SK21,0001004,0.515,900ml,Bon Gelati,3.99,,,4.43,20106911,Hrana,"3,49"
Mlijeèni desert SK21,0001004,0.515,900ml,Bon Gelati,3.99,,,4.43,20169954,Hrana,"3,49"
Mlijeèni desert SK21,0001004,0.515,900ml,Bon Gelati,3.99,,,4.43,20180188,Hrana,"3,49"
"Filet lososa s kožom, cca. 200-400g",0124551,1,ca. 200-400g,-,,14.99,19.99,14.99,2895630000000,Hrana,"19,99"
"Filet lososa s kožom, cca. 200-400g",0124551,1,ca. 200-400g,-,,14.99,19.99,14.99,2895637000000,Hrana,"19,99"
Uljni sprej za sunèanje ZF 20,0125381,0.226,250ml,Cien,5.99,,,23.96,20897260,Kozmetika,"5,99"
Rumenilo SK5,0126194,0.005,1komad,Cien,2.39,,,2.39,4056489790471,Kozmetika,"2,39"
Pulled Turkey,0126504,0.5,500g,McEnnedy,6.49,,,12.98,20891701,Hrana,"5,99"
Sredstvo za èišæenje stakla,0127088,0.991,1l,W5,1.79,,,1.79,4056489135876,Sredstva za èišæenje,"1,79"
Zrnati svježi sir XXL,0195314,0.45,450g,Milbona,2.49,,,5.53,4056489908494,Hrana,"2,49"
BO Èokoladni donut,0195731,0.066,66g,,0.65,,,9.85,5410683149869,Hrana,"0,59"
Jogurt s Yuzu SK1,0196202,0.15,150g,Vitasia,0.69,,,4.6,4056489917656,Hrana,"0,59"
Voæni namazi SK1,0196245,0.26,260g,Vitasia,1.89,,,7.27,4056489917960,Hrana,"1,99"
Mirin umak,0196382,0.271,250ml,Vitasia,1.79,,,7.16,4056489918738,Hrana,"1,79"
Mirin umak,0196382,0.271,250ml,Vitasia,1.79,,,7.16,4335619171855,Hrana,"1,79"
Proteinski puding SK1,0196898,0.15,150g,Milbona,0.99,,,6.6,4056489920038,Hrana,Nije_bilo_u_prodaji_02.05.2025
"Bio kašica puretina, riža, povræe",0196976,0.22,220g,Lupilu,0.95,,,4.32,20995904,Hrana,"0,95"
"Grickalice za maèke, SK4",0198601,0.15,150g,Coshida,1.29,,,8.6,4056489936046,Proizvodi za kuæanstvo,"1,29"
High Protein Pizza SK5,0198603,0.367,"354g,379g",Trattoria Alfredo,3.19,,,8.42,4056489526285,Hrana,"3,99"
Okruglice SK1,0198666,0.28,280g,Vitasia,2.79,,,9.96,4056489936336,Hrana,Nije_bilo_u_prodaji_02.05.2025
Tablete za strojno pranje posuða,0199182,1.2,80x15g,W5,5.99,,,4.99,4056489939924,Sredstva za èišæenje,"5,99"
Termo vreæica Eco,0199385,0.101,1komad,-,0.99,,,0.99,4335619020887,Proizvodi za kuæanstvo,"0,89"
Tuna u suncokretovom ulju,0200047,0.74,4x185g,Nixe,7.99,,,10.8,4335619174351,Hrana,"7,99"
Sojino ulje,0200431,0.25,250ml,Vitasia,1.79,,,7.16,4056489961819,Hrana,"1,79"
Pjenušac sa zlatnim listiæima,0201075,0.75,"0,75l",-,8.99,,,11.99,4056489927693,Piæe,"8,99"
Namaz od slanutka i ind. oraš. SK4,0202025,0.15,150g,Chef Select,2.19,,,14.6,4335619167636,Hrana,Nije_bilo_u_prodaji_02.05.2025
Mr. Tom,0202886,0.08,80g,,0.99,,,12.38,4021700800109,Hrana,"1,49"
Kotanyi Quick & Easy SK2,0203026,0.033,"25g,26g,30g,35g,40g",,0.79,,,0.79,9001414237182,Hrana,"0,69"
Double sladoled na štapiæu SK16,0203637,0.288,"4x85ml,4x90ml",Gelatelli,4.49,,,12.47,4335619008984,Hrana,"4,49"
Nadopuna za tekuæi sapun SK1,0203827,1.25,"1,25l",Cien,1.69,,,1.35,4056489624318,Kozmetika,"1,69"
Bou.MarsMil.SnickerTwiMin SK5,0203889,0.227,227g,,3.99,,,17.58,5000159562454,Hrana,"3,59"
Grèki umaci SK1,0204413,0.19,190g,Eridanous,2.49,,,13.11,4335619011311,Hrana,Nije_bilo_u_prodaji_02.05.2025
Namaz lješnjak nugat XXL,0204512,1,1kg,Choco Nussa,4.89,,,4.89,4335619011793,Hrana,"4,89"
Èokolada punjena karamelom,0204560,0.1,100g,Fin Carré,1.29,,,12.9,4335619012615,Hrana,"1,29"
Princes krafne SK15,0205318,0.4,400g,Für Dich,5.49,,,13.73,4056489697817,Hrana,"5,49"
XXL Zaèin za salatu u limenci SK1,0205405,0.154,"140g,155g,160g,165g",Kania,2.39,,,17.07,4335619015210,Hrana,"2,99"
XXL Zaèin za salatu u limenci SK1,0205405,0.154,"140g,155g,160g,165g",Kania,2.39,,,15.42,4335619015227,Hrana,"2,99"
XXL Zaèin za salatu u limenci SK1,0205405,0.154,"140g,155g,160g,165g",Kania,2.39,,,14.48,4335619015241,Hrana,"2,99"
Müsli proteinski prutiæ 26%,0206324,0.135,3x45g,Crownfield,3.49,,,25.85,4335619073494,Hrana,"3,49"
Grappa Invechiatta,0206579,0.99,"0,5l",,5.99,,,11.98,4304493269705,Piæe,"4,99"
Pro Vitamin Šampon SK5,0206646,0.413,400ml,Cien,1.99,,,4.98,4056489994138,Kozmetika,"1,99"
Pro Vitamin Šampon 2u1  SK1,0206650,0.413,400ml,Cien,2.09,,,5.23,4056489994237,Kozmetika,"2,09"
Pro Vitamin Šampon 2u1  SK1,0206650,0.413,400ml,Cien,2.09,,,5.23,4335619327955,Kozmetika,"2,09"
Šampon za kosu SK6,0206652,0.412,400ml,Cien,1.99,,,4.98,4335619202245,Kozmetika,"1,99"
Gel za tuširanje SK1,5549442,0.52,500ml,Cien,1.39,,,2.78,4056489662327,Kozmetika,"1,29"
Gel za tuširanje SK1,5549442,0.52,500ml,Cien,1.39,,,2.78,4056489662334,Kozmetika,"1,29"
Bob,5555312,0.45,450g,Kuljanka,1.99,,,4.42,4056489880943,Hrana,"1,99"
Bellona vafl s kremom,5557512,0.046,46g,Mister Choc,0.69,,,0.69,4056489811640,Hrana,"0,69"
"Gel za tuširanje XXL za muš., SK2",5559508,1,1000ml,Cien,1.59,,,1.59,4056489878698,Kozmetika,"1,59"
Omekšivaè Premium 46pr. SK1,5559936,1,"1,012l",Doussy,1.99,,,1.97,4056489880233,Sredstva za èišæenje,"1,99"
Proljetne rolice SK2,5560252,0.23,230g,Vitasia,2.29,,,9.96,4056489880899,Hrana,"2,29"
Piæe od više vrsta voæa SK1,5561128,0.411,"0,4l",Solevita,1.19,,,2.98,4335619008243,Piæe,"0,99"
Voæni mousse XXL SK6,5564232,0.2,200g,Freshona,0.99,,,4.95,4056489584438,Hrana,"0,99"
Omekšivaè Iris&Cvijet naranèe 100pr,5564245,3,3l,Doussy,3.79,,,3.79,4335619007994,Sredstva za èišæenje,"3,49"
Sred. za pra. posuð. u gel kon. SK1,5564310,1.03,1l,W5,1.79,,,1.79,4335619007109,Sredstva za èišæenje,"1,79"
"Aluminijska folija 10µ, 50m",5564616,0.38,1komad,Aromata,3.49,,,3.49,4335619008908,Proizvodi za kuæanstvo,"3,25"
Zobena kaša bez šeæera SK1,5565296,0.45,450g,Crownfield,3.29,,,7.31,4335619034303,Hrana,Nije_bilo_u_prodaji_02.05.2025
Good Food Vafli od riže SK1,5566003,0.1,100g,,0.79,,,7.9,5900125000587,Hrana,"0,79"
Edelmeister Radler Limun-menta 0%,5567178,0.515,"0,5l",,0.69,,,1.38,5900535015638,Piæe,"0,69"
Mlijeèna èokolada,5575218,0.1,100g,Favorina,1.09,,,10.9,4335619261082,Hrana,Nije_bilo_u_prodaji_02.05.2025
Osvježivaè zraka cvjetni miris SK8,5581087,0.075,75ml,W5,2.99,,,39.87,4056489813903,Sredstva za èišæenje,Nije_bilo_u_prodaji_02.05.2025
Frappe SK1,5582294,0.25,250g,MCENNEDY,2.29,,,9.16,4335619258679,Piæe,Nije_bilo_u_prodaji_02.05.2025
Arom. žele bomboni,5600151,1,1kg,Favorina,5.39,,,5.39,20084073,Hrana,"5,89"
Sušene marelice,5602246,0.2,200g,Alesto,2.09,,,10.45,20534455,Hrana,"2,09"
Jambon sušena šunka,5602310,0.15,150g,Duc de Coeur,2.69,,,17.93,20592677,Hrana,"2,69"
Gotova jela s tjesteninom SK51,0013144,0.75,750g,Chef Select,4.99,,,6.65,20095901,Hrana,Nije_bilo_u_prodaji_02.05.2025
Èetke za èišæenje posuða,0013166,0.097,2komad,W5,0.99,,,0.5,20095413,Proizvodi za kuæanstvo,"1,09"
WC-Aktiv pjena Ocean,0013177,0.457,500ml,W5,1.49,,,2.98,4335619062573,Sredstva za èišæenje,"1,49"
Sred. za èišæenje perilice posuða,0013208,0.519,2x250ml,W5,2.99,,,5.98,20139261,Sredstva za èišæenje,"1,99"
Sred. za èišæenje perilice posuða,0013208,0.519,2x250ml,W5,2.99,,,5.98,4056489100447,Sredstva za èišæenje,"1,99"
Sred. za èišæenje perilice posuða,0013208,0.519,2x250ml,W5,2.99,,,5.98,4056489658788,Sredstva za èišæenje,"1,99"
Sred. za èišæenje perilice posuða,0013208,0.519,2x250ml,W5,2.99,,,5.98,4335619010376,Sredstva za èišæenje,"1,99"
Eva Tuna salata Dalmatina,6903959,0.16,160g,,1.99,,,12.44,3856020217617,Hrana,"1,99"
Eva Tuna salata Mediterana,6903963,0.16,160g,,1.99,,,12.44,3856020217648,Hrana,"1,99"
Violeta Tekuæi deterdžent Color 45p,6904010,2.816,"2,7l",,6.99,,,2.59,3870128017085,Sredstva za èišæenje,"9,29"
Violeta tek. det. Protect Color 66p,6904011,4.12,"3,96l",,5.99,,,1.51,3870128017115,Sredstva za èišæenje,"6,89"
"Kiseli kupus glavica, cca. 1kg",6904118,1,ca 1kg,Okusi zavièaja,1.99,,,1.99,2143907000000,Hrana,"1,79"
Spritz-Bitter ,0170882,1.512,1komad,-,12.99,,,18557.14,4056489559238,Piæe,"13,39"
Omekšivaè 80 pranja SK2,0170888,1.998,2l,Doussy,2.99,,,1.5,4056489559252,Sredstva za èišæenje,"2,99"
Omekšivaè 80 pranja SK2,0170888,1.998,2l,Doussy,2.99,,,1.5,4056489587798,Sredstva za èišæenje,"2,99"
Omekšivaè 80 pranja SK2,0170888,1.998,2l,Doussy,2.99,,,0.04,4056489982982,Sredstva za èišæenje,"2,99"
Tablete protiv kamenca 60x15g,0171128,0.9,60x15g,W5,4.59,,,5.1,4056489563099,Sredstva za èišæenje,"4,59"
Premium masline SK3,0171233,0.15,150g,Deluxe,2.29,,,15.27,4056489554035,Hrana,"1,99"
Mini tart SK1,0171315,0.19,"2x100g,2x90g",Deluxe,3.49,,,19.39,4056489570059,Hrana,"3,49"
Prešane kosti za žvakanje SK2,0171463,0.106,"100g,170g,80g",Orlando,1.69,,,15.94,4056489546368,Proizvodi za kuæanstvo,"1,69"
Single Malt viski mini 40%,0171896,0.15,3x0.05l,Ben Bracken,9.99,,,66.6,4056489601494,Piæe,Nije_bilo_u_prodaji_02.05.2025
Kikiriki u tijestu Sweet Chili ,0172018,0.4,400g,Let's have a party!,2.69,,,6.73,4056489577751,Hrana,"2,89"
Èokoladna jaja SK2,0172336,0.15,150g,Favorina,2.51,,,16.73,4335619326255,Hrana,Nije_bilo_u_prodaji_02.05.2025
Sladoled SK2,0173129,0.37,370g,Deluxe,3.29,,,8.89,4056489641094,Hrana,"3,29"
Voæni namaz,0173201,0.4,400g,Maribel,2.59,,,6.48,4056489593126,Hrana,"2,39"
Proteinski kvark XXL SK1,0173558,0.5,500g,Milbona,2.29,,,4.58,4056489601616,Hrana,"2,29"
Vrhnje u spreju 30%,7407432,0.25,250g,Milbona,2.29,,,9.16,4056489567714,Hrana,"2,29"
"Ardenska kobasica, narezak",7407831,1,ca. 160g,,16.19,,,16.19,2894964000000,Hrana,"16,19"
"Ardenska kobasica, narezak",7407831,1,ca. 160g,,16.19,,,16.19,2894966000000,Hrana,"16,19"
Svježi macaronsi Japan,7408458,0.156,12x13g,Vitasia,4.19,,,26.86,4056489740735,Hrana,"3,99"
Dragee jaja,7409370,0.2,200g,Favorina,2.59,,,12.95,4056489986485,Hrana,"2,59"
Aromatizirani maslac SK1,7409654,0.125,125g,Deluxe,2.39,,,19.12,4056489986225,Hrana,"2,13"
Namaz od povræa SK1,7503072,0.115,115g,Vemondo,1.09,,,9.48,4056489332176,Hrana,"1,09"
Tofu BIO SK5,7503820,0.18,180g,Vemondo,1.19,,,6.61,4056489068198,Hrana,"1,19"
Tofu BIO SK5,7503820,0.18,180g,Vemondo,1.19,,,6.61,4056489068211,Hrana,"1,19"
Grill tofu SK3,7504328,0.18,180g,Grillmeister,0.99,,,5.5,4056489068839,Hrana,"0,87"
Tofu sa zaèinima SK3,7506452,0.18,180g,Vemondo,1.19,,,6.61,4056489332855,Hrana,"1,19"
Džiugas Tvrdi sir 40%,7600329,0.18,180g,,2.99,,,16.61,4770299047890,Hrana,"2,89"
RFA Protein èo. prutiæ od sv. sira,7601000,0.04,40g,Pilos,0.75,,,0.75,20955427,Hrana,"0,69"
"Tvrdi sir u komadu, dozrijevao 12M",7602174,0.18,180g,Pilos,3.29,,,18.28,4056489083511,Hrana,"3,29"
Komadi od sira BBQ,7608500,0.08,80g,,1.49,,,18.63,4770299404709,Hrana,"1,19"
Komadi od sira Kajen,7608501,0.08,80g,,1.49,,,18.63,4770299401104,Hrana,"1,19"
Bijele kobasice sa senfom,7700386,0.351,351g,Alpenfest,3.29,,,9.37,4056489207238,Hrana,"3,29"
Tortelloni/Njoki od krumpira SK7,7701351,0.323,"250g,500g",Combino,1.19,,,2.38,20830991,Hrana,"1,19"
Tortelloni/Njoki od krumpira SK7,7701351,0.348,"250g,500g",Combino,1.19,,,2.38,20830977,Hrana,"1,19"
Tortelloni/Njoki od krumpira SK7,7701351,0.348,"250g,500g",Combino,1.19,,,2.38,20831004,Hrana,"1,19"
Extra džem od smokve ,6904667,0.24,240g,Okusi zavièaja,2.29,,,9.54,4056489075110,Hrana,"2,29"
Extra džem SK1,6904682,0.24,240g,Deluxe,1.99,,,8.29,4056489075158,Hrana,"1,99"
Bijelo-mlijeèna èokolada s rižom,6904688,0.2,200g,Fin Carré,3.49,,,17.45,4056489075332,Hrana,"3,79"
Sirup višnja Maraska,6904707,1.12,1l,Okusi zavièaja,2.79,,,2.79,4304493259447,Piæe,"2,79"
Sirup bazga-limun,6904708,1.12,1l,Okusi zavièaja,2.79,,,2.79,4304493259454,Piæe,"2,79"
Toaletni papir 3-sloja 16x150 list.,6904746,1.52,16komad,Floralys,3.25,,,0.2,4056489074977,Toaletne potrepštine,"3,25"
Šampon Kamilica,6904775,1.032,1l,-,0.42,,,0.42,4056489074571,Kozmetika,"0,85"
Fileti jadran. inæuna u masli.ulju,6904797,0.1,100g,Okusi zavièaja,2.19,,,21.9,4056489075301,Hrana,"2,39"
"Kefir 3,5% XXL",6904860,1.5,"1,5kg",Pilos,1.89,,,1.26,4304493260177,Hrana,"1,89"
"Pivac Dimljene sv. kosti cca 1,2kg",6908922,1,1kg,,2.39,,,2.39,2137835000000,Hrana,"2,79"
Rebel Natural Protein Whey SK1,6908928,0.7,700g,,21.99,,,31.41,0634158791086,Hrana,"21,99"
"Badem cijeli, 500g",6908935,0.5,500g,,5.99,,,11.98,3872084016744,Hrana,"4,99"
Moj kruh Baguette bijeli kruh,6908969,0.26,260g,,0.99,,,3.81,3859892992644,Hrana,"0,79"
Moj Kruh Baguette kruh SK1,6908983,0.26,260g,,1.39,,,5.35,3859892992682,Hrana,"0,99"
Franck Èaj brusnica,6908992,0.052,52g,,2.29,,,44.04,3850291055428,Piæe,"2,29"
"Jaja, razred M, 10kom.",6908999,0.058,10komad,,2.45,,,0.25,3859889055772,Hrana,"2,39"
"Graševina, kvalitetno bijelo vino",6909013,3,3l,,6.79,,,2.26,8594176393223,Piæe,"7,99"
Dolcela Lino Lada torta,6909097,0.32,320g,,2.99,,,9.34,3856020277314,Hrana,Nije_bilo_u_prodaji_02.05.2025
"Salvete 2-slojne, više boja SK1",6909111,0.166,50Blatt,Floralys,0.99,,,0.99,4335619246218,Toaletne potrepštine,Nije_bilo_u_prodaji_02.05.2025
PP Orahovica Nuggets od ribe kids,6909121,0.24,240g,,3.29,,,13.71,3858889834479,Hrana,"3,29"
Oshee izotonièni napitak multifruit,6909139,0.75,750ml,,1.25,,,1.67,5908260251963,Piæe,Nije_bilo_u_prodaji_02.05.2025
Jaja razred M,6909151,1.8,30komad,,4.59,,,0.15,3859889711753,Hrana,"4,59"
BO Kruh sa chia sjemenkama,6909201,0.34,340g,,1.29,,,3.79,3859893136405,Hrana,"1,29"
Salatmix SK1,6909217,0.185,"170g,200g",Chef Select,1.19,,,7,4335619246249,Hrana,Nije_bilo_u_prodaji_02.05.2025
Mini salama SK11,5508067,0.12,120g,Pikok,1.69,,,14.08,20858513,Hrana,"1,69"
Sv. punj. jastuèiæi kupus i gljive,5508982,0.4,400g,Kuljanka,1.79,,,4.48,4056489119814,Hrana,"1,79"
Aranžmani SK1,6908580,1.05,1komad,,12.99,,,12.99,3858892744130,Proizvodi za kuæanstvo,"12,99"
Aranžmani SK2,6908585,0.86,1komad,,18.99,,,18.99,3858889010668,Proizvodi za kuæanstvo,"18,99"
Aranžmani SK4,6908589,1.28,1komad,,27.99,,,27.99,3858889010163,Proizvodi za kuæanstvo,"27,99"
Johnnie Walker Bl. L. Wh. + 2 èaše,6908626,0.7,"0,7l",,28.99,,,41.41,5000267195117,Piæe,"22,99"
Monini Ekstra djev. maslinovo ulje,6908676,1,1l,,7.99,,,7.99,80053835,Hrana,"8,99"
Ira Aranž. mix cvijeæa u cem. posu.,6908689,1.15,1komad,,17.99,,,17.99,3856023046917,Proizvodi za kuæanstvo,"17,99"
Ira Buket Dalija/Ruža SK2,6908704,0.09,1komad,,4.99,,,4.99,3856023043732,Proizvodi za kuæanstvo,Nije_bilo_u_prodaji_02.05.2025
Ira Cvijet Eukaliptus,6908712,0.04,1komad,,2.29,,,2.29,3856023015258,Proizvodi za kuæanstvo,"2,29"
Ira Cvijet ruža 49cm SK2,6908729,0.02,1komad,,1.49,,,1.49,3856023044517,Proizvodi za kuæanstvo,Nije_bilo_u_prodaji_02.05.2025
Ira Cvijet ruža 49cm SK2,6908729,0.02,1komad,,1.49,,,1.49,3856023044524,Proizvodi za kuæanstvo,Nije_bilo_u_prodaji_02.05.2025
Ira Cvijet ruža 49cm SK2,6908729,0.02,1komad,,1.49,,,1.49,3856023044548,Proizvodi za kuæanstvo,Nije_bilo_u_prodaji_02.05.2025
Ira Cvijet ruža 49cm SK2,6908729,0.02,1komad,,1.49,,,1.49,3856023044555,Proizvodi za kuæanstvo,Nije_bilo_u_prodaji_02.05.2025
L'Angelica Gel za tuširanje SK4,6908755,0.5,500ml,,2.99,,,5.98,8017331077085,Kozmetika,"3,19"
L'Angelica Gel za tuširanje SK3,6908759,0.5,500ml,,2.99,,,5.98,8017331077061,Kozmetika,"3,19"
Palmolive Tekuæi sapun SK1,6908784,1.03,1000ml,,4.99,,,4.99,8714789992013,Kozmetika,"4,99"
Elmex Junior pasta za zube,6908786,0.091,75ml,,3.85,,,51.33,8718951470583,Kozmetika,"3,65"
Elmex Extra Soft èetkice za zube,6908787,0.036,3komad,,8.89,,,2.96,8718951188075,Kozmetika,"10,49"
Colgate pasta za zube Max SK1,6908799,0.134,100ml,,2.99,,,29.9,8718951313576,Kozmetika,"3,29"
Cekin Sendviè narezak sa sirom,6908822,0.5,500g,,2.89,,,5.78,3850159125072,Hrana,"2,89"
Cekin Pileæa hrenovka Classic,6908823,0.1,100g,,0.85,,,8.5,3850159120015,Hrana,"0,85"
Proteini.si 100% Natural Whey,6908827,0.4,400g,,11.99,,,29.98,3830081425334,Hrana,"12,39"
Borotalco Dezodorans u spreju Soft,6908833,0.09,150ml,,3.49,,,23.27,8002410045079,Kozmetika,"2,09"
Tic Tac 100 komada SK1,6908888,0.054,54g,,1.89,,,35,8000500164976,Hrana,"1,99"
Kraš Selection Èokolada Bajadera,6908889,0.13,130g,,3.29,,,25.31,3850102013470,Hrana,"2,59"
Nivea Poklon paket Men Sensitive,6908903,0.358,350ml,,6.99,,,19.97,9005800382746,Kozmetika,"6,99"
Tek.det. za pranje rublja SK 5,0217179,2.288,"2,2l",Formil,3.99,,,1.81,4335619317543,Sredstva za èišæenje,"3,99"
Kotanyi zaèini SK71,0217856,0.038,"33g,35g,36g,48g",,1.85,,,51.39,5901032041182,Hrana,"2,49"
Kotanyi zaèini SK71,0217856,0.038,"33g,35g,36g,48g",,1.85,,,38.54,5901032041182,Hrana,"2,49"
Sir Coulommiers de caract?re,0219317,0.35,350g,Duc de Coeur,3.86,,,11.03,4335619128064,Hrana,Nije_bilo_u_prodaji_02.05.2025
Proteinski sladoledni kup SK2,0219400,0.29,500ml,Gelatelli,3.99,,,7.98,4335619128866,Hrana,Nije_bilo_u_prodaji_02.05.2025
Miris za perilicu posuða 3x4ml SK2,0219681,0.012,3x4ml,W5,1.39,,,115.83,4335619129290,Sredstva za èišæenje,"1,39"
"Omekšivaè za rublje, 120 pranja, 3l",0220460,2.997,3l,Doussy,3.39,,,0.03,4335619135888,Sredstva za èišæenje,"3,39"
Maramice s mirisom 4-sloja,0220565,1.112,10kom,Floralys,3.99,,,0.4,4335619136359,Toaletne potrepštine,"3,99"
Maramice s mirisom 4-sloja,0220565,1.112,10kom,Floralys,3.99,,,0.4,4335619136625,Toaletne potrepštine,"3,99"
Španjolski sirevi SK1,0220690,1,"ca. 210g,ca. 230g",Meine Käserei,29.99,,,29.99,2896080000000,Hrana,"29,99"
Španjolski sirevi SK1,0220690,1,"ca. 210g,ca. 230g",Meine Käserei,29.99,,,29.99,2896600000000,Hrana,"29,99"
Džem jag-mal / jag-van SK1,0223763,0.45,450g,Maribel,1.93,,,4.29,4335619161467,Hrana,"2,89"
Mediteranska predjela SK2,0224178,0.403,"410g,390g",Let's have a party!,4.99,,,12.79,20337537,Hrana,"4,59"
Mediteranska predjela SK2,0224178,0.403,"410g,390g",Let's have a party!,4.99,,,12.79,20337544,Hrana,"4,59"
Mediteranska predjela SK2,0224178,0.403,"410g,390g",Let's have a party!,4.99,,,12.17,20337544,Hrana,"4,59"
Sladoled vanilija-višnja,0225435,0.46,1l,Ballino,2.29,,,2.29,4335619185562,Hrana,"2,59"
Kozji sir s cvijeæem,0225642,0.15,150g,Deluxe,3.05,,,20.33,20443221,Hrana,Nije_bilo_u_prodaji_02.05.2025
Tortelloni crni s lososom,6000083,0.25,250g,Deluxe,1.35,,,5.4,20446154,Hrana,"1,35"
Zelene masline,6000150,0.7,720ml,Italiamo,2.29,,,3.18,20118174,Hrana,"2,29"
Svježe punjena tjestenina SK6,6000209,0.25,250g,Chef Select,1.49,,,5.96,20284404,Hrana,"1,49"
Svježe punjena tjestenina SK6,6000209,0.25,250g,Chef Select,1.49,,,5.96,20499822,Hrana,"1,49"
Svježe punjena tjestenina SK6,6000209,0.25,250g,Chef Select,1.49,,,5.96,20499846,Hrana,"1,49"
Svježe punjena tjestenina SK6,6000209,0.25,250g,Chef Select,1.49,,,5.96,4056489096993,Hrana,"1,49"
Burrata meki sir,6000486,0.2,200g,Italiamo,2.69,,,13.45,20499617,Hrana,"2,69"
Burrata meki sir,6000486,0.2,200g,Italiamo,2.69,,,13.45,4056489230465,Hrana,"2,69"
Tagliolini s tartufima,6000658,0.25,250g,Deluxe,1.49,,,5.96,20570255,Hrana,"1,49"
Prosciutto di Parma,6000752,0.09,90g,Deluxe,3.29,,,36.56,20622930,Hrana,"3,19"
Hrana za maèke,1000369,1.02,12x85g,Coshida,5.99,,,5.87,4335619250192,Proizvodi za kuæanstvo,Nije_bilo_u_prodaji_02.05.2025
Sekt bijelo vino,1001004,0.75,0.75l,Burg Schöneck,3.99,,,5.32,4335619246034,Piæe,Nije_bilo_u_prodaji_02.05.2025
Igraèka s èokoladom,1001266,0.082,82g,Favorina,6.89,,,84.02,4335619259539,Hrana,Nije_bilo_u_prodaji_02.05.2025
Vodica za ispiranje usta XXL SK1,1001797,1,1l,Dentalux,2.19,,,2.19,4335619267374,Kozmetika,Nije_bilo_u_prodaji_02.05.2025
Premium punjena tjestenina SK10,1001938,0.25,250g,Deluxe,2.19,,,8.76,4335619112667,Hrana,"1,83"
Macarons smjesa SK4,1002494,0.25,250g,Belbake,2.63,,,10.52,4056489774938,Hrana,Nije_bilo_u_prodaji_02.05.2025
Belgijske praline,1003782,0.25,250g,J.D. Gross,3.69,,,14.76,4335619289796,Hrana,Nije_bilo_u_prodaji_02.05.2025
Praline s višnjom,1004333,0.3,300g,J.D. Gross,4.19,,,13.97,4335619294608,Hrana,Nije_bilo_u_prodaji_02.05.2025
Žvakaæe gume Black,1004492,0.07,70g,Jetgum,1.49,,,21.29,4335619295063,Hrana,Nije_bilo_u_prodaji_02.05.2025
Èips SK38,1005205,0.2,200g,Duc de Coeur,1.64,,,8.2,4335619221697,Hrana,Nije_bilo_u_prodaji_02.05.2025
Èips SK38,1005205,0.2,200g,Duc de Coeur,1.64,,,8.2,4335619221734,Hrana,Nije_bilo_u_prodaji_02.05.2025
Lampion,1005217,0.356,1komad,Livarno,2.29,,,2.29,4335619302907,Proizvodi za kuæanstvo,Nije_bilo_u_prodaji_02.05.2025
BO Pecivo s orasima i medom,1007009,0.09,85g,,0.49,,,5.76,4335619321793,Hrana,Nije_bilo_u_prodaji_02.05.2025
GGN Räucherlachs refreshed,1012275,0.5,500g,,10.99,,,21.98,4335619358218,Hrana,Nije_bilo_u_prodaji_02.05.2025
Ženski parfem High End Fragrances,1013252,0.042,50ml,Suddenly,5.99,,,119.8,4335619216525,Kozmetika,Nije_bilo_u_prodaji_02.05.2025
Desert u èaši SK1,1013956,0.12,2x60g,Deluxe,2.44,,,20.33,4056489491651,Hrana,Nije_bilo_u_prodaji_02.05.2025
Ekos Dubai kolaè,6909256,0.36,360g,,5.49,,,15.25,3858889619601,Hrana,"6,49"
Ekos Proteinski brownie kolaè s lje,6909258,0.25,250g,,3.99,,,15.96,3858889619564,Hrana,"3,99"
Ekos Maðarica s pistacijom,6909261,0.51,510g,,5.69,,,11.16,3858889619489,Hrana,"5,99"
Boom Box Smoothie jab.mang.marak.,6909265,0.2,200g,,1.89,,,9.45,3856027801987,Hrana,"1,69"
Sljeme Šunka u ovitku,6909298,0.35,350g,,3.05,,,8.71,3850139522754,Hrana,"3,05"
Domestos Pine Fresh,6909330,1.25,1250ml,,3.95,,,3.16,8712561293082,Sredstva za èišæenje,Nije_bilo_u_prodaji_02.05.2025
Dove Dezodorans SK1,6909352,0.2,200ml,,4.99,,,24.95,8720181291951,Kozmetika,Nije_bilo_u_prodaji_02.05.2025
Dove Dezodorans SK1,6909352,0.2,200ml,,4.99,,,24.95,8720181291999,Kozmetika,Nije_bilo_u_prodaji_02.05.2025
Dove Dezodorans SK1,6909352,0.2,200ml,,4.99,,,24.95,8720181292033,Kozmetika,Nije_bilo_u_prodaji_02.05.2025
Dove Gel za tuširanje SK1,6909364,0.4,400ml,,4.29,,,10.73,8710908317828,Kozmetika,Nije_bilo_u_prodaji_02.05.2025
Dove Gel za tuširanje SK1,6909369,0.45,450ml,,4.29,,,9.53,8720181466502,Kozmetika,Nije_bilo_u_prodaji_02.05.2025
"Ovèji sir, 250x1g",6909392,0.25,250x1g,,4.99,,,19.96,4335619246645,Hrana,Nije_bilo_u_prodaji_02.05.2025
Juicy ledeni èaj breskva,6909470,1.5,1.5l,,1.29,,,0.86,3858890977905,Piæe,Nije_bilo_u_prodaji_02.05.2025
Ornel Omekšivaè za rublje Yellow 11,6909497,4,4l,,4.49,,,4.49,3850105190475,Sredstva za èišæenje,Nije_bilo_u_prodaji_02.05.2025
Nestlé Nescafe 2u1/3u1,0005074,0.137,"80g, 140g, 155g",,2.99,,,21.36,7613036870115,Piæe,"2,99"
Nestlé Nescafe 2u1/3u1,0005074,0.137,"80g, 140g, 155g",,2.99,,,37.38,8445290099785,Piæe,"2,99"
Nestlé Nescafe 2u1/3u1,0005074,0.137,"80g, 140g, 155g",,2.99,,,19.29,8445290099785,Piæe,"2,99"
"Minas mljevena kava, 500g",0005082,0.5,500g,-,6.79,,,13.58,4056489317746,Piæe,"5,99"
Lokum SK7,6200065,0.4,400g,Eridanous,1.99,,,4.98,4056489466253,Hrana,"1,99"
Motana pita sa špin. i feta sirom,6200134,1,1000g,Eridanous,4.29,,,4.29,4056489264576,Hrana,"3,99"
"Zelene masline, OM 415g",6200499,0.7,720ml,Baresa,2.75,,,6.63,20026424,Hrana,"3,29"
Grèki umaci od rajèice SK2,6200695,0.29,290g,Eridanous,2.09,,,7.21,20616489,Hrana,"1,69"
Halva s medom,6200820,0.25,250g,Eridanous,2.29,,,9.16,20617059,Hrana,"3,96"
"Maslinovo ulje, ek. djevièansko SK1",6206574,0.916,1l,Eridanous,8.99,,,8.99,4056489125990,Hrana,"8,99"
"Sladoled vanil.,kakao,karam. banana",6208349,1.5,3000ml,Gelatelli,4.99,,,1.66,4056489382256,Hrana,"5,59"
"BO Zlatna kiflica, 30g",0004854,0.03,30g,,0.35,,,0.35,4334035669212,Hrana,"0,29"
"BO Lovaèki kruh SUS, 400g",0004863,0.4,400g,,1.05,,,2.63,3858881509993,Hrana,"1,05"
Gold Instant kava,0004864,0.2,200g,Bellarom,5.31,,,26.55,20497934,Piæe,"5,31"
Knorr Umaci SK1,0004901,0.336,750ml,,1.49,,,0.75,4000400117717,Hrana,"1,49"
Knorr Umaci SK1,0004901,0.336,750ml,,1.49,,,0.75,4038700117021,Hrana,"1,49"
Knorr Umaci SK1,0004901,0.336,750ml,,1.49,,,0.75,4038700117045,Hrana,"1,49"
Knorr Umaci SK1,0004901,0.336,750ml,,1.49,,,0.5,8720182078889,Hrana,"1,49"
"Maramice u kutiji, 4-slojne",0025018,0.25,100komad,Floralys,1.39,,,0.01,20181550,Toaletne potrepštine,"1,69"
"Maramice u kutiji, 4-slojne",0025018,0.25,100komad,Floralys,1.39,,,0.01,4056489110767,Toaletne potrepštine,"1,69"
Krpe za kupaonicu/posuðe SK5,0025297,0.048,4komad,W5,1.59,,,0.4,4056489869641,Proizvodi za kuæanstvo,"1,59"
Krpe za kupaonicu/posuðe SK5,0025297,0.048,4komad,W5,1.59,,,0.4,4056489869658,Proizvodi za kuæanstvo,"1,59"
Potpuna hrana za pse SK21,0025323,1.24,1240g,Orlando,1.89,,,1.52,20258856,Proizvodi za kuæanstvo,"1,89"
Potpuna hrana za pse SK21,0025323,1.24,1240g,Orlando,1.89,,,1.52,20488284,Proizvodi za kuæanstvo,"1,89"
Kremasti sapun SK4,0025359,0.15,150g,Cien,0.79,,,5.27,4056489547204,Kozmetika,"0,79"
Kremasti sapun SK4,0025359,0.15,150g,Cien,0.79,,,5.27,4056489997634,Kozmetika,"0,79"
Arome za kolaèe,0025624,0.04,20komad,Belbake,2.39,,,0.12,20068349,Hrana,"1,89"
"Svježi pileæi batak, cca. 500g",6905086,1,ca. 500g,Naša mesnica,4.09,,,4.09,2868630000000,Hrana,"4,09"
"Svježa pileæa leða, cca. 750g",6905090,1,ca. 750g,Naša mesnica,1.69,,,1.69,2868680000000,Hrana,"1,69"
Podravka Kviki Gric,6905103,0.1,100g,,1.39,,,13.9,3850104225277,Hrana,"1,39"
Osvježavajuæe maramice za ruke,6905170,0.066,15komad,Floralys,0.39,,,0.03,4056489316558,Toaletne potrepštine,"0,39"
Obiteljski svježi kolaèi,6905271,0.33,"330g, 345g",Okusi zavièaja,5.49,,,16.64,4056489316732,Hrana,"5,49"
Indomie Instant juha okus piletina,6905279,0.35,5x70g,,2.09,,,5.97,8606108584866,Hrana,"2,09"
"File otkoštenog zabatka, cca. 500g",6905305,1,ca. 500g,Naša mesnica,6.99,,,6.99,2868823000000,Hrana,"6,99"
BO Pivsko pecivo,0051100,0.087,85g,,0.25,,,2.94,20294908,Hrana,"0,35"
Djeèji sprej za sunèanje ZF 50+,0051161,0.252,250ml,Cien Sun,6.99,,,27.96,20277666,Kozmetika,"6,99"
Razlièiti deserti SK15,0092516,0.475,450g,Deluxe,3.79,,,7.58,4056489193135,Hrana,"3,49"
Razlièiti deserti SK15,0092516,0.475,450g,Deluxe,3.79,,,8.42,4056489571735,Hrana,"3,49"
Èokoladni prutiæ Candy,0092691,0.04,40g,Mister Choc,0.49,,,0.49,20439309,Hrana,"0,49"
Radler limun ,0092752,0.513,"0,5l",Perlenbacher,0.79,,,1.58,4304493261426,Piæe,"0,79"
"Trajna kobasica, dimljena",0092892,0.15,150g,Dulano,2.19,,,14.6,20437022,Hrana,"1,99"
Talijanski pesto sort. SK2,0092973,0.19,190g,Deluxe,1.79,,,9.42,20621414,Hrana,"1,69"
MAGGI Magic Asia Noodle Cup piletin,0009454,0.063,63g,,1.49,,,23.65,8445291837508,Piæe,Nije_bilo_u_prodaji_02.05.2025
PEPSI ZERO LIMETA 2L,0009481,2,2L,,1.85,,,1.85,3830065021132,Piæe,Nije_bilo_u_prodaji_02.05.2025
Airwaves boèica sort. ,0009560,0.064,64g,Mars,3.69,,,57.66,4009900550208,Hrana,"2,59"
Old Spice Gel za tuširanje,0009584,0.421,400ml,,3.85,,,9.63,8001090533869,Kozmetika,"3,85"
Milka Choco Dessert Jaffa Jelly mal,0009676,0.147,147g,,1.59,,,10.82,7622300479107,Hrana,"1,39"
Jelly Beans SK2,6601532,0.25,250g,MCENNEDY,1.59,,,6.36,20597177,Hrana,"1,59"
Amerièki sladoled SK16,6601570,0.43,"485ml,500ml",Gelatelli,3.89,,,8.02,4056489220299,Hrana,"3,99"
Amerièki sladoled SK16,6601570,0.43,"485ml,500ml",Gelatelli,3.89,,,7.78,4056489626121,Hrana,"3,99"
Muffins,6603750,0.24,240g,Sondey,2.29,,,9.54,4056489792833,Hrana,Nije_bilo_u_prodaji_02.05.2025
Mini Amerièki sladoled SK1,6608650,0.114,150ml,Gelatelli,1.79,,,11.93,4056489374640,Hrana,"1,79"
Veganski sir u listiæima SK1,6612647,0.15,150g,Vemondo,1.69,,,11.27,4056489978084,Hrana,"1,99"
Veganski sir u listiæima SK1,6612647,0.15,150g,Vemondo,1.69,,,11.27,4056489978091,Hrana,"1,99"
Povrtni wrap SK7,6612810,0.37,370g,Vemondo,1.39,,,3.76,4056489978183,Hrana,"1,79"
Gulaš SK6,6700114,0.4,400g,Pikok,1.99,,,4.98,20470586,Hrana,"1,99"
"Instant juha pileæa, bez glutamata",6700331,0.071,71g,Kania,0.49,,,6.9,20536350,Hrana,"0,49"
"Löwenbräu Svijetlo pivo 4,0%",6902038,0.5,"0,5l",,0.8,,,1.6,3850131310007,Piæe,"0,8"
Dimljeni jeger,6902048,0.3,300g,Okusi zavièaja,,1.75,2.39,5.83,20780494,Hrana,"2,19"
"Cockta Original 1,5l",6902053,1.5,"1,5l",,1.85,,,1.23,3838471032537,Piæe,"1,78"
"Cockta Original 1,5l",6902053,1.5,"1,5l",,1.85,,,1.23,3838600043045,Piæe,"1,78"
Franck Cappuccino SK2,6902087,0.143,"112g,144g,160g",,2.59,,,17.99,3858881088313,Piæe,"2,95"
Franck Cappuccino SK2,6902087,0.143,"112g,144g,160g",,2.59,,,17.99,3858881088320,Piæe,"2,95"
Franck Cappuccino SK2,6902087,0.143,"112g,144g,160g",,2.59,,,16.19,3858881088320,Piæe,"2,95"
Kraš Napolitanke s èok. punj. 420g,6902159,0.42,420g,,3.19,,,7.6,3850102326143,Hrana,"3,19"
"Kraš Bananko, èokoladna bananica",6902163,0.03,30g,,0.55,,,0.55,3850102127252,Hrana,"0,55"
Kraš Ki-Ki voæna karamela ,6902166,0.1,100g,,1.29,,,12.9,3850102214839,Hrana,"1,29"
Èokolino Toffee,6909503,0.35,350g,,4.49,,,12.83,3856020281755,Hrana,Nije_bilo_u_prodaji_02.05.2025
Ira Buket Dalila/Ruža SK1,6909527,0.125,1komad,,5.99,,,5.99,3856023052482,Proizvodi za kuæanstvo,Nije_bilo_u_prodaji_02.05.2025
Milka Chocolate Milk Caramel,6909543,0.263,250ml,,1.39,,,5.56,5711953190087,Hrana,Nije_bilo_u_prodaji_02.05.2025
Ira Mix cvijeæa u cem. posudi SK1,6909562,0.89,1komad,,19.99,,,19.99,3856023042261,Proizvodi za kuæanstvo,Nije_bilo_u_prodaji_02.05.2025
Ira Mix cvijeæa u cem. posudi SK1,6909562,0.89,1komad,,19.99,,,19.99,3856023057685,Proizvodi za kuæanstvo,Nije_bilo_u_prodaji_02.05.2025
Elektronski Lampion Victoria Multi.,6909572,0.375,3komad,,6.99,,,2.33,3870634078990,Proizvodi za kuæanstvo,Nije_bilo_u_prodaji_02.05.2025
Ira Vodootporni aranžman SK1,6909588,0.7,1komad,,18.99,,,18.99,3856023057722,Proizvodi za kuæanstvo,Nije_bilo_u_prodaji_02.05.2025
Torta u obliku srca,6909641,0.5,500g,Für Dich,6.99,,,13.98,4056489925323,Hrana,Nije_bilo_u_prodaji_02.05.2025
Kraš Bananko mini,6909658,0.12,120g,,1.49,,,12.42,3850102016372,Hrana,Nije_bilo_u_prodaji_02.05.2025
Perla Kozica marinirana,6909662,0.21,210g,,4.39,,,20.9,3858892086308,Hrana,Nije_bilo_u_prodaji_02.05.2025
Badem jezgra u rinfuzi,6909667,1,cca. 1kg,,7.49,,,7.49,3872084003508,Hrana,Nije_bilo_u_prodaji_02.05.2025
Pivac Okrajci hamburger slanine,6909668,1,cca. 800g,,3.99,,,3.99,2105230000000,Hrana,Nije_bilo_u_prodaji_02.05.2025
Pivac Okrajci hamburger slanine,6909668,1,cca. 800g,,3.99,,,3.99,2105235000000,Hrana,Nije_bilo_u_prodaji_02.05.2025
Pivac Okrajci hamburger slanine,6909668,1,cca. 800g,,3.99,,,3.99,2846910000000,Hrana,Nije_bilo_u_prodaji_02.05.2025
Pivac Okrajci hamburger slanine,6909668,1,cca. 800g,,3.99,,,3.99,2846912000000,Hrana,Nije_bilo_u_prodaji_02.05.2025
Pivac Okrajci hamburger slanine,6909668,1,cca. 800g,,3.99,,,3.99,2846916000000,Hrana,Nije_bilo_u_prodaji_02.05.2025
"Svježa grdobina, oèišæena, cca.500g",6909671,1,cca. 500g,Naša ribarnica,13.99,,,13.99,2846541000000,Hrana,Nije_bilo_u_prodaji_02.05.2025
"Svježa grdobina, oèišæena, cca.500g",6909671,1,cca. 500g,Naša ribarnica,13.99,,,13.99,2846548000000,Hrana,Nije_bilo_u_prodaji_02.05.2025
DORINA èokolada mlijeko,6909679,0.16,160g,,1.99,,,12.44,3850102016280,Hrana,Nije_bilo_u_prodaji_02.05.2025
Svinjski but b.k. komad,6909726,1,"cca. 7,5 kg",Naša mesnica,2.99,,,2.99,2846588000000,Hrana,Nije_bilo_u_prodaji_02.05.2025
z bregov Protein-mlij. nap. Cookie,6909747,0.3,300ml,,1.49,,,4.97,3850108023961,Hrana,Nije_bilo_u_prodaji_02.05.2025
Faks Vollwaschmittel Aquamarine 90W,6909763,4.95,"4,95kg",,15.99,,,15.99,3850105191823,Sredstva za èišæenje,Nije_bilo_u_prodaji_02.05.2025
Eier Klasse M,6909773,0.57,30 komada,,6.99,,,0.23,20780517,Hrana,Nije_bilo_u_prodaji_02.05.2025
BO Domaæi kruh kalnièki,6909821,0.6,600g,,0.99,,,1.65,3856028412540,Hrana,Nije_bilo_u_prodaji_02.05.2025
Violeta Pap. ruè. Clever Cut 3-slo.,6909831,0.344,2x124Blatt,,1.59,,,0.8,3859892288488,Toaletne potrepštine,Nije_bilo_u_prodaji_02.05.2025
Tradicionalno dimljena peèenica,6909833,1,cca. 400g,Naša mesnica,9.99,,,9.99,2846830000000,Hrana,Nije_bilo_u_prodaji_02.05.2025
Energy Gel SK1,7101567,0.03,30g,Sportyfeel,0.99,,,0.99,20642846,Hrana,"0,53"
Energy Gel SK1,7101567,0.03,30g,Sportyfeel,0.99,,,0.99,20642853,Hrana,"0,53"
Tart SK1,0226412,0.253,"250g,255g",Deluxe,2.69,,,10.76,4335619197732,Hrana,"2,89"
BO Krafna Dubai-Style,0228129,0.085,90g,,0.89,,,9.89,4335619216556,Hrana,"0,89"
Beauty's Choice Balzam za èišæenje,0228326,0.12,100ml,Cien,5.99,,,59.9,4335619217317,Kozmetika,Nije_bilo_u_prodaji_02.05.2025
GGN/MSC Premium Sushi SK20,0228627,0.178,"168g,178,5g,185g",select & go,4.99,,,26.97,4056489250173,Hrana,"3,79"
GGN/MSC Premium Sushi SK20,0228627,0.178,"168g,178,5g,185g",select & go,4.99,,,26.97,4335619221628,Hrana,"3,79"
Sushi Matcha,0228647,0.314,314g,select & go,5.99,,,19.08,4335619221819,Hrana,Nije_bilo_u_prodaji_02.05.2025
Manuka med,0228728,0.25,250g,Deluxe,18.99,,,75.96,4056489706694,Hrana,Nije_bilo_u_prodaji_02.05.2025
Manuka med,0228730,0.25,250g,Deluxe,20.41,,,81.64,4056489886501,Hrana,Nije_bilo_u_prodaji_02.05.2025
Mješavina sireva XXL,0117427,0.5,500g,Milbona,3.89,,,7.78,4056489114956,Hrana,"4,99"
Svježi deserti na francuski SK1,0118149,0.45,450g,Duc de Coeur,3.59,,,7.98,20707248,Hrana,"3,59"
Prutiæi za maèke SK11,0118358,0.1,100g,Coshida,2.5,,,25,4056489915195,Proizvodi za kuæanstvo,Nije_bilo_u_prodaji_02.05.2025
Amoretta pistacija èokoladice,5549755,1,"ca. 7,5kg",,6.09,,,6.09,,Hrana,Nije_bilo_u_prodaji_02.05.2025
Celer,0082720,1,1kg,,0.99,,,0.99,,Hrana,"1,29"
Salata puterica,0082071,0.241,1komad,,0.99,,,0.99,,Hrana,"0,99"
Klementina,0080085,1,1kg,,1.49,,,1.49,,Hrana,"1,99"
Tofu SK16,7503078,0.18,180g,Vemondo,0.99,,,5.5,,Hrana,"0,99"
Nektarina rinfuza,0080380,1,1kg,,3.99,,,3.99,,Hrana,"3,99"
Banana,0080000,1,1kg,,1.44,,,1.44,,Hrana,"1,59"
Bavarski mesni sir SK5,0011857,0.4,400g,Alpenfest,2.99,,,7.48,,Hrana,"2,99"
Pastrnjak,0082796,1,1kg,,1.99,,,1.99,,Hrana,"1,99"
Cheesecake SK3,7406080,0.16,2x80g,Deluxe,2.59,,,16.19,,Hrana,"2,59"
Mediteranska predjela SK1,0067706,0.4,"390g,410g",Italiamo,4.49,,,11.51,,Hrana,"4,49"
Luk srebrenac rinfuza,0083365,1,1kg,,1.99,,,1.99,,Hrana,"1,89"
Kelj,0082960,1,1kg,,0.99,,,0.99,,Hrana,"1,49"
"Desert Tiramisu, Profiteroles SK9",0142216,0.475,"450g,500g",Milbona,3.99,,,8.87,,Hrana,"3,99"
Butternut tikva,0082835,1,1kg,,1.19,,,1.19,,Hrana,"1,29"
Dolcela Praš. za pec./Van. šeæ. SK3,6907960,0.054,"6x12g,6x8g",,0.99,,,13.75,,Hrana,"0,99"
Mineralna voda gazirana,0000007,1.5,"1,5l",Saguaro,0.45,,,0.3,8020458000027,Piæe,"0,45"
TUC Krekeri SK1,0000011,0.1,100g,,1.15,,,11.5,5410041435702,Hrana,"1,15"
Always Ultra higijenski ulošci BA,0000017,0.058,"9 komada, 10 komada, 14 komada",,1.66,,,0.12,8001841263908,Toaletne potrepštine,"1,66"
"Cola, 2l",0000023,2.073,2l,Freeway,1.29,,,0.65,4304493261372,Piæe,"1,29"
"Ledeni èaj breskva sa šeæerom, 1,5l",0000028,1.5,"1,5l",Freeway,1.25,,,0.83,4056489966593,Piæe,"1,05"
Nescafé Cappuccino 8 kom. BA,0000067,0.444,"108g, 112g",,3.99,,,36.94,8445291531581,Piæe,Nije_bilo_u_prodaji_02.05.2025
Nescafé Cappuccino 8 kom. BA,0000067,0.444,"108g, 112g",,3.99,,,35.63,8445291532236,Piæe,Nije_bilo_u_prodaji_02.05.2025
Lenor Omekšivaè Fresh Wind 55 pr.,0000121,0.767,770ml,,6.85,,,8.9,8006540863138,Sredstva za èišæenje,"6,85"
Persil Tek. deter. Color 44 pranja,0000140,2.05,"1,98l",Henkel,15.29,,,0.35,9000101568363,Sredstva za èišæenje,"15,29"
Coca Cola Zero,0000177,0.34,"0,33l",Coca-Cola,1.08,,,3.27,5449000214799,Piæe,"1,08"
Milka Božiæna šalica,0000324,0.1,99g,,6.25,,,63.13,7622201806460,Hrana,"6,99"
Pedigree Pseæe poslastice sort SK2,0000347,0.133,"123g,200g,77g",Mars,1.79,,,14.55,5998749104392,Proizvodi za kuæanstvo,"1,79"
Nestlé Lion ,0000370,0.042,42g,Nestlé,1.29,,,1.29,7613033967320,Hrana,"1,25"
Nestlé Lion ,0000370,0.042,42g,Nestlé,1.29,,,1.29,7613287757029,Hrana,"1,25"
Head & Shoulders šampon,0000372,0.824,800ml,,6.49,,,8.11,8700216156172,Kozmetika,"6,49"
"Ariel kapsule Color Fresh, 38kom.",0000376,0.723,38komad,,20.99,,,0.55,8700216765268,Sredstva za èišæenje,Nije_bilo_u_prodaji_02.05.2025
Bref WC Power Aktiv Pine,0000394,0.312,6x50g,Henkel,5.99,,,19.97,9000101592085,Sredstva za èišæenje,"5,99"
Ariel Prašak za pranje rublja 100pr,0000404,5.5,"5,5kg",,19.99,,,3.63,8006540940815,Sredstva za èišæenje,"26,99"
Old Spice Deo Stick Captain,0000440,0.099,85ml,,4.99,,,58.71,8006540319574,Kozmetika,"4,39"
Doritos Nacho,0000448,0.17,170g,,2.29,,,13.47,8606017379379,Hrana,"2,29"
Silan Omekšivaè Aromatherapy Magno.,0000459,2.772,"2,772l",Henkel,5.99,,,2.16,9000101581508,Sredstva za èišæenje,"5,99"
Purina one hrana za pse govedina,0000484,0.34,4x85g,,2.79,,,8.21,8445290299260,Proizvodi za kuæanstvo,"2,79"
Mineralna voda 7l,0001117,7,7l,Saguaro,1.45,,,0.21,4056489925606,Piæe,"1,45"
"Pureæi Cordon Bleu, smrznuto",0001181,1,1000g,Culinea,4.99,,,4.99,20093853,Hrana,"4,49"
Lisnato tijesto,0001204,0.5,500g,Culinea,1.19,,,2.38,20093990,Hrana,"1,29"
Sladoled vanilija,0001208,0.45,1l,Ballino,2.39,,,2.39,20544249,Hrana,"2,39"
"Pureæi medaljoni, smrznuti",0001243,1,1000g,Culinea,4.49,,,4.49,20098285,Hrana,"3,99"
Sladoled u kornetu - vanilija,0001247,0.074,120ml,Ballino,0.59,,,4.92,4056489799108,Hrana,"0,59"
Mesni uštipci sa sirom,0001284,0.4,400g,Naša mesnica,3.79,,,9.48,20660963,Hrana,"3,79"
Sezam ploèice SK7,0001419,0.081,3x27g,Crownfield,0.49,,,6.05,5907751602628,Hrana,"0,49"
"Coca Cola Zero, 0,5l",0001421,0.52,"0,5l",Coca-Cola,1.19,,,2.38,5449000131836,Piæe,"1,12"
"BO Kajzerica SUS, 60g",0001478,0.06,60g,,0.13,,,2.17,3859888751804,Hrana,"0,13"
NESTLE After Eight 200g,0001493,0.2,200g,,3.49,,,17.45,5000189363069,Hrana,"2,69"
Carefree Dnevni ulošci sort. SK2,0001496,0.124,56komad,Johnson & Johnson,3.35,,,0.06,3574661552576,Toaletne potrepštine,"3,35"
Rolana lopatica s kožom,0001545,1,"cca.1,3kg",Pikok,5.69,,,5.69,2815450000000,Hrana,"4,95"
"Tekuæi jogurt 2,8% m.m.",0001561,1,1kg,Pilos,1.69,,,1.69,4304493259638,Hrana,"1,89"
"Dukat tekuæi jogurt 2,8%, 1kg",0001669,1,1kg,,2.49,,,2.49,3850354001010,Hrana,"2,32"
"Dukat tekuæi jogurt 2,8%, 1kg",0001669,1,1kg,,2.49,,,2.49,3850354016649,Hrana,"2,32"
Bref WC Duo Aktiv Pine,0001690,0.052,50ml,Henkel,2.65,,,53,9000100625074,Sredstva za èišæenje,"2,65"
"Poli pileæa posebna, 500g",0001694,0.5,500g,,4.25,,,8.5,3838977014051,Hrana,"4,25"
"Osjeèka/Dalmatinska kob. SK1, SK2",0001727,0.1,100g,Okusi zavièaja,2.19,,,21.9,20491949,Hrana,"2,19"
"Osjeèka/Dalmatinska kob. SK1, SK2",0001727,0.1,100g,Okusi zavièaja,2.19,,,21.9,20491956,Hrana,"2,19"
"Voæni jogurt 1,8%, SK45, SK46",0001798,0.25,250g,Milbona,0.79,,,3.16,20723972,Hrana,"0,79"
Jogurt Duo èokolada SK14,0001804,0.175,175g,Pilos,0.89,,,5.09,20654931,Hrana,"0,89"
Namaz od vrhnja SK21,0001889,0.2,200g,Milbona,,1.09,1.79,5.45,20109936,Hrana,"1,55"
Svježa pileæa krila,0001915,1,ca. 500g,Naša mesnica,,2.99,4.19,2.99,2852006000000,Hrana,"4,19"
Svježa pileæa krila,0001915,1,ca. 500g,Naša mesnica,,2.99,4.19,2.99,2891983000000,Hrana,"4,19"
Svježa pileæa krila,0001915,1,ca. 500g,Naša mesnica,,2.99,4.19,2.99,2891989000000,Hrana,"4,19"
Meki kravlji sir 45% m.m.,0001931,0.25,250g,Milbona,2.29,,,9.16,20002251,Hrana,"2,29"
"Svježi zrnati sir, SK1",0001932,0.2,200g,Milbona,1.35,,,6.75,20131968,Hrana,"1,29"
Mesni sir peèen u peænici,0001991,0.4,400g,Dulano,3.99,,,9.98,20126551,Hrana,"3,99"
"Rolana lopatica bez kože cca. 1,3kg",0001994,1,"ca. 1,3kg",Pikok,5.75,,,5.75,2819949000000,Hrana,"5,75"
"Rolana lopatica bez kože cca. 1,3kg",0001994,1,"ca. 1,3kg",Pikok,5.75,,,5.75,2847719000000,Hrana,"5,75"
"Dukat Vrhnje za kuh. 20%, 500g",0002023,0.5,500g,,3.49,,,6.98,3850354017172,Hrana,"3,39"
Fritt Voæne karamele SK22,0002167,0.07,70g,,0.99,,,14.14,4000607523205,Hrana,"0,99"
Fritt Voæne karamele SK22,0002167,0.07,70g,,0.99,,,14.14,4000607533204,Hrana,"0,99"
Fritt Voæne karamele SK22,0002167,0.07,70g,,0.99,,,14.14,5901783034235,Hrana,"0,99"
Nescafé Cappuccino sort.,0002183,0.135,"112g,148g",Nestlé,4.19,,,30.81,5011546477640,Piæe,"4,19"
Nescafé Cappuccino sort.,0002183,0.135,"112g,148g",Nestlé,4.19,,,30.81,7613035705746,Piæe,"4,19"
Nescafé Cappuccino sort.,0002183,0.135,"112g,148g",Nestlé,4.19,,,37.41,7613036204897,Piæe,"4,19"
Nescafé Cappuccino sort.,0002183,0.135,"112g,148g",Nestlé,4.19,,,28.31,7613036204897,Piæe,"4,19"
Èaj od šipka,0002199,0.08,20x4g,Lord Nelson,0.89,,,11.13,20149987,Piæe,"0,79"
Kiara Kristal šeæer 1kg ,0002220,1,1kg,,0.99,,,0.99,20538750,Hrana,"0,99"
Kiara Kristal šeæer 1kg ,0002220,1,1kg,,0.99,,,0.99,3859888117105,Hrana,"0,99"
Kiara Kristal šeæer 1kg ,0002220,1,1kg,,0.99,,,0.99,3859891496105,Hrana,"0,99"
"Brašno TIP 400 oštro, 1kg",0002224,1,1kg,Belbake,0.75,,,0.75,4056489316077,Hrana,"0,75"
"Brašno TIP 400 oštro, 1kg",0002224,1,1kg,Belbake,0.75,,,0.75,4056489612360,Hrana,"0,75"
Okruglice za juhu,0002235,0.2,200g,Kania,0.99,,,4.95,4056489604501,Hrana,"0,89"
Vanilin šeæer,0002240,0.08,80g,Belbake,0.59,,,7.38,4335619231351,Hrana,"0,49"
"Lješnjak jezgra u rinfuzi, cca. 1kg",0002320,1,ca. 1kg,,14.49,,,14.49,3859890587996,Hrana,"9,39"
"Lješnjak jezgra u rinfuzi, cca. 1kg",0002320,1,ca. 1kg,,14.49,,,14.49,3859891324163,Hrana,"9,39"
"Coca Cola, 2l",0002665,2.07,2l,Coca-Cola,2.39,,,1.2,5000112506396,Piæe,"2,25"
Kraš Napolitanke s èok. punj. 840g,0002760,0.84,840g,,4.99,,,5.94,3850102326150,Hrana,"4,99"
Minis Candy,0002785,0.35,350g,Mister Choc,3.09,,,8.83,4056489231707,Hrana,"3,59"
Airwaves žvakaæe gume SK2,0002906,0.014,14g,Mars,0.99,,,0.99,42124139,Hrana,"0,99"
Airwaves žvakaæe gume SK2,0002906,0.014,14g,Mars,0.99,,,0.99,42174721,Hrana,"0,99"
Airwaves žvakaæe gume SK2,0002906,0.014,14g,Mars,0.99,,,0.99,42189633,Hrana,"0,99"
Orbit žvakaæe gume sort. I,0002907,0.014,14g,Mars,0.99,,,0.99,42123880,Hrana,"0,99"
Orbit žvakaæe gume sort. I,0002907,0.014,14g,Mars,0.99,,,0.99,42174561,Hrana,"0,99"
Milka Èokolada sort.,0002911,0.279,"250g, 276g, 300g",,5.99,,,23.96,7622202258312,Hrana,"5,99"
Milka Èokolada sort.,0002911,0.279,"250g, 276g, 300g",,5.99,,,19.97,7622202258312,Hrana,"5,99"
Milka Èokolada sort.,0002911,0.279,"250g, 276g, 300g",,5.99,,,23.96,7622210273178,Hrana,"5,99"
Milka Èokolada sort.,0002911,0.279,"250g, 276g, 300g",,5.99,,,19.97,7622210612267,Hrana,"5,99"
Milka Èokolada sort.,0002911,0.279,"250g, 276g, 300g",,5.99,,,21.7,7622210683724,Hrana,"5,99"
Milka Èokolada sort.,0002911,0.279,"250g, 276g, 300g",,5.99,,,23.96,7622210702562,Hrana,"5,99"
Milka Èokolada sort.,0002911,0.279,"250g, 276g, 300g",,5.99,,,21.7,7622210702593,Hrana,"5,99"
Milka Èokolada sort.,0002911,0.279,"250g, 276g, 300g",,5.99,,,19.97,7622400904608,Hrana,"5,99"
"Biskvit SK2, SK13, SK20, SK23 400g",0002940,0.4,400g,Confiserie Firenze,2.49,,,6.23,20139773,Hrana,"2,69"
Bordeaux AOP trocken,0002994,0.75,"0,75l",-,3.99,,,5.32,4056489790730,Piæe,"3,49"
Kompletna hrana za maèke SK19,0003002,0.1,100g,Coshida,0.39,,,3.9,20407490,Proizvodi za kuæanstvo,"0,45"
Kompletna hrana za maèke SK19,0003002,0.1,100g,Coshida,0.39,,,3.9,20609481,Proizvodi za kuæanstvo,"0,45"
Šampon za svakodne. pranje kose SK6,0003034,0.515,500ml,Cien,1.39,,,2.78,20153779,Kozmetika,"1,39"
Šampon za svakodne. pranje kose SK6,0003034,0.515,500ml,Cien,1.39,,,2.78,20208844,Kozmetika,"1,39"
Šampon za svakodne. pranje kose SK6,0003034,0.515,500ml,Cien,1.39,,,2.78,20208851,Kozmetika,"1,39"
Šampon za svakodne. pranje kose SK6,0003034,0.515,500ml,Cien,1.39,,,2.78,20256654,Kozmetika,"1,39"
Šampon za svakodne. pranje kose SK6,0003034,0.515,500ml,Cien,1.39,,,2.78,4056489318460,Kozmetika,"1,39"
Pro Vitamin šam. za njegu kose SK13,0003035,0.31,300ml,Cien,1.29,,,4.3,20250898,Kozmetika,"1,29"
Pro Vitamin šam. za njegu kose SK13,0003035,0.31,300ml,Cien,1.29,,,4.3,20250928,Kozmetika,"1,29"
Lak za kosu SK11,0003054,0.31,400ml,Cien,1.98,,,4.95,4335619217102,Kozmetika,1.98
Krema za njegu kože SK1,0003083,0.249,250ml,Cien,1.55,,,6.2,4056489234692,Kozmetika,"1,55"
"Cedevita Instant nap., SK5, 200g",0003086,0.2,200g,,2.19,,,10.95,3850322014523,Piæe,"2,09"
Q10 krema za lice protiv bora SK7 ,0003089,0.051,50ml,Cien,2.89,,,57.8,20283131,Kozmetika,"2,89"
Q10 krema za lice protiv bora SK7 ,0003089,0.051,50ml,Cien,2.89,,,57.8,4056489236108,Kozmetika,"2,89"
Pjena za brijanje sensitive,0003108,0.294,300ml,Cien MEN,1.59,,,5.3,4056489431077,Kozmetika,"1,59"
Losion poslije brijanja SK15,0003114,0.092,100ml,Cien MEN,2.39,,,23.9,4056489238485,Kozmetika,"2,39"
Pasta za zube SK6,0003120,0.155,125ml,Dentalux,0.85,,,6.8,20048549,Kozmetika,"1,05"
Tekuæe sred. za osvjež. WC-a SK23,0003185,0.165,3x55ml,W5,1.45,,,8.79,20054717,Sredstva za èišæenje,"1,45"
Tekuæe sred. za osvjež. WC-a SK23,0003185,0.165,3x55ml,W5,1.45,,,8.79,20084080,Sredstva za èišæenje,"1,45"
Sredstvo za uklanjanje kamenca,0003193,0.523,500ml,W5,1.25,,,2.5,20007300,Sredstva za èišæenje,"1,25"
Djeèje vlažne maramice,0003242,0.385,80komad,Lupilu,1.15,,,0.01,20117009,Toaletne potrepštine,"1,09"
Djeèje vlažne maramice,0003242,0.385,80komad,Lupilu,1.15,,,0.01,3859890063131,Toaletne potrepštine,"1,09"
Tamponi SK3,0003257,0.054,24komad,Siempre,1.55,,,0.06,20110703,Toaletne potrepštine,"1,55"
Higijenski ulošci SK6,0003262,0.145,"14komad,20komad",Siempre,1.29,,,0.09,20069650,Toaletne potrepštine,"1,29"
Higijenski ulošci SK6,0003262,0.145,"14komad,20komad",Siempre,1.29,,,0.06,20152895,Toaletne potrepštine,"1,29"
Kondomi od prirodnog lateksa SK1,0003281,0.013,12komad,Mondos,1.89,,,0.16,20088446,Toaletne potrepštine,"1,89"
Kondomi od prirodnog lateksa SK1,0003281,0.013,12komad,Mondos,1.89,,,0.16,4056489774167,Toaletne potrepštine,"1,89"
Lampion,0003323,0.12,1komad,-,0.79,,,0.79,20151164,Proizvodi za kuæanstvo,"0,99"
Podravka Pasirana rajèica,0003452,0.5,500g,,1.09,,,2.18,3850104073656,Hrana,"1,09"
Ferrero Rocher ,0003543,0.2,200g,,7.19,,,35.95,8000500003787,Hrana,"6,49"
Grah trešnjevac 12/1,0003600,1,ca. 1kg,,1.99,,,1.99,3859890587507,Hrana,"1,99"
Grah trešnjevac 12/1,0003600,1,ca. 1kg,,1.99,,,1.99,3859893512124,Hrana,"1,99"
Gazirano piæe naranèa sa sladilom,0003610,2,2l,Freeway,0.99,,,0.5,4304493259232,Piæe,"0,89"
Palette Int. Color Creme boja SK4,0003664,0.11,1komad,Henkel,4.25,,,4.25,3838824159997,Kozmetika,"5,25"
Palette Int. Color Creme boja SK4,0003664,0.11,1komad,Henkel,4.25,,,4.25,3838824349244,Kozmetika,"5,25"
Palette Int. Color Creme boja SK4,0003664,0.11,1komad,Henkel,4.25,,,4.25,3838824350554,Kozmetika,"5,25"
Axe Dezodorans u spreju Africa,0003696,0.15,150ml,,4.89,,,32.6,8711700735179,Kozmetika,"4,55"
Axe Dezodorans u spreju Africa,0003696,0.15,150ml,,4.89,,,32.6,8712561119825,Kozmetika,"4,55"
Axe Dezodorans u spreju Africa,0003696,0.15,150ml,,4.89,,,32.6,8712561614122,Kozmetika,"4,55"
Axe Dezodorans u spreju Africa,0003696,0.15,150ml,,4.89,,,32.6,8717644013045,Kozmetika,"4,55"
Axe Dezodorans u spreju Africa,0003696,0.15,150ml,,4.89,,,32.6,8718114148304,Kozmetika,"4,55"
Topljeni sir u kadicama SK18,0003834,0.2,200g,Milbona,1.89,,,9.45,4056489117612,Hrana,"1,89"
Tvrdi bomboni u limenci SK7,0003929,0.2,200g,Sweet Corner,1.79,,,8.95,20078683,Hrana,"1,59"
Pro Vitamin balzam za kosu SK9,0003947,0.299,300ml,Cien,1.49,,,4.97,20250867,Kozmetika,"1,49"
Pro Vitamin balzam za kosu SK9,0003947,0.299,300ml,Cien,1.49,,,4.97,20250881,Kozmetika,"1,49"
Pro-Vitamin Šampon 2u1 SK3,0003948,0.311,300ml,Cien,1.49,,,4.97,20189013,Kozmetika,"1,49"
"Trajno mlijeko 1,5%",0003979,1.034,1l,Pilos,0.95,,,0.95,4056489108122,Hrana,"0,95"
"Toast s maslacem, 500g",0003992,0.5,500g,Tastino,,0.89,1.49,1.78,20006228,Hrana,"1,29"
Old Spice Deo stick,0004454,0.056,50ml,,3.85,,,77,8006530000253,Kozmetika,"3,85"
Old Spice Deo stick,0004454,0.056,50ml,,3.85,,,77,8700216884662,Kozmetika,"3,85"
Nestlé Smarties Mini 18kom.,0004455,0.259,259g,Nestlé,5.99,,,23.13,7613035312074,Hrana,"4,99"
PRINGLES CHIPS SANTA MYSTERY,0004587,0.165,165g,,2.25,,,13.64,5053990188956,Hrana,Nije_bilo_u_prodaji_02.05.2025
SCHAUMA DRY ŠAMPON 150 ml REFRESH,0004771,0.092,150ml,,2.99,,,19.93,9000101213942,Kozmetika,Nije_bilo_u_prodaji_02.05.2025
Mileram 22% m.m.,0004807,0.9,900g,Pilos,2.89,,,3.21,4056489317142,Hrana,"2,89"
"Instant napitak naranèa, 500g",0004839,0.5,500g,Freeway,2.39,,,4.78,4056489074854,Piæe,"2,39"
Svježi posni sir,0004947,0.5,500g,Okusi zavièaja,1.75,,,3.5,20456603,Hrana,"1,75"
Svježi posni sir,0004947,0.5,500g,Okusi zavièaja,1.75,,,3.5,20538194,Hrana,"1,75"
Edamer komad,0004985,0.25,250g,Pilos,2.69,,,10.76,5900120065000,Hrana,"2,69"
Carski sir komad,0004986,0.25,250g,Pilos,,1.85,2.59,7.4,20980436,Hrana,"2,59"
Argeta Riblja pašteta SK1,0005139,0.095,95g,,1.99,,,20.95,3838471015868,Hrana,"1,99"
Argeta Riblja pašteta SK1,0005139,0.095,95g,,1.99,,,20.95,3838471019057,Hrana,"1,99"
"Dimljena peèenica, cca. 400g",0005216,1,ca. 400g,Pikok,6.79,,,6.79,2101036000000,Hrana,"6,79"
Kinder Bueno White,0005441,0.039,39g,,0.95,,,24.36,80761761,Hrana,"0,79"
"Brašno TIP 400 oštro, 5kg",0005445,5,5kg,Belbake,3.09,,,0.62,20366643,Hrana,"2,85"
"Brašno TIP 400 oštro, 5kg",0005445,5,5kg,Belbake,3.09,,,0.62,4056489316091,Hrana,"2,85"
"Argeta Kokošja pašteta, 3x95g",0005502,0.285,3x95g,,3.19,,,11.19,3838975567214,Hrana,"3,49"
"Minutni odrezak, svinjska leða bk",0005535,0.4,400g,Naša mesnica,4.29,,,10.73,20395452,Hrana,"4,49"
"Èajni kolutiæi SK1, RFA",0005588,0.767,"700g,800g",Sondey,2.59,,,3.7,20538156,Hrana,"2,59"
Svježi pileæi filet,0005607,1,ca. 500g,Naša mesnica,7.39,,,7.39,2852020000000,Hrana,"7,39"
Svježi pileæi filet,0005607,1,ca. 500g,Naša mesnica,7.39,,,7.39,2891927000000,Hrana,"7,39"
"Coca Cola 5+1 gratis, 6x0,33l",0005627,2.06,"6x0,33l",Coca-Cola,5.19,,,3.15,5449000000965,Piæe,"5,25"
Axe gel za tuširanje sort.,0005639,0.257,250ml,,2.49,,,9.96,8712561617901,Kozmetika,"2,99"
Axe gel za tuširanje sort.,0005639,0.257,250ml,,2.49,,,9.96,8712561650366,Kozmetika,"2,99"
Tic Tac SK5,0005761,0.018,18g,,0.79,,,0.79,80799672,Hrana,"0,79"
Èajna/ srijemska kobasica SK2,0005827,0.3,300g,Pikok,4.5,,,15,20448219,Hrana,"4,5"
Jetrena pašteta SK37,0005881,0.15,150g,Pikok,0.99,,,6.6,20363925,Hrana,"0,99"
Sensodyne Pasta za zube SK2,0005894,0.075,75ml,,5.95,,,79.33,3800132250550,Kozmetika,"3,95"
Sensodyne Pasta za zube SK2,0005894,0.075,75ml,,5.95,,,79.33,3800132250574,Kozmetika,"3,95"
Sensodyne Pasta za zube SK2,0005894,0.075,75ml,,5.95,,,79.33,5054563042996,Kozmetika,"3,95"
Sensodyne Pasta za zube SK2,0005894,0.075,75ml,,5.95,,,79.33,5054563072634,Kozmetika,"3,95"
Sensodyne Pasta za zube SK2,0005894,0.075,75ml,,5.95,,,79.33,5054563072658,Kozmetika,"3,95"
Sensodyne Pasta za zube SK2,0005894,0.075,75ml,,5.95,,,79.33,5054563232908,Kozmetika,"3,95"
Schauma šampon sort.,0005896,0.52,400ml,,3.17,,,7.93,4015000910750,Kozmetika,"3,17"
Schauma šampon sort.,0005896,0.52,400ml,,3.17,,,7.93,4015000999922,Kozmetika,"3,17"
Schauma šampon sort.,0005896,0.52,400ml,,3.17,,,7.93,4015001005370,Kozmetika,"3,17"
Schauma šampon sort.,0005896,0.52,400ml,,3.17,,,7.93,4015100216493,Kozmetika,"3,17"
Štrukli sa sirom,0005938,0.6,600g,Okusi zavièaja,,2.79,3.99,4.65,20317805,Hrana,"3,98"
Nivea Dezodorans roler SK1,0005958,0.052,50ml,,3.95,,,79,4005900828095,Kozmetika,"3,95"
Nivea Dezodorans roler SK1,0005958,0.052,50ml,,3.95,,,79,42241508,Kozmetika,"3,95"
Nivea Dezodorans roler SK1,0005958,0.052,50ml,,3.95,,,79,42242147,Kozmetika,"3,95"
"Mesni doruèak, 100g",0006221,0.1,100g,Pikok,0.73,,,7.3,20491642,Hrana,"0,79"
Raid Sprej protiv muha i komaraca,0006230,0.409,400ml,,5.39,,,13.48,5000204342468,Proizvodi za kuæanstvo,"5,39"
Raid Tablete za el. aparat,0006232,0.035,1komad,,5.09,,,0.17,8002030140680,Proizvodi za kuæanstvo,"5,09"
"Jack Daniels Tennessee Whiskey, 40%",0006251,0.7,"0,7l",,24.22,,,34.6,5099873089798,Piæe,"24,22"
Ballantine's Ble. Scotch Whisky 40%,0006253,0.663,"0,7l",,16.19,,,23.13,5010106113127,Piæe,"15,52"
"Pureæi parizer, 1000g",0006322,1,1000g,Pikok,,2.09,2.79,2.09,20116439,Hrana,"2,79"
Ritter Sport SK17,0006343,0.1,100g,Ritter,2.39,,,23.9,4000417011008,Hrana,"1,79"
Ritter Sport SK17,0006343,0.1,100g,Ritter,2.39,,,23.9,4000417303004,Hrana,"1,79"
Barcaffe mljevena kava Classic,0006449,0.5,500g,,7.49,,,14.98,3838471021272,Piæe,"5,99"
"Svježa pileæa leða, cca. 750g",0006457,1,ca. 750g,Naša mesnica,1.69,,,1.69,2136946000000,Hrana,"1,69"
"Svježa pileæa leða, cca. 750g",0006457,1,ca. 750g,Naša mesnica,1.69,,,1.69,2852035000000,Hrana,"1,69"
"Svježa pileæa prsa, bk sk, cca 500g",0006488,1,ca. 500g,Naša mesnica,5.99,,,5.99,2852054000000,Hrana,"5,89"
"Svježa pileæa prsa, bk sk, cca 500g",0006488,1,ca. 500g,Naša mesnica,5.99,,,5.99,2891147000000,Hrana,"5,89"
Svježi pileæi batak,0006489,1,ca. 500g,Naša mesnica,4.09,,,4.09,2852014000000,Hrana,"4,09"
Svježi pileæi batak,0006489,1,ca. 500g,Naša mesnica,4.09,,,4.09,2891962000000,Hrana,"4,09"
Svježi pileæi batak,0006489,1,ca. 500g,Naša mesnica,4.09,,,4.09,2891964000000,Hrana,"4,09"
Svježi pileæi batak,0006489,1,ca. 500g,Naša mesnica,4.09,,,4.09,2891966000000,Hrana,"4,09"
Svježi pileæi batak,0006489,1,ca. 500g,Naša mesnica,4.09,,,4.09,2891968000000,Hrana,"4,09"
Svježi pileæi batak,0006489,1,ca. 500g,Naša mesnica,4.09,,,4.09,2891969000000,Hrana,"4,09"
Èešnjovka/Dalm. kobasica SK4,0006587,0.2,200g,Okusi zavièaja,,2.09,2.89,10.45,20492519,Hrana,"2,89"
"Barilla Penne Rigate, 500g",0006616,0.5,500g,Barilla,1.95,,,3.9,8076802085738,Hrana,"1,19"
"Domaæi rezanci s jajima, 400g",0006626,0.4,400g,Okusi zavièaja,1.39,,,3.48,20492311,Hrana,"1,39"
"Domaæe masl. s košt. SK1, OM: 200g",0006628,0.2,370ml,Okusi zavièaja,2.49,,,12.45,20428853,Hrana,"3,29"
Istarski tvrdi sir XXL,0006651,0.4,400g,Okusi zavièaja,5.99,,,14.98,20492465,Hrana,"5,99"
"Barilla Penne Rigate, 1kg",0006660,1,1kg,,1.85,,,1.85,8076800105735,Hrana,"1,95"
"BO Krafna marelica, 60g",0006663,0.06,60g,,,0.55,0.59,9.17,3859888751293,Hrana,"0,55"
"BO Krafna marelica, 60g",0006663,0.06,60g,,,0.55,0.59,9.17,3859888751897,Hrana,"0,55"
Kant salama,0006672,0.5,500g,Pikok,5.79,,,11.58,20147204,Hrana,"5,59"
"Svježi pileæi zabatak, cca. 500g",0006675,1,ca. 500g,Naša mesnica,4.09,,,4.09,2114262000000,Hrana,"4,09"
"Svježi pileæi zabatak, cca. 500g",0006675,1,ca. 500g,Naša mesnica,4.09,,,4.09,3858890930955,Hrana,"4,09"
"Èokolada s rižom, 200g",0006682,0.2,200g,Fin Carré,2.99,,,14.95,20492113,Hrana,"2,99"
"Pileæi mix za juhu, cca. 500g",0006735,1,ca. 500g,Naša mesnica,2.99,,,2.99,2891126000000,Hrana,"2,69"
Limoncino Or. di Sorrento 30% vol.,0007447,0.524,"0,5l",-,5.49,,,10.98,20419820,Piæe,"5,49"
Air Wick Fresh Matic Refill SK2,0008404,0.17,250ml,,6.69,,,26.76,5997321759708,Sredstva za èišæenje,"6,69"
"Vreæice za zamrzavanje, SK1",0008485,0.115,"26komad,38komad,50komad",Aromata,0.89,,,0.89,20476489,Proizvodi za kuæanstvo,"0,79"
"Svježe pile, cca. 1,5kg",0008692,1,"ca. 1,5kg",Naša mesnica,,2.69,3.09,2.69,2108190000000,Hrana,"3,09"
"Svježe pile, cca. 1,5kg",0008692,1,"ca. 1,5kg",Naša mesnica,,2.69,3.09,2.69,2136914000000,Hrana,"3,09"
"Odojak s glavom, cca. 2,3kg",0008752,1,"ca. 2,3kg",Naša mesnica,,4.49,5.49,4.49,2113979000000,Hrana,"7,99"
"Odojak s glavom, cca. 2,3kg",0008752,1,"ca. 2,3kg",Naša mesnica,,4.49,5.49,4.49,2700709000000,Hrana,"7,99"
"Sv. neobrað. potrbušina, cca. 8,5kg",0008893,1,"cca. 8,5kg",Naša mesnica,2.89,,,2.89,2888930000000,Hrana,"3,89"
"Štark Smoki flips, 130g",0008931,0.13,130g,,1.29,,,9.92,8600939507711,Hrana,"1,29"
"Cockta Original, 0,5l",0008932,0.5,"0,5l",,1.25,,,2.5,3838471032476,Piæe,"1,22"
"Pošip, vrhunsko bijelo vino ",0009006,0.744,"0,75l",Winemakers of Croatia,5.99,,,7.99,4304493259065,Piæe,"5,99"
"Svinjski file, cca. 400g",0009053,1,ca. 400g,Naša mesnica,8.89,,,8.89,2700292000000,Hrana,"8,89"
Aquafresh Èet. za zube Flex Medium,0009165,0.042,3x1komad,,2.45,,,0.82,5054563015549,Kozmetika,"2,45"
Lampion SK7,0009364,0.29,290g,-,1.99,,,1.99,20660499,Proizvodi za kuæanstvo,"1,99"
Vrhnje u spreju,0009818,0.255,250ml,Pilos,2.29,,,9.16,20025953,Hrana,"2,29"
Vrhnje u spreju,0009818,0.255,250ml,Pilos,2.29,,,9.16,20178253,Hrana,"2,29"
Monster Mango Loco,0009852,0.55,"0,5l",,1.59,,,3180,5060639121618,Piæe,"0,46"
Gel za kosu za muškarce SK13,0009855,0.15,"150ml,200ml",Cien,1.79,,,8.95,20008383,Kozmetika,"1,79"
Gel za kosu za muškarce SK13,0009855,0.15,"150ml,200ml",Cien,1.79,,,8.95,20187279,Kozmetika,"1,79"
Gel za kosu za muškarce SK13,0009855,0.15,"150ml,200ml",Cien,1.79,,,8.95,20551636,Kozmetika,"1,79"
3_TEST GOGA_2301 test,0009999,0.156,1,TEST EURO_2301,0.55,,,0.28,97000866,Hrana,"0,84"
3_TEST GOGA_2301 test,0009999,0.156,1,TEST EURO_2301,0.55,,,0.02,97000866,Hrana,"0,84"
Mortadella s pistacijama,0010630,0.7,700g,Italiamo,3.99,,,5.7,20055325,Hrana,"3,89"
"Mesnata slanina, dimljena",0010913,0.25,2x125g,Dulano,3.19,,,12.76,4056489569978,Hrana,"3,19"
Pommes Frites za peænicu 7x7,0011162,1,1kg,Harvest Basket,2.89,,,2.89,20001575,Hrana,"2,89"
Èips paprika,0011163,0.15,150g,Snack Day,1.15,,,7.67,20094706,Hrana,"1,15"
Èips paprika,0011163,0.15,150g,Snack Day,1.15,,,7.67,40894836,Hrana,"1,15"
Kobasica SK13,0011790,0.2,200g,Dulano,2.39,,,11.95,20012588,Hrana,"2,15"
Kobasica SK13,0011790,0.2,200g,Dulano,2.39,,,11.95,20097264,Hrana,"2,15"
Narezana salama SK35,0011808,0.125,125g,Dulano,2.29,,,18.32,20030162,Hrana,"2,19"
Mediteranski pršut SK24,0011818,0.1,100g,Dulano Selection,2.59,,,25.9,4056489115144,Hrana,"2,59"
Kuhana šunka tanko narezana XXL SK4,0011882,0.4,400g,Dulano,4.29,,,10.73,20015480,Hrana,"4,29"
Salsa umak SK18,0011890,0.315,315g,Snack Day,1.59,,,5.05,20108588,Hrana,"1,59"
"Smrznute maline, 500g",0012134,0.5,500g,-,5.99,,,11.98,20130626,Hrana,"4,39"
Jogurt 5% SK 4,0012211,1,1kg,Pilos,2.99,,,2.99,4056489110118,Hrana,Nije_bilo_u_prodaji_02.05.2025
MSC Fileti haringe u umaku SK20,0012408,0.2,200g,Nixe,1.49,,,7.45,4056489666004,Hrana,"1,49"
Marcipan za kolaèe,0012734,0.2,200g,Belbake,1.99,,,9.95,20098216,Hrana,"1,55"
Kolaè s orašastim voæem ,0012740,0.3,300g,Favorina,2.79,,,9.3,20082345,Hrana,"3,39"
Marcipan kuglice,0012823,0.125,125g,Favorina,0.99,,,7.92,20036249,Hrana,"1,79"
Marcipan prutiæ,0012844,0.1,100g,Favorina,1.19,,,11.9,20258733,Hrana,"1,39"
Ružmarin,0012875,0.025,25g,Kania,0.59,,,0.59,4056489367253,Hrana,"0,56"
Suhe brusnice,0012969,0.2,200g,Alesto Selection,2.15,,,10.75,4056489167051,Hrana,"2,15"
Salama SK1,0018075,0.12,120g,Deluxe,3.19,,,26.58,4056489714927,Hrana,"2,59"
Mozzarella classic,0019051,0.125,125g,Milbona,1.15,,,9.2,20002268,Hrana,"1,09"
Tjestenina Farfalle HWG,0019104,0.5,500g,Combino,0.99,,,1.98,20093099,Hrana,"1,29"
Èokoladni keksi XXL SK1,0019242,0.165,165g,Sondey,2.29,,,13.88,20199784,Hrana,"1,99"
Bijela èokolada,0019545,0.1,100g,Fin Carré,1.69,,,16.9,20368197,Hrana,"1,69"
Žele figure,0019656,0.25,250g,Favorina,0.99,,,3.96,20051365,Hrana,"0,99"
Zobene pahuljice mekane,0019661,0.5,500g,Crownfield,0.79,,,1.58,20003166,Hrana,"0,79"
Mini pjenasti poljupci ,0019668,0.266,266g,Alpenfest,2.99,,,11.24,20005924,Hrana,"2,99"
Hrskavi müsli SK2,0019931,0.6,600g,Crownfield,3.49,,,5.82,20201807,Hrana,"3,35"
Kuglof SK7,0021042,0.5,500g,Confiserie Firenze,2.89,,,5.78,20139858,Hrana,"2,89"
Tamna èokolada,0021236,0.1,100g,Fin Carré,1.89,,,18.9,20005832,Hrana,"1,59"
Keks s karamelom,0021239,0.058,58g,Mister Choc,0.59,,,10.17,20077495,Hrana,"0,59"
Mini èokoladice s kikirikijem,0021247,0.35,350g,Mister Choc,3.69,,,10.54,4056489172574,Hrana,"3,59"
Minis Caramel,0021249,0.35,350g,Mister Choc,3.69,,,10.54,4056489730279,Hrana,"3,59"
Baguette pecivo SK15,0021282,0.3,300g,Tastino,0.99,,,3.3,4056489096313,Hrana,"0,99"
Sendviè toast ,0021321,0.75,750g,Tastino,1.69,,,2.25,20061272,Hrana,"1,69"
Corbieres AOP,0021791,0.744,"0,75l",-,2.99,,,3.99,4056489035411,Piæe,"3,49"
Prašak za puding èokolada,0021814,0.123,123g,Belbake,0.69,,,5.61,20009007,Hrana,"0,59"
Sladoled štapiæ èoko crisp,0021903,0.504,6x120ml,Gelatelli,5.99,,,8.32,4056489375104,Hrana,"4,99"
Sladoled štapiæ SK7,0021940,0.219,3x110ml,Gelatelli,2.19,,,6.64,4056489267348,Hrana,"2,19"
Špagete Tricolore,0022109,0.5,500g,Italiamo,1.69,,,3.38,20122580,Hrana,"1,69"
Brazilski orah,0022252,0.2,200g,Alesto Selection,3.49,,,17.45,20202392,Hrana,"3,49"
Integralni špageti HWG,0022427,0.5,500g,Combino,0.89,,,1.78,20122577,Hrana,"0,85"
Krutoni SK1,0022485,0.1,100g,Kania,1.39,,,13.9,20171100,Hrana,"1,39"
Kuhana šunka,0022526,0.15,150g,Dulano,2.39,,,15.93,20189341,Hrana,"2,39"
Mousse au Chocolat,0022530,0.24,4x60g,Duc de Coeur,1.29,,,5.38,20020569,Hrana,"1,05"
Meki bijeli sir,0022613,0.35,350g,Duc de Coeur,4.19,,,11.97,20131623,Hrana,"3,19"
Meki kravlji sir u salamuri,0022725,1,1kg,Milbona,10.79,,,10.79,4056489203216,Hrana,"9,99"
Baguettes-francuz SK5,0022918,0.35,2x175g,Chef Select,2.99,,,8.54,4056489455127,Hrana,"2,79"
Kiseli gumeni bomboni jabuka,0023137,0.4,400g,Sweet Corner,2.19,,,5.48,20708184,Hrana,"2,19"
Mesni naresci SK2,0024325,0.1,100g,Alpenfest,1.89,,,18.9,20231897,Hrana,"1,89"
Mesni naresci SK2,0024325,0.1,100g,Alpenfest,1.89,,,18.9,20345259,Hrana,"1,89"
Kolaè s ribanim tijestom SK10,0024334,0.4,400g,Alpenfest,2.59,,,6.48,20122881,Hrana,"2,49"
Trans. sprej za sunèanje ZF 30,0024972,0.151,200ml,Cien Sun,5.99,,,29.95,4056489182542,Kozmetika,"5,99"
Djeèji sprej za sunèanje ZF 50+,0024982,0.151,150ml,Cien Sun,5.95,,,39.67,20546533,Kozmetika,"5,95"
Uljni sprej za sunèanje ZF 6,0024984,0.226,250ml,Cien Sun,5.49,,,21.96,4056489368335,Kozmetika,"5,49"
Piškote,0026237,0.4,400g,Sondey,1.75,,,4.38,4056489166696,Hrana,"1,75"
Sir Brie 60%,0026804,0.2,200g,Milbona,2.25,,,11.25,20024727,Hrana,"2,25"
Prekooceanska mini vina SK9,0027309,0.25,"0,25l",Cimarosa,1.89,,,7.56,20189617,Piæe,"1,89"
Zaštitna Anti-age krema za sunè SK6,0027370,0.075,75ml,Cien Sun,3.99,,,53.2,4056489368410,Kozmetika,"4,99"
Djeèja krema za sunèanje ZF 50+,0027375,0.102,100ml,Cien Sun,2.49,,,24.9,20231460,Kozmetika,"2,49"
Bijela èokolada s lješ. i krispijem,0027563,0.2,200g,Fin Carré,3.29,,,16.45,20005788,Hrana,"2,99"
Zaèini,0028001,0.014,"12,5g,15g",Kania,1.85,,,1.85,20226558,Hrana,"1,85"
Tamna èok. s malinom,0028132,0.125,125g,J.D. Gross,2.99,,,23.92,20177201,Hrana,"2,99"
Tamna èok. s karamelom,0028133,0.125,125g,J.D. Gross,2.99,,,23.92,20177218,Hrana,"2,99"
Kukuruz u zrnu (OM 285g),0028424,0.34,425ml,Freshona,1.19,,,4.18,4056489499688,Hrana,"1,09"
"Kalif. badem blanširani, mljeveni",0028489,0.2,200g,Belbake,2.38,,,11.9,20003432,Hrana,"2,49"
Gel za brijanje ,0028839,0.2,200ml,Cien MEN,2.09,,,10.45,4056489436553,Kozmetika,"2,09"
Flaster SK7,0028901,0.023,"20komad,40komad",Sensiplast,0.89,,,0.02,20084950,Toaletne potrepštine,"0,89"
Flaster SK7,0028901,0.023,"20komad,40komad",Sensiplast,0.89,,,0.02,20254353,Toaletne potrepštine,"0,89"
Flaster SK7,0028901,0.023,"20komad,40komad",Sensiplast,0.89,,,0.04,4056489235576,Toaletne potrepštine,"0,89"
Flaster SK7,0028901,0.023,"20komad,40komad",Sensiplast,0.89,,,0.04,4056489235583,Toaletne potrepštine,"0,89"
Flaster SK7,0028901,0.023,"20komad,40komad",Sensiplast,0.89,,,0.04,4056489235590,Toaletne potrepštine,"0,89"
Flaster SK7,0028901,0.023,"20komad,40komad",Sensiplast,0.89,,,0.04,40895369,Toaletne potrepštine,"0,89"
"Slanutak u slanoj vodi, OM 240g",0028948,0.4,425ml,Freshona,0.59,,,2.46,20475598,Hrana,"0,69"
Grana Padano,0029350,0.2,200g,Milbona,3.69,,,18.45,4056489864592,Hrana,"3,79"
"Grašak mladi, OM 280g",0029408,0.4,425ml,Freshona,1.09,,,3.89,20009816,Hrana,"0,99"
"Dnevni ulošci s Aloe Vera, SK8",0029444,0.072,"26komad,32komad,45komad",Siempre,1.25,,,0.04,4056489805243,Toaletne potrepštine,"1,25"
"Baby kukuruz, OM 190g",0029474,0.34,370ml,Freshona,1.69,,,8.89,20004262,Hrana,"1,29"
Parboiled riža u vreæici 4x125g,0029528,0.5,4x125g,Golden Sun,1.19,,,2.38,20035389,Hrana,"1,19"
"Trajno mlijeko 2,8% m.m.",0030860,1,1l,Pilos,0.82,,,0.82,20123093,Hrana,"0,79"
Èokoladni listiæi SK4,0030861,0.125,125g,Mister Choc,2.99,,,23.92,20419202,Hrana,"2,99"
Desertni specijaliteti SK19,0030937,0.155,"2x75g,2x80g",MCENNEDY,1.69,,,9.39,20020644,Hrana,"1,69"
Creme Caramel,0031400,0.4,4x100g,Duc de Coeur,1.99,,,4.98,20175955,Hrana,"1,99"
Sladoled štapiæ badem,0031721,0.084,120ml,Gelatelli,1.19,,,9.92,20012137,Hrana,"0,99"
Toffee mješavina ,0031722,0.3,300g,Sweet Corner,2.29,,,7.63,20230487,Hrana,"2,29"
Èokolada SK2,0031870,0.1,100g,Alpenfest,1.09,,,10.9,20236274,Hrana,"1,09"
"Dimljeni losos, škotski",0032117,0.32,320g,Deluxe,10.15,,,31.72,4056489144007,Hrana,"9,99"
"Svijetlo pivo 4,9%",0032276,0.503,"0,5l",Perlenbacher,0.99,,,1.98,20232122,Piæe,"0,99"
Snack kobasica Tirolska SK8,0032325,0.15,150g,Alpenfest,1.99,,,13.27,20242688,Hrana,"1,99"
Snack kobasica Tirolska SK8,0032325,0.15,150g,Alpenfest,1.99,,,13.27,22288810,Hrana,"1,99"
Liebfraumilch ,0032468,0.75,"0,75l",-,3.49,,,4.65,4335619001350,Piæe,"3,29"
Südafrika Pinotage (EUA),0034515,0.75,"0,75l",Cimarosa,3.39,,,4.52,4056489010074,Piæe,"3,99"
Kal. Zinfandel rose vino (EUA),0034522,0.75,"0,75l",Cimarosa,3.49,,,4.65,4304493261525,Piæe,"3,49"
"Tortilla èips SK1, SK5, SK6",0034632,0.15,150g,Snack Day,1.19,,,7.93,20308735,Hrana,"1,19"
"Tortilla èips SK1, SK5, SK6",0034632,0.15,150g,Snack Day,1.19,,,7.93,4056489452423,Hrana,"1,19"
Tempranillo la Mancha DO Barrica,0036258,0.75,"0,75l",Mezquiriz,2.49,,,3.32,4056489833659,Piæe,"2,29"
Èips rebrasti s okusom sira i luka,0036645,0.15,150g,Snack Day,1.15,,,7.67,20173265,Hrana,"1,15"
Svježi sok od crvene naranèe 100%,0037475,1.047,1l,Solevita,3.29,,,3.29,20254162,Hrana,"2,99"
Svježi sok od crvene naranèe 100%,0037475,1.047,1l,Solevita,3.29,,,3.29,4304493268609,Hrana,"2,99"
Topljeni sir trokutiæi SK9,0038308,0.25,250g,Milbona,,2.19,2.79,8.76,4056489738589,Hrana,"2,79"
Èips SK30,0038411,0.175,175g,Snack Day,2.49,,,14.23,20771003,Hrana,"1,59"
Maslac za tijelo SK7,0038468,0.394,400ml,Cien,2.99,,,7.48,20261856,Kozmetika,"2,99"
Maslac za tijelo SK7,0038468,0.394,400ml,Cien,2.99,,,7.48,4056489665663,Kozmetika,"2,99"
"Prutiæi za maèke SK4, 50g",0038491,0.05,50g,Coshida,1.39,,,27.8,4056489142461,Proizvodi za kuæanstvo,"1,39"
Adventski kalendar,0038535,0.075,75g,Favorina,1.59,,,21.2,20047009,Hrana,"0,8"
Mali pužiæi HWG,0038724,0.5,500g,Combino,0.99,,,1.98,20220211,Hrana,"1,29"
Pasta za zube SK4,0038752,0.155,125ml,Dentalux,1.05,,,8.4,4056489708377,Kozmetika,"1,05"
Pasta za zube SK4,0038752,0.155,125ml,Dentalux,1.05,,,8.4,4056489857303,Kozmetika,"1,05"
"Tamponi, razne vrste 56-80 kom. SK8",0038769,0.178,"56komad,64komad,80komad",Siempre,3.69,,,0.07,4056489722953,Toaletne potrepštine,"3,69"
"Tamponi, razne vrste 56-80 kom. SK8",0038769,0.178,"56komad,64komad,80komad",Siempre,3.69,,,0.07,4056489722960,Toaletne potrepštine,"3,69"
"Tamponi, razne vrste 56-80 kom. SK8",0038769,0.178,"56komad,64komad,80komad",Siempre,3.69,,,0.05,4056489849001,Toaletne potrepštine,"3,69"
Smoothie 250ml SK13,0038798,0.265,250ml,Solevita,1.49,,,5.96,4304493261938,Hrana,"1,49"
Smoothie 250ml SK13,0038798,0.265,250ml,Solevita,1.49,,,5.96,4304493262744,Hrana,"1,49"
Balsamico umak SK5,0039128,0.316,250ml,Italiamo,1.39,,,5.56,20250522,Hrana,"1,39"
Balsamico umak SK5,0039128,0.316,250ml,Italiamo,1.39,,,5.56,4056489441007,Hrana,"1,39"
Pijesak za maèke,0039172,10,10kg,Coshida,3.75,,,0.38,4012345678901,Proizvodi za kuæanstvo,"3,75"
Kinder Milchschnitte,0039221,0.28,10x28g,,4.99,,,17.82,4008400191423,Hrana,"4,49"
Pšenièno svijetlo pivo,0039242,0.503,"0,5l",Perlenbacher,0.99,,,1.98,4304493261457,Piæe,"0,95"
Maramice za njegu kontr. ploèe SK2,0039559,0.227,30komad,W5,1.89,,,0.06,4335619061965,Proizvodi za kuæanstvo,"2,29"
Kuhinjska jodirana sol,0039899,0.5,500g,ChanteSel,0.35,,,0.7,20044268,Hrana,"0,35"
Kuhinjska jodirana sol,0039899,0.5,500g,ChanteSel,0.35,,,0.7,20044350,Hrana,"0,35"
Losion za tijelo,0039910,0.52,500ml,Cien,1.99,,,3.98,4335619111776,Kozmetika,"1,99"
Bourbon Whiskey 40% Vol.,0039987,0.664,"0,7l",Western Gold,9.99,,,14.27,4304493262362,Piæe,"9,99"
Asia umaci SK6,0040086,0.281,250ml,Vitasia,1.19,,,4.76,20110826,Hrana,"1,49"
Asia umaci SK6,0040086,0.281,250ml,Vitasia,1.19,,,4.76,20110857,Hrana,"1,49"
Asia umaci SK6,0040086,0.281,250ml,Vitasia,1.19,,,4.76,4056489002680,Hrana,"1,49"
Goldbrand 30% vol.,0040094,0.673,"0,7l",Alliance,5.39,,,7.7,4304493258631,Piæe,"5,39"
Fusilli HWG,0043077,0.5,500g,Italiamo,2.29,,,4.58,20490010,Hrana,"2,29"
Sladoled štapiæ vanilija,0043973,0.084,120ml,Gelatelli,1.15,,,9.58,20255145,Hrana,"0,99"
Sladoled štapiæ vanilija,0043973,0.084,120ml,Gelatelli,1.15,,,9.58,4335619227378,Hrana,"0,99"
Kremasti jogurt SK2,0043990,0.15,150g,Italiamo,0.99,,,6.6,20257170,Hrana,"0,89"
Parboiled riža u vreæici,0047482,0.4,4x100g,Golden Sun,0.89,,,2.23,20053970,Hrana,Nije_bilo_u_prodaji_02.05.2025
Šumeæe tablete magnezij,0051523,0.08,80g,Optisana,1.15,,,14.38,20289102,Hrana,"1,15"
Riža na mlijeku SK4,0051988,0.2,200g,Pilos,0.79,,,3.95,20442859,Hrana,"0,79"
"Smrznuto povræe, SK7",0054707,0.45,450g,Freshona,1.25,,,2.78,4056489431589,Hrana,"1,79"
Korneti 6 kom. SK1,0054742,0.45,6x120ml,Gelatelli,2.99,,,4.15,20294571,Hrana,"2,99"
Tekuæi jogurt XXL SK1,0055501,1,1kg,Milbona,1.99,,,1.99,4304493261761,Hrana,"1,89"
Tekuæi jogurt XXL SK1,0055501,1,1kg,Milbona,1.99,,,1.99,4304493262065,Hrana,"1,89"
"Èajno pecivo SK2, UTZ",0055526,0.3,300g,Sondey,2.75,,,9.17,20302986,Hrana,"2,75"
Vlažni WC papir SK1,0056482,0.816,4x80komad,Floralys,3.99,,,0.01,20508067,Proizvodi za kuæanstvo,"3,97"
Puding s vrhnjem (500g) SK1,0057580,0.5,500g,Milbona Selection,2.19,,,4.38,20301415,Hrana,"1,79"
Specijaliteti od kozjeg sira SK30,0058128,0.1,100g,Duc de Coeur,1.71,,,17.1,20696610,Hrana,"1,71"
Ledena kava SK6,0058658,0.261,250ml,Milbona,1.19,,,4.76,4304493261877,Hrana,"1,09"
Extra hrskavi èips SK8,0059344,0.125,125g,Snack Day,1.39,,,11.12,20612009,Hrana,"1,39"
Higijenski sprej za ruke i površine,0060140,0.224,250ml,W5,1.85,,,7.4,4052917120377,Sredstva za èišæenje,"1,85"
Grèki zaèini SK5,0060253,0.041,"35g,40g,50g",Eridanous,0.79,,,19.75,20550080,Hrana,"0,79"
Grèki zaèini SK5,0060253,0.041,"35g,40g,50g",Eridanous,0.79,,,15.8,20550080,Hrana,"0,79"
Grèki zaèini SK5,0060253,0.041,"35g,40g,50g",Eridanous,0.79,,,19.75,20656454,Hrana,"0,79"
Grèki zaèini SK5,0060253,0.041,"35g,40g,50g",Eridanous,0.79,,,15.8,4056489644286,Hrana,"0,79"
Grèki zaèini SK5,0060253,0.041,"35g,40g,50g",Eridanous,0.79,,,22.57,4056489723639,Hrana,"0,79"
Grèki zaèini SK5,0060253,0.041,"35g,40g,50g",Eridanous,0.79,,,19.75,4056489723653,Hrana,"0,79"
Ledene praline SK2,0060312,0.07,10x10ml,Deluxe,1.35,,,13.5,20550387,Hrana,"1,59"
Majoneza Dijon 70%,0061246,0.494,500ml,Duc de Coeur,2.11,,,4.22,20183363,Hrana,Nije_bilo_u_prodaji_02.05.2025
Dezodorans SK21,0062781,0.117,200ml,Cien,1.29,,,6.45,20549176,Kozmetika,"1,29"
Dezodorans SK21,0062781,0.117,200ml,Cien,1.29,,,6.45,4056489525844,Kozmetika,"1,29"
Dezodorans SK21,0062781,0.117,200ml,Cien,1.29,,,6.45,4056489547143,Kozmetika,"1,29"
Dezodorans muški SK15,0062785,0.123,200ml,Cien MEN,1.29,,,6.45,20321062,Kozmetika,"1,29"
Dezodorans muški SK15,0062785,0.123,200ml,Cien MEN,1.29,,,6.45,4056489235996,Kozmetika,"1,29"
Tiramisu,0063494,0.5,500g,Deluxe,3.99,,,7.98,20337179,Hrana,"3,79"
Bifteki sort. SK1,0065011,0.75,750g,Eridanous,7.99,,,10.65,20330453,Hrana,"7,99"
Aluminijska folija,0065442,0.207,1komad,Grillmeister,3.79,,,3.79,4335619171558,Proizvodi za kuæanstvo,"3,79"
Müsli voæni SK1,0065568,1,1000g,Crownfield,3.29,,,3.29,20353889,Hrana,"3,49"
Salama sort. XXL SK1,0065617,0.24,240g,Dulano,2.49,,,10.38,20339562,Hrana,"2,49"
Dnevni gel za umiv. i piling SK13,0067420,0.154,200ml,Cien,1.85,,,9.25,20351519,Kozmetika,"1,39"
Rošilj kobasice SK7,0067627,0.25,250g,Grillmeister,2.59,,,10.36,4056489141747,Hrana,"2,59"
Bruschetta SK1,0068286,0.342,342g,Italiamo,3.99,,,11.67,20064181,Hrana,"3,99"
Pljeskavice XXL SK1,0068460,0.6,600g,Dulano,4.29,,,7.15,20339593,Hrana,"4,29"
Sjenilo za oèi SK3 ,0069833,0.003,1komad,Cien,1.85,,,1.85,20030773,Kozmetika,"1,85"
Èokoladne kuglice,0070046,0.2,200g,Favorina,2.8,,,14,20362485,Hrana,"1,99"
Sir za roštilj SK1,0070128,0.28,280g,Grillmeister,2.99,,,10.68,20364656,Hrana,"2,99"
Maramice za èišæenje XXL SK1,0070686,1.64,4x80komad,W5,5.89,,,0.02,4056489268420,Proizvodi za kuæanstvo,"5,89"
Ledena kava XXL SK1,0070916,0.399,380ml,Milbona,1.29,,,3.39,4304493261990,Hrana,"1,09"
Ledena kava XXL SK1,0070916,0.399,380ml,Milbona,1.29,,,3.39,4304493266407,Hrana,"1,09"
Mozart kugle tamna èokolada,0070923,0.2,200g,J.D. Gross,3.39,,,16.95,20369699,Hrana,"3,39"
Mlijeko za sunèanje ZF 30,0072126,0.258,250ml,Cien,4.25,,,17,20382933,Kozmetika,"4,25"
Prženi kikiriki u tijestu XXL SK2,0072757,0.25,250g,Alesto,1.59,,,6.36,20360832,Hrana,"1,59"
Crema kava u zrnu RFA,0072858,1,1000g,Bellarom,16.99,,,16.99,4056489576754,Piæe,"13,99"
Dimljeni losos XXL,0073887,0.22,220g,Nautica,5.69,,,25.86,4056489798859,Hrana,"6,69"
Slani pereci,0075027,0.25,250g,Snack Day,0.95,,,3.8,20399474,Hrana,"0,99"
Integralne tortilje 6x25cm,0077433,0.37,370g,Snack Day,1.49,,,4.03,20555313,Hrana,"1,25"
Tiramisu SK4,0077850,0.16,2x80g,Italiamo,1.59,,,9.94,20401764,Hrana,"1,59"
Puding SK1,0078048,0.2,200g,Pilos,0.75,,,3.75,20418397,Hrana,"0,75"
Kukuruz šeæerac,0079520,0.45,450g,Freshona,1.59,,,3.53,4056489962427,Hrana,"1,49"
TK Wok-Mix SK1,0079617,0.5,500g,Freshona,1.99,,,3.98,4056489599302,Hrana,"1,99"
Hamburger/Hot Dog peciva SK14,0079870,0.278,"250g,300g",Tastino,1.19,,,4.76,20006358,Hrana,"1,19"
Hamburger/Hot Dog peciva SK14,0079870,0.278,"250g,300g",Tastino,1.19,,,4.76,4056489846994,Hrana,"1,19"
Naranèa 2kg,0080142,2,2kg,,2.48,,,1.24,20201265,Hrana,"2,48"
Naranèa 2kg,0080142,2,2kg,,2.48,,,1.24,8437022068022,Hrana,"2,48"
Mrkva 1kg,0082761,1,1kg,,1.19,,,1.19,20342753,Hrana,"1,29"
Kukuruz 400g,0082864,0.4,400g,,1.99,,,1.99,8413567031042,Hrana,"1,99"
Brokula 500g,0082904,0.5,500g,,1.29,,,2.58,3858893060024,Hrana,"1,49"
Raštika,0082918,0.5,500g,,1.69,,,3.38,20279394,Hrana,"0,8"
Bukovaèa 250g,0082986,0.25,250g,,1.39,,,5.56,3859889614726,Hrana,"1,39"
Šampinjoni smeði 250g,0083006,0.25,250g,,1.29,,,5.16,20242183,Hrana,"1,29"
Shiitake,0083055,0.1,100g,,1.69,,,16.9,20305901,Hrana,"1,69"
Krumpir 10kg,0083229,10,10kg,,3.9,,,0.39,20344375,Hrana,"4,9"
Krumpir 10kg,0083229,10,10kg,,3.9,,,0.39,3859891443024,Hrana,"4,9"
"Luk srebrenac, slatki",0083375,1,1kg,,2.29,,,2.29,20554637,Hrana,Nije_bilo_u_prodaji_02.05.2025
Peršin list 50g,0083435,0.05,50g,,0.89,,,17.8,20942854,Hrana,"0,89"
Bio rajèica mini grappolo 400g,0084549,0.4,400g,,2.49,,,6.23,20387099,Hrana,"2,49"
Bio paprika rog crvena,0084602,0.18,180g,,1.99,,,11.06,20442828,Hrana,"1,99"
Bio zaèinsko bilje,0084647,0,1komad,,1.69,,,1.69,20486242,Hrana,"1,49"
"Voæni jogurt 2,8% m.m., SK1",0086882,0.15,150g,Pilos,0.37,,,2.47,20156220,Hrana,"0,37"
Sjajilo za obuæu SK3,0087031,0.075,1komad,W5,1.29,,,1.29,20439057,Sredstva za èišæenje,"1,29"
Sjajilo za obuæu SK3,0087031,0.075,1komad,W5,1.29,,,1.29,20491352,Sredstva za èišæenje,"1,29"
Jogurt Duo SK1,0087634,0.175,175g,Halloween,0.75,,,4.29,20441968,Hrana,"0,75"
Fini umaci za tjesteninu SK1,0088272,0.35,350g,Deluxe,1.89,,,5.4,20448714,Hrana,"1,69"
Šampon protiv prhuti SK10,0088436,0.3,300ml,Cien,1.29,,,4.3,4056489235767,Kozmetika,"1,29"
Šampon protiv prhuti SK10,0088436,0.3,300ml,Cien,1.29,,,4.3,4056489235781,Kozmetika,"1,29"
Šampon protiv prhuti SK10,0088436,0.3,300ml,Cien,1.29,,,4.3,4056489424178,Kozmetika,"1,29"
Tilsiter listiæi,0088534,0.15,150g,Milbona,2.09,,,13.93,20444044,Hrana,"1,99"
Rukavice za jednokratnu uporabu SK3,0089720,0.523,100komad,W5,5.99,,,0.06,20454142,Proizvodi za kuæanstvo,"5,99"
Tjestenina slova od durum pšenice,0090057,0.5,500g,Combino,1.29,,,2.58,20437602,Hrana,"1,29"
Gumeni bomboni u obliku srca,0090295,0.5,500g,Für Dich,3.99,,,7.98,20458386,Hrana,"3,09"
Tirolska šunka SK2,0090603,0.1,100g,Alpenfest,2.19,,,21.9,20253844,Hrana,"1,99"
Blazinice,0090903,0.087,70komad,Cien,0.95,,,0.01,20459482,Toaletne potrepštine,"0,95"
Panirano povræe SK1,0091923,0.5,500g,Freshona,2.99,,,5.98,4056489805311,Hrana,"2,99"
Gel za tuširanje 3u1 SK16,0091976,0.309,300ml,Cien,1.05,,,3.5,20460938,Kozmetika,"1,05"
Gel za tuširanje 3u1 SK16,0091976,0.309,300ml,Cien,1.05,,,3.5,4056489424215,Kozmetika,"1,05"
Krpe za domaæinstvo SK6,0092429,0.076,"5komad,6komad",W5,0.99,,,0.2,20462482,Proizvodi za kuæanstvo,"1,19"
Krpe za domaæinstvo SK6,0092429,0.076,"5komad,6komad",W5,0.99,,,0.2,4335619150393,Proizvodi za kuæanstvo,"1,19"
Krpe za domaæinstvo SK6,0092429,0.076,"5komad,6komad",W5,0.99,,,0.2,4335619150409,Proizvodi za kuæanstvo,"1,19"
Miješano povræe,0093184,0.75,750g,Freshona,2.29,,,3.05,20486099,Hrana,"1,59"
Bio raženi kruh SK1,0095047,0.5,500g,Tastino,1.19,,,2.38,20507350,Hrana,"1,49"
Zaèini za kavu SK3,0097017,0.09,90g,Deluxe,2.29,,,25.44,20515171,Hrana,"1,79"
Zaèinsko ulje SK7,0097277,0.12,125ml,Deluxe,2.39,,,19.12,4056489821946,Hrana,"2,39"
Zaèinska mješavina SK7,0097448,0.047,"40g,45g,50g,55g",Deluxe,2.29,,,57.25,20520144,Hrana,"1,79"
Zaèinska mješavina SK7,0097448,0.047,"40g,45g,50g,55g",Deluxe,2.29,,,45.8,20520144,Hrana,"1,79"
Zaèinska mješavina SK7,0097448,0.047,"40g,45g,50g,55g",Deluxe,2.29,,,57.25,20520151,Hrana,"1,79"
Zaèinska mješavina SK7,0097448,0.047,"40g,45g,50g,55g",Deluxe,2.29,,,41.64,20520168,Hrana,"1,79"
Trans. sprej za sunèanje ZF 30,0097729,0.224,250ml,Cien Sun,5.49,,,21.96,20546519,Kozmetika,"6,99"
Indijski orašèiæi SK12,0097783,0.15,150g,Alesto,2.99,,,19.93,4056489104230,Hrana,"1,99"
Indijski orašèiæi SK12,0097783,0.15,150g,Alesto,2.99,,,19.93,4335619202900,Hrana,"1,99"
Hrana za maèke premium SK16,0097851,1.2,12x100g,Coshida,,2.99,4.19,2.49,20665654,Proizvodi za kuæanstvo,"4,19"
Parmigiano Reggiano SK1,0098191,0.1,100g,Italiamo,2.39,,,23.9,20516901,Hrana,"2,29"
Svježe cijeðeni sok od jabuke,0099270,1.046,1l,Solevita,1.99,,,1.99,4304493261730,Hrana,"1,89"
o.b. Tamponi SK1,0099299,0.052,"54komad,64komad",,4.29,,,0.08,3574661128658,Toaletne potrepštine,"4,29"
o.b. Tamponi SK1,0099299,0.052,"54komad,64komad",,4.29,,,0.08,3574661301563,Toaletne potrepštine,"4,29"
o.b. Tamponi SK1,0099299,0.052,"54komad,64komad",,4.29,,,0.07,3574661301563,Toaletne potrepštine,"4,29"
o.b. Tamponi SK1,0099299,0.052,"54komad,64komad",,4.29,,,0.08,3574661322629,Toaletne potrepštine,"4,29"
o.b. Tamponi SK1,0099299,0.052,"54komad,64komad",,4.29,,,0.07,3574661322667,Toaletne potrepštine,"4,29"
Višekratna vreæica,0099430,0.175,1komad,-,1.19,,,1.19,4056489506997,Proizvodi za kuæanstvo,"1,19"
Kiseli krastavci narezani,0105014,0.67,720ml,MCENNEDY,1.49,,,3.73,4056489157045,Hrana,"1,49"
Kuhana šunka XXL,0105639,0.25,250g,Dulano,2.55,,,10.2,4056489604563,Hrana,"3,19"
BO Žemljica s orasima ,0106640,0.09,86g,,0.49,,,5.7,20603083,Hrana,"0,59"
Predjela na talijanski naèin SK16,0107005,0.288,"285g,300g",Italiamo,2.49,,,8.74,20488833,Hrana,Nije_bilo_u_prodaji_02.05.2025
Milkshake SK4,0108408,0.243,230ml,MCENNEDY,0.99,,,4.3,20573157,Hrana,"0,99"
Premium Sol u mlincu SK11,0108674,0.153,"180g,70g",Deluxe,3.59,,,19.94,4056489864448,Hrana,"3,89"
Maslac za usne SK10,0112665,0.008,"3,3ml",Cien,2.49,,,2.49,20009571,Kozmetika,"2,49"
Maslac za usne SK10,0112665,0.008,"3,3ml",Cien,2.49,,,2.49,20668921,Kozmetika,"2,49"
Maslac za usne SK10,0112665,0.008,"3,3ml",Cien,2.49,,,2.49,20955106,Kozmetika,"2,49"
Maslac za usne SK10,0112665,0.008,"3,3ml",Cien,2.49,,,2.49,20955113,Kozmetika,"2,49"
Hrskave žitne pahuljice,0112697,0.5,500g,Crownfield,2.69,,,5.38,20641627,Hrana,"2,69"
Duca di Sasseta Serp. Toscana Rosso,0112798,0.75,"0,75l",,5.31,,,7.08,8009307072378,Piæe,"5,31"
"MSC Riblji štapiæi, 18 komada",0112834,0.45,450g,Ocean Sea,2.99,,,6.64,20703431,Hrana,"2,99"
Monteravy Mlij.-lješnjak dessert,0113269,0.36,6x60g,Pilos,1.69,,,4.69,20622473,Hrana,"1,49"
MSC Tuna  Steak (Yellowfin),0115093,0.25,250g,Grillmeister,4.65,,,18.6,20692186,Hrana,"5,59"
ASC Dimljena pastrva SK1,0116232,0.125,125g,Nautica,3.59,,,28.72,4056489417927,Hrana,"2,99"
Amidala,0118806,0.15,150g,J.D. Gross,2.99,,,19.93,20707361,Hrana,"2,99"
Turska gotova jela SK6,0119102,0.461,"275g,540g",1001 delights,3.29,,,6.09,20793210,Hrana,"3,29"
Humus SK44,0119131,0.2,200g,Vitasia,1.09,,,5.45,4056489436676,Hrana,"1,39"
Bulgur Salata SK5,0119137,0.213,"200g,250g",Chef Select,1.89,,,9.45,20757830,Hrana,"1,79"
Bulgur Salata SK5,0119137,0.213,"200g,250g",Chef Select,1.89,,,9.45,20757861,Hrana,"1,79"
Bulgur Salata SK5,0119137,0.213,"200g,250g",Chef Select,1.89,,,7.56,20757861,Hrana,"1,79"
Bio kokosovo ulje,0119280,0.46,500ml,Vita D'or,3.69,,,7.38,4056489495604,Hrana,"4,99"
Zeleni èaj UTZ SK21,0119798,0.044,"25x1,75g",Lord Nelson,1.59,,,1.59,20097028,Piæe,"1,29"
Zeleni èaj UTZ SK21,0119798,0.044,"25x1,75g",Lord Nelson,1.59,,,1.59,4056489440215,Piæe,"1,29"
Pileæi medaljoni bez glutena,0119872,0.3,300g,Culinea,3.99,,,13.3,20763589,Hrana,"3,49"
Tekuæi jogurt  SK8,0122949,0.85,850g,Milbona,1.89,,,2.22,4304493270510,Hrana,"1,89"
Kokosovo mlijeko SK1,0124068,0.4,425ml,Freshona,1.59,,,3.74,20103644,Hrana,"1,59"
Mješavina za kolaèe bez glutena SK1,0124109,0.475,"420g,530g",Belbake,2.49,,,4.7,20817237,Hrana,"2,19"
Bio brašno od pira SK2,0124364,1,1kg,Belbake,2.19,,,2.19,20840075,Hrana,"2,19"
Orahnjaèa,0127582,0.3,295g,,2.19,,,7.42,20903497,Hrana,"2,19"
"ASC Velike bijele kozice, OM 450g",0127765,0.5,500g,Ocean Sea,7.99,,,17.76,4056489376101,Hrana,"9,42"
Krema za ruke Tradition SK5,0128286,0.03,30ml,Cien,1.29,,,1.29,4335619069312,Kozmetika,"1,29"
Glossy Gel Lak za nokte SK18,0128299,0.011,11ml,Cien Beauty,1.15,,,1.15,20979126,Kozmetika,"1,15"
Glossy Gel Lak za nokte SK18,0128299,0.011,11ml,Cien Beauty,1.15,,,1.15,4056489269830,Kozmetika,"1,15"
Glossy Gel Lak za nokte SK18,0128299,0.011,11ml,Cien Beauty,1.15,,,1.15,4056489751465,Kozmetika,"1,15"
Debreciner kobasice SK3,0128388,0.28,280g,Alpenfest,2.35,,,8.39,4056489864240,Hrana,"2,99"
"Mesne okruglice na grèki naèin, SK1",0128492,0.28,280g,Eridanous,2.39,,,8.54,20871772,Hrana,"2,39"
Bio integralni hrskavi kruh SK1,0128524,0.2,200g,Tastino,2.39,,,11.95,20918279,Hrana,"2,39"
Choco duo namaz XXL,0128542,1,1000g,Mister Choc,3.69,,,3.69,20918347,Hrana,"3,69"
Meki kravlji sir XXL,0128665,0.4,400g,Milbona,3.49,,,8.73,4056489737452,Hrana,"3,19"
Grandioso puding SK7,0128681,0.175,175g,Milbona,0.79,,,4.51,4056489656197,Hrana,"0,69"
Grandioso puding SK7,0128681,0.175,175g,Milbona,0.79,,,4.51,4056489665212,Hrana,"0,69"
Veganska pizza SK1,0129141,0.37,"350g,390g",Vemondo,1.99,,,5.69,20864842,Hrana,"1,59"
Veganska pizza SK1,0129141,0.37,"350g,390g",Vemondo,1.99,,,5.1,20936549,Hrana,"1,59"
"Bio kašica tjest., šunka i povræe",0131995,0.22,220g,Lupilu,1.09,,,4.95,20995911,Hrana,"1,09"
Sol za posipanje,0132497,10,10kg,,3.32,,,3.32,4001475452109,Proizvodi za kuæanstvo,"3,32"
"Svinjski kare, cca. 1100-1800g",0132526,1,ca.1100-1800g,,2.99,,,2.99,2865373000000,Hrana,"4,75"
"Svinjski kare, cca. 1100-1800g",0132526,1,ca.1100-1800g,,2.99,,,2.99,2865374000000,Hrana,"4,75"
"Svinjski kare, cca. 1100-1800g",0132526,1,ca.1100-1800g,,2.99,,,2.99,2865378000000,Hrana,"4,75"
"Svinjski kare, cca. 1100-1800g",0132526,1,ca.1100-1800g,,2.99,,,2.99,2865379000000,Hrana,"4,75"
"Svinjski vrat bk, cca.600-1600g",0132527,1,cca.600-1600g,,4.15,,,4.15,2865351000000,Hrana,Nije_bilo_u_prodaji_02.05.2025
"Svinjski vrat bk, cca.600-1600g",0132527,1,cca.600-1600g,,4.15,,,4.15,2865358000000,Hrana,Nije_bilo_u_prodaji_02.05.2025
"Svinjski vrat bk, cca.600-1600g",0132527,1,cca.600-1600g,,4.15,,,4.15,2865359000000,Hrana,Nije_bilo_u_prodaji_02.05.2025
Konac za zube SK15,0132609,0.028,1komad,Dentalux,1.85,,,1.85,20524913,Kozmetika,"1,85"
Kolutiæi od kozica Sweet-Chili umak,0132723,0.3,300g,Deluxe,5.69,,,18.97,40876085,Hrana,"5,39"
Hairvital Regenerator za kosu SK5,0133014,0.248,250ml,Cien,1.49,,,5.96,4056489152781,Kozmetika,"1,49"
Losion za bebe,0135360,0.491,500ml,Lupilu,2.65,,,5.3,4056489241867,Kozmetika,"2,65"
Punjeni voæni bomboni SK1,0135488,0.3,300g,Sweet Corner,,1.25,1.79,4.17,20669317,Hrana,"1,79"
Tablete za strojno pranje posuða,0135958,0.9,60x15g,W5,5.29,,,5.88,4056489570707,Sredstva za èišæenje,"5,29"
Tekuæi det. za pr. rublja SK1 27pr.,0136086,1.53,"1,485l",Formil,3.85,,,0.14,40893327,Sredstva za èišæenje,"3,85"
"Pinot Noir rosé 12,5%",0136438,0.75,"0,75l",,3.99,,,5.32,4056489972389,Piæe,"3,99"
Chardonnay Navarra,0136997,0.75,"0,75l",Mezquiriz,3.79,,,5.05,20089559,Piæe,"2,79"
Žvakaæe gume SK1,0137289,0.098,98g,Jetgum,1.49,,,15.2,20091859,Hrana,"1,49"
"Krpe za èišæenje 5 kom, 35x35 cm",0139643,0.172,5komad,W5 ,3.29,,,0.66,20196172,Proizvodi za kuæanstvo,"3,29"
Sok od koncentrata limuna 100% SK2 ,0139917,0.207,200ml,Solevita,0.55,,,2.75,4304493266292,Piæe,"0,69"
Gumeni medvjediæi,0140136,0.3,300g,Sweet Corner,1.79,,,5.97,20248864,Hrana,"1,79"
Tuna,0140702,0.39,2x195g,Nixe,4.19,,,10.74,20275457,Hrana,"3,39"
Èokoladne bubamare SK1,0141033,0.1,100g,Favorina,2.29,,,22.9,20304485,Hrana,"2,29"
Papirnate slamke,0141123,0.026,25komad,Grillmeister,0.59,,,0.02,4056489798149,Proizvodi za kuæanstvo,"0,59"
Pure Taste Suha hrana za maèke SK1 ,0141827,0.4,400g,Coshida Pure Taste,1.99,,,4.98,4056489017110,Proizvodi za kuæanstvo,"1,99"
Mlj. èok. s raznim punjenjem SK1,0144007,0.299,"295g,300g",Fin Carré,4.49,,,15.22,4056489030010,Hrana,"4,49"
Mlj. èok. s raznim punjenjem SK1,0144007,0.299,"295g,300g",Fin Carré,4.49,,,14.97,4056489030041,Hrana,"4,49"
Razlièiti deserti SK10,0144346,0.5,500g,Deluxe,3.79,,,7.58,4056489102670,Hrana,"3,79"
Nürnberška kobasica XXL,0144510,1,1000g,Dulano,8.59,,,8.59,4056489033127,Hrana,"8,59"
Kobasica,0144882,1.4,1400g,Alpenfest,8.79,,,6.28,4056489035329,Hrana,Nije_bilo_u_prodaji_02.05.2025
Södergarden miješani namaz,0145928,0.25,250g,Milbona,2.79,,,11.16,4056489096481,Hrana,"2,99"
Södergarden miješani namaz,0145928,0.25,250g,Milbona,2.79,,,11.16,4056489844419,Hrana,"2,99"
Way to go mlij. èok. 32% kar. i sol,0148380,0.18,180g,Fin Carré,3.99,,,22.17,4056489156208,Hrana,"3,49"
"Meksiko pivo 4,5%",0148467,0.332,"0,33l",Camaro,1.19,,,3.61,4304493264946,Piæe,"0,99"
Kokosovo brašno,0148486,0.25,250g,Belbake,2.49,,,9.96,4056489104254,Hrana,"1,19"
Toffee & Nuts,0148651,0.125,125g,Mister Choc,1.99,,,15.92,20243135,Hrana,"1,99"
Hrana za pse 400g SK8,0149298,0.4,400g,Orlando Pure Taste,1.55,,,3.88,4335619165601,Proizvodi za kuæanstvo,Nije_bilo_u_prodaji_02.05.2025
"Salama goveða, per., dimljena SK1",0149371,0.115,"100g,130g",Dulano,2.39,,,18.38,4056489182627,Hrana,"1,99"
Apotheker Alkoholna piæa 40% SK1,0149611,0.485,"0,5l",,6.29,,,12.58,4056489186762,Piæe,"6,29"
Apotheker Alkoholna piæa 40% SK1,0149611,0.485,"0,5l",,6.29,,,12.58,4304493267213,Piæe,"6,29"
Èokolada bez dodanog šeæera SK1,0149698,0.1,100g,Fin Carré,2.59,,,25.9,4056489189237,Hrana,"2,59"
Mini pizza SK1,0150165,0.222,"212g,232g",Trattoria Alfredo,2.69,,,1.16,4056489176411,Hrana,"2,49"
Amerièki desert SK1,0150211,0.165,"2x80g,2x85g",MCENNEDY,1.79,,,10.53,4056489201779,Hrana,"1,79"
"Orašasti plodovi, kandirani SK3",0150218,0.2,200g,Alpenfest,2.29,,,11.45,4056489201809,Hrana,"2,19"
Veg. pljeskav. za Burger,0150574,0.227,227g,Vemondo,2.99,,,13.17,4056489208136,Hrana,"2,99"
High protein jogurt SK4,0150828,0.2,200g,Milbona,0.99,,,4.95,4056489258377,Hrana,"0,99"
Protein Quark SK1,0150835,0.2,200g,Pilos,1.29,,,6.45,4056489216216,Hrana,"1,29"
Hrana za maèke,0154444,1.02,12x85g,Coshida,6.79,,,6.66,4056489275954,Proizvodi za kuæanstvo,"6,79"
Zaèini SK1,0154517,0.127,"100g,120g,140g,130g",Kania,1.69,,,12.07,4056489279419,Hrana,"1,69"
Zaèini SK1,0154517,0.127,"100g,120g,140g,130g",Kania,1.69,,,14.08,4056489279426,Hrana,"1,69"
Zaèini SK1,0154517,0.127,"100g,120g,140g,130g",Kania,1.69,,,16.9,4056489279433,Hrana,"1,69"
Zaèini SK1,0154517,0.127,"100g,120g,140g,130g",Kania,1.69,,,14.08,4056489279433,Hrana,"1,69"
Zaèini SK1,0154517,0.127,"100g,120g,140g,130g",Kania,1.69,,,12.07,4056489279433,Hrana,"1,69"
Zaèini SK1,0154517,0.127,"100g,120g,140g,130g",Kania,1.69,,,16.9,4056489279464,Hrana,"1,69"
Zaèini SK1,0154517,0.127,"100g,120g,140g,130g",Kania,1.69,,,12.07,4056489279464,Hrana,"1,69"
Cheesecake slana karamela,0154525,0.475,475g,MCENNEDY,3.19,,,6.72,4056489236269,Hrana,"3,19"
Vreæe za smeæe,0154982,0.32,40komad,Purio,1.29,,,0.03,4056489643708,Proizvodi za kuæanstvo,"1,29"
Maramice za skupljanje boje,0155675,0.034,24komad,Formil,2.19,,,0.09,4056489714460,Proizvodi za kuæanstvo,"2,19"
Barista Espresso zrno RFA,0155851,1,1kg,Bellarom,18.99,,,18.99,4056489817758,Piæe,"14,99"
Kuhano vino borovnica  9% vol.,0156226,1,1l,-,2.99,,,2.99,4046944084443,Piæe,"1,99"
Domino kocke,0156529,0.25,250g,Favorina,2.69,,,10.76,4056489320890,Hrana,"2,79"
Èips SK3,0156667,0.125,125g,Italiamo,1.49,,,11.92,4056489421252,Hrana,"1,2"
Sredstvo za èišæenje sa spužvom SK1,0156905,0.425,"300g,400g,500g",W5,2.39,,,0.6,4056489322849,Sredstva za èišæenje,"2,39"
Sredstvo za èišæenje sa spužvom SK1,0156905,0.425,"300g,400g,500g",W5,2.39,,,0.6,4056489322856,Sredstva za èišæenje,"2,39"
Cookie Dough SK3,0157167,0.06,60g,MCENNEDY,1.19,,,19.83,4056489406310,Hrana,"0,93"
WC Osvježivaè 2x48g SK10,0157484,0.096,2x48g,W5,1.55,,,16.15,4056489186847,Sredstva za èišæenje,"1,45"
Hrana za maèke SK1,0157510,0.07,70g,Coshida,1.19,,,17,4056489330394,Proizvodi za kuæanstvo,Nije_bilo_u_prodaji_02.05.2025
Hrana za pse SK1,0157519,0.415,415g,Orlando,0.99,,,2.39,4056489330455,Proizvodi za kuæanstvo,"0,99"
Deterdžent za pranje rublja SK1,0157797,5.4,5l,Formil,10.99,,,0.11,4056489336150,Sredstva za èišæenje,"8,59"
Božiæne šeæerne dekoracije SK5,0158076,0.01,10g,Belbake,4.99,,,499,4056489150442,Hrana,"4,99"
Božiæne šeæerne dekoracije SK5,0158076,0.01,10g,Belbake,4.99,,,499,4056489344933,Hrana,"4,99"
Nature Gel za tuširanje SK1,0158147,0.26,250ml,Cien Nature,1.79,,,7.16,4056489329732,Kozmetika,"1,79"
Nature Gel za tuširanje SK1,0158147,0.26,250ml,Cien Nature,1.79,,,7.16,4056489672593,Kozmetika,"1,79"
Tjestenina SK1,0162218,0.5,500g,Deluxe,2.69,,,5.38,4056489291862,Hrana,"2,69"
Spužvice,0163079,0.075,30komad,W5,1.99,,,0.07,4056489443582,Proizvodi za kuæanstvo,"1,99"
Jednokratna britvica,0163333,0.057,10komad,Cien MEN,1.59,,,0.16,4056489450207,Kozmetika,"1,59"
TK Falafel SK1 ,0163501,0.3,300g,Vemondo,2.59,,,8.63,4056489451754,Hrana,"2,59"
Grèki namaz SK1,0163776,0.125,125g,Eridanous,1.99,,,15.92,4056489453055,Hrana,"1,99"
Kompletna hrana za maèke SK20,0164210,0.415,415g,Coshida,0.89,,,2.14,20103156,Proizvodi za kuæanstvo,"0,89"
Soja jogurt SK5,0165197,0.5,500g,Vemondo,1.99,,,3.98,4056489466628,Hrana,Nije_bilo_u_prodaji_02.05.2025
Šunka s medom ili hrenom SK4,5007111,0.15,150g,Deluxe,2.05,,,13.67,4056489246374,Hrana,"2,09"
Knedle sa sviježim sirom SK1,5008681,0.41,410g,Alpenfest,2.79,,,6.8,4056489117667,Hrana,"2,79"
Bio Kefir,5009325,0.5,500g,Milbona,1.29,,,2.58,4056489861553,Hrana,"1,29"
L.Casei Active Drink SK1,5010625,0.4,4x100g,Milbona,1.35,,,3.38,4056489630937,Hrana,"1,35"
Senf Estragon,5010805,0.33,330g,Kania,1.49,,,4.52,4056489810124,Hrana,"1,49"
High Protein kefir s voæem SK1,5011912,0.35,350g,Milbona,1.69,,,4.83,4335619038387,Hrana,"1,59"
"Kefir 1,5% masti s voænim sokom SK1",5011937,0.6,6x100g,Milbona,1.99,,,3.32,4335619038073,Hrana,"1,99"
Kobasice SK1,5012498,0.18,180g,Deluxe,2.29,,,12.72,4335619223486,Hrana,"2,47"
Fondue sir,5104979,0.4,400g,Let's have a party!,3.19,,,7.98,4056489078173,Hrana,"2,45"
Proteinski sir mozzarella SK1,5110136,0.215,"280g,150g",Milbona,2.49,,,16.6,4056489778998,Hrana,"2,29"
Sir Cheddar Mature XXL,5200583,1,1000g,Milbona,11.99,,,11.99,20447052,Hrana,"11,99"
Sirevi SK1,5200709,0.14,140g,Hatherwood,2.99,,,21.36,4056489335825,Hrana,"2,99"
Stilton sir s plijesni,5200759,0.22,220g,Hatherwood,2.85,,,12.95,20377373,Hrana,"2,85"
Carski sir u listiæima SK1,5502819,0.15,150g,Pilos,1.79,,,11.93,20265779,Hrana,"1,79"
Topljeni sir rolice SK1,5503088,0.1,100g,Pilos,0.79,,,7.9,20394158,Hrana,"0,79"
"Keksi za doruèak SK2, RFA",5503313,0.3,300g,Tastino,2.19,,,7.3,20690281,Hrana,"2,19"
"Keksi za doruèak SK2, RFA",5503313,0.3,300g,Tastino,2.19,,,7.3,4056489119388,Hrana,"2,19"
Mini salame XXL SK1,5505447,0.15,150g,Pikok,1.69,,,11.27,20762674,Hrana,"1,69"
Mini salame XXL SK1,5505447,0.15,150g,Pikok,1.69,,,11.27,20762704,Hrana,"1,69"
Energy drink SK6,5506805,0.26,"0,25l",Kong Strong,0.69,,,2.76,4304493258068,Piæe,"0,69"
Energy drink SK6,5506805,0.26,"0,25l",Kong Strong,0.69,,,2.76,4304493258082,Piæe,"0,69"
Osvježivaè zraka SK4,5507867,0.425,425g,W5,1.69,,,3.98,20931582,Sredstva za èišæenje,"1,69"
Osvježivaè zraka SK4,5507867,0.425,425g,W5,1.69,,,3.98,4335619188969,Sredstva za èišæenje,"1,69"
Osvježivaè zraka SK4,5507867,0.425,425g,W5,1.69,,,3.98,4335619188976,Sredstva za èišæenje,"1,69"
Osvježivaè zraka SK2,5513706,0.075,75ml,W5,3.58,,,47.73,20012601,Sredstva za èišæenje,Nije_bilo_u_prodaji_02.05.2025
Tekuæi sapun SK1,5514501,1.05,1l,Cien,1.59,,,1.59,4056489622543,Kozmetika,"1,59"
Uskršnja jaja u velikoj limenci,5515288,0.1,100g,Favorina,4.99,,,49.9,4056489120568,Hrana,"4,99"
Pašteta SK3,5516355,0.13,130g,Baroni,0.59,,,4.54,20063849,Hrana,"0,59"
"Šam., gel i kupka 3u1 SK6",5516395,0.515,500ml,Cien,1.69,,,3.38,20014322,Kozmetika,"1,69"
"Šam., gel i kupka 3u1 SK6",5516395,0.515,500ml,Cien,1.69,,,3.38,20014339,Kozmetika,"1,69"
Vlažne maramice za èišæenje SK3,5516867,0.439,"50komad,60komad",W5,1.59,,,0.03,20063306,Proizvodi za kuæanstvo,"1,49"
Vlažne maramice za èišæenje SK3,5516867,0.439,"50komad,60komad",W5,1.59,,,0.03,4056489261278,Proizvodi za kuæanstvo,"1,49"
Vlažne maramice za èišæenje SK3,5516867,0.439,"50komad,60komad",W5,1.59,,,0.03,4056489261292,Proizvodi za kuæanstvo,"1,49"
Kobasica za pse SK5,5517676,1,1000g,Orlando,1.79,,,1.79,20146481,Proizvodi za kuæanstvo,"1,49"
"Lak za nokte ""Valentinovo"" SK2",5518746,0.009,8ml,Cien,0.99,,,0.99,5901801641490,Kozmetika,"0,89"
"Lak za nokte ""Valentinovo"" SK2",5518746,0.009,8ml,Cien,0.99,,,0.99,5901801641605,Kozmetika,"0,89"
"Lak za nokte ""Valentinovo"" SK2",5518746,0.009,8ml,Cien,0.99,,,0.99,5901801652472,Kozmetika,"0,89"
"Lak za nokte ""Valentinovo"" SK2",5518746,0.009,8ml,Cien,0.99,,,0.99,5901801652540,Kozmetika,"0,89"
Mirisne luèice SK7 ,5519199,0.214,18komad,-,1.59,,,0.09,4056489535980,Proizvodi za kuæanstvo,"1,59"
Mirisne luèice SK7 ,5519199,0.214,18komad,-,1.59,,,0.09,4056489662129,Proizvodi za kuæanstvo,"1,59"
Mirisne luèice SK7 ,5519199,0.214,18komad,-,1.59,,,0.09,4335619141353,Proizvodi za kuæanstvo,"1,59"
Radler Limun Vol. 0%,5519353,0.5,"0,5l",Argus,0.79,,,1.58,4335619260832,Piæe,"0,75"
"Vreæe za smeæe s vezicom, 35L",5520164,0.152,15komad,Purio,0.89,,,0.06,20142988,Proizvodi za kuæanstvo,"0,89"
Sapun iz Provanse SK10,5603194,0.1,100g,Duc de Coeur,0.79,,,7.9,3511720115143,Kozmetika,"0,79"
Sapun iz Provanse SK10,5603194,0.1,100g,Duc de Coeur,0.79,,,7.9,4056489566281,Kozmetika,"0,79"
Sapun iz Provanse SK10,5603194,0.1,100g,Duc de Coeur,0.79,,,7.9,4056489762027,Kozmetika,"0,79"
Premium kandirani kesteni,5605043,0.18,180g,Deluxe,7.89,,,43.83,20840297,Hrana,"7,89"
Pita s lososom,5615915,0.4,400g,Duc de Coeur,2.69,,,6.73,20291020,Hrana,"2,69"
Ulje za tijelo i kosu SK1,5616512,0.045,50ml,Cien,4.99,,,99.8,4335619177369,Kozmetika,Nije_bilo_u_prodaji_02.05.2025
Rosette salama,5618643,0.15,150g,Duc de Coeur,1.99,,,13.27,4056489841968,Hrana,"1,99"
Madeleines kolaèiæi ,5619297,0.25,250g,Duc de Coeur,2.49,,,9.96,20396121,Hrana,"2,29"
Senf s medom,5620366,0.2,200g,Duc de Coeur,2.45,,,12.25,4335619017924,Hrana,Nije_bilo_u_prodaji_02.05.2025
Macarons SK2,5621896,0.154,154g,Duc de Coeur,3.7,,,24.03,4335619177321,Hrana,Nije_bilo_u_prodaji_02.05.2025
Krem jogurt SK6,5700343,0.135,135g,Sol&Mar,0.99,,,7.33,20705497,Hrana,"0,99"
Umak od gljiva sort. SK2,5709321,0.19,212ml,Deluxe,2.49,,,11.75,4056489121763,Hrana,"2,49"
Èaj u limenci SK5,5709383,0.05,50g,Deluxe,2.95,,,59,4056489122494,Piæe,"2,95"
Orašasti plodovi s mlij. èok. SK3,5713594,0.175,175g,Deluxe,4.49,,,25.66,4335619026971,Hrana,"2,89"
Parfem Elegance,5715016,0.085,100ml,Suddenly,5.99,,,59.9,4056489575344,Kozmetika,"5,99"
Mirisni štapiæi za prostor SK11,5717281,0.046,50ml,W5,1.69,,,33.8,4056489690276,Sredstva za èišæenje,"1,69"
Pistacije s èokoladom SK2,5718988,0.15,150g,Italiamo,3.29,,,21.93,4056489510680,Hrana,"3,79"
Proteinski smoothie SK3,5719617,0.35,330ml,Solevita,2.19,,,6.64,4335619208940,Hrana,Nije_bilo_u_prodaji_02.05.2025
Fuet SK1,5719775,0.15,150g,Deluxe,2.15,,,14.33,4335619074484,Hrana,"2,15"
Izbor ovèjih sireva,5719956,0.225,225g,Deluxe,6.69,,,29.73,4335619075726,Hrana,"7,19"
Premium gyoza SK 3,5719960,0.162,"170g,154g",Deluxe,3.39,,,22.01,4056489873129,Hrana,Nije_bilo_u_prodaji_02.05.2025
Serum za kosu,5720595,0.1,100ml,Cien,3.49,,,34.9,4335619108004,Kozmetika,"3,49"
Èoko-novèiæi (Božiæni),6008589,0.15,150g,Favorina,1.39,,,9.27,20084349,Hrana,"1,89"
Mascarpone 41% m.m.,6009177,0.25,250g,Milbona,2.49,,,9.96,4056489098591,Hrana,"2,39"
Marinirani fileti inæuna SK5,6009532,0.2,200g,Deluxe,2.79,,,13.95,20051525,Hrana,"2,79"
Min. voda negazirana - Sportski èep,6010820,0.75,"0,75l",Saguaro,0.75,,,1,4056489229674,Piæe,"0,65"
Bio napitak od badema bez šeæera,6011335,1.01,1l,Vemondo,1.39,,,1.39,4056489346357,Hrana,"1,39"
Šarena tjestenina s bož. motivima,6011540,0.5,500g,Combino,,1.25,1.59,2.5,4056489346258,Hrana,"1,19"
Fior di Cacao e Panna,6011969,0.35,350g,Italiamo,1.99,,,5.69,4056489347668,Hrana,"1,99"
Burrata sa gorgonzolom,6013259,0.1,100g,Deluxe,1.99,,,19.9,4056489523116,Hrana,"1,99"
Mini ravioli SK1,6013309,0.25,250g,Deluxe,1.69,,,6.76,4056489347194,Hrana,"1,69"
Majoneza s tartufom,6013364,0.18,180g,Deluxe,1.75,,,9.72,4056489523413,Hrana,"2,19"
Svježa tjestenina SK61,6013609,0.25,250g,Italiamo,1.79,,,7.16,20849863,Hrana,"1,79"
Dimljeni losos s pistacijom,6013670,0.1,100g,Deluxe,4.99,,,49.9,4056489524229,Hrana,"5,49"
Dim Sum SK1,6014262,0.2,200g,Vitasia,1.99,,,9.95,4056489631491,Hrana,"1,68"
Napitak na bazi zobi s kakaom,6014407,0.624,3x200ml,Vemondo,1.49,,,2.48,4056489632238,Hrana,Nije_bilo_u_prodaji_02.05.2025
Sendviè šunka-piletina i majon. SK4,6015030,0.14,140g,Chef Select,1.69,,,12.07,20162917,Hrana,Nije_bilo_u_prodaji_02.05.2025
Sendviè šunka-piletina i majon. SK4,6015030,0.14,140g,Chef Select,1.69,,,12.07,4056489163237,Hrana,Nije_bilo_u_prodaji_02.05.2025
Profiteroli s pistacijama,6015074,0.5,500g,Deluxe,5.99,,,11.98,4056489720744,Hrana,"5,99"
Tjestenina SK5,6016823,0.5,500g,Italiamo,1.19,,,2.38,20002510,Hrana,"1,99"
Ricotta high protein,6016871,0.25,250g,Milbona,1.39,,,5.56,4335619023390,Hrana,"1,79"
Svježa punjena tjesteina SK73,6017655,0.25,250g,Deluxe,1.69,,,6.76,4056489891314,Hrana,"1,69"
Girasoli s burratom,6018292,0.2,200g,Deluxe,2.14,,,10.7,4335619144613,Hrana,Nije_bilo_u_prodaji_02.05.2025
Motana pita s feta sirom,6200002,1,1000g,Eridanous,4.29,,,4.29,20095277,Hrana,"3,99"
Jastuèiæi punjeni s kobasicom,6200012,1,1000g,Chef Select,4.49,,,4.49,20107185,Hrana,"4,49"
Kokice s okusom maslaca,6402919,0.3,3x100g,Snack Day,1.39,,,4.63,20754747,Hrana,"1,39"
Goldenfood Sv. patka s iznutricama,6404499,1,ca.3 kg,,4.49,,,4.49,2838521000000,Hrana,"2,95"
Goldenfood Sv. patka s iznutricama,6404499,1,ca.3 kg,,4.49,,,4.49,2838523000000,Hrana,"2,95"
Goldenfood Sv. patka s iznutricama,6404499,1,ca.3 kg,,4.49,,,4.49,2838524000000,Hrana,"2,95"
Goldenfood Sv. patka s iznutricama,6404499,1,ca.3 kg,,4.49,,,4.49,2838527000000,Hrana,"2,95"
"Svježi pureæi file, 850g",6406797,0.85,850g,-,8.99,,,10.58,5995885819586,Hrana,"8,99"
"Pureæi batak, cca. 750g",6406798,1,ca. 750g,-,4.19,,,4.19,2877770000000,Hrana,"3,99"
"Pivska šunka, narezana",6700605,0.1,100g,Pikok,0.89,,,8.9,20493257,Hrana,"0,79"
Voda s okusom limuna sa šeæerom,6701133,0.5,"0,5l",Saguaro,0.69,,,1.38,4304493258877,Piæe,"0,55"
Zobena kaša SK14,6701260,0.065,65g,Crownfield,0.49,,,7.54,4056489064497,Hrana,"0,45"
Mesna rolada XXL SK1,6701633,0.625,625g,Pikok,1.99,,,3.18,20493660,Hrana,"1,99"
Šunka SK1,6701933,0.3,300g,Pikok,2.69,,,8.97,20671518,Hrana,"2,69"
Dragee's SK9,6703020,0.016,16g,Amanie,0.39,,,0.39,20378578,Hrana,"0,39"
Namaz SK12,6704770,0.135,135g,Chef Select,1.49,,,11.04,20838935,Hrana,"1,49"
Paèja pašteta SK2,6711705,0.18,2x90g,Deluxe,2.55,,,14.17,4056489413530,Hrana,"2,06"
Ploèice s orašastim plodovima,6714525,0.035,35g,Crownfield,0.32,,,0.32,4056489582267,Hrana,"0,49"
Èips slani,6714924,0.15,150g,Snack Day,1.15,,,7.67,4056489911364,Hrana,"1,15"
Mini salama SK1,6715688,0.06,60g,Deluxe,1.19,,,19.83,4056489726012,Hrana,Nije_bilo_u_prodaji_02.05.2025
Sredstvo za èišæenje WC-a SK1,6716078,1.057,1l,W5,1.45,,,1.45,4056489909484,Sredstva za èišæenje,"1,45"
Arome za kolaèe SK6,6800344,0.03,30ml,Belbake,0.99,,,33,20468071,Hrana,Nije_bilo_u_prodaji_02.05.2025
Aloe Vera SK1,6809192,0.5,"0,5l",Solevita,1.29,,,2.58,4056489645979,Piæe,"1,49"
Pivac Svinjska crijeva,6900573,0.135,10m,,1.59,,,1.59,3858884993874,Hrana,"1,65"
Pivac Svinjska crijeva,6900573,0.135,10m,,1.59,,,1.59,3858884995052,Hrana,"1,65"
Buðola,6900635,1,ca. 600g,Okusi zavièaja,19.69,,,19.69,2803028000000,Hrana,"19,69"
Dolcela Puding SK1,6900762,0.156,"4x37g,4x45g",,2.09,,,14.12,3850104238307,Hrana,"2,09"
Dolcela Puding SK1,6900762,0.156,"4x37g,4x45g",,2.09,,,14.12,3850104244100,Hrana,"2,09"
Dolcela Puding SK1,6900762,0.156,"4x37g,4x45g",,2.09,,,11.61,3850104276507,Hrana,"2,09"
Fant Fix Gulaš i Paprikaš umak,6900770,0.065,65g,,1.39,,,21.38,3850104075537,Hrana,"1,39"
Baby vlažne maramice SK2,6900999,0.12,20komad,Lupilu,0.39,,,0.02,20660444,Toaletne potrepštine,"0,59"
Èips paprika,6901417,0.25,250g,Snack Day,1.69,,,6.76,20662127,Hrana,"1,59"
Vrhnje za kuhanje 20% m.m.,6901478,0.5,500ml,Pilos,2.29,,,4.58,20778712,Hrana,2.29
"Staropramen Svij. pivo 5%, 4x0,5l",6901538,2,"4x0,5l",,5.79,,,2.9,3850131004784,Piæe,"5,61"
Svježi posni sir XXL,6901554,1,1kg,Okusi zavièaja,2.69,,,2.69,20778996,Hrana,"2,69"
Bruschette Maretti s povræem,6901568,0.15,150g,,1.25,,,8.33,3800205877929,Hrana,"1,59"
Štrudla SK2,6901597,0.252,252g,Tastino,1.09,,,4.33,20661762,Hrana,"1,09"
Štrudla SK2,6901597,0.252,252g,Tastino,1.09,,,4.33,20661779,Hrana,"1,09"
Iuris Traminac i Graševina,6901614,0.753,"0,75l",,5.99,,,7.99,3859891102020,Piæe,"5,99"
Èešnjovka/Dalmatinska kob. XXL SK1,6901672,0.4,400g,Okusi zavièaja,5.49,,,13.73,20779030,Hrana,"5,49"
BO Kruh sa chia sjemenkama,6901799,0.32,320g,,1.29,,,4.03,3859893136641,Hrana,"1,29"
BO Beskvasni kruh SUS,6901825,0.4,400g,,1.39,,,3.48,3859888751668,Hrana,1.39
BO Beskvasni kruh SUS,6901825,0.4,400g,,1.39,,,3.48,3859890733928,Hrana,1.39
Kinder Surprise 3x20g,6901863,0.06,3x20g,,3.69,,,61.5,5905408021013,Hrana,"3,49"
Pileæa/pureæa hrenovka XXL,6901896,1.25,1250g,Pikok,2.69,,,2.15,20662295,Hrana,"2,69"
Èunga lunga žvakaæe gume Mega,6901905,0.015,15g,,0.39,,,0.39,5310089001405,Hrana,"0,39"
Èunga lunga žvakaæe gume Mega,6901905,0.015,15g,,0.39,,,0.39,5310089001436,Hrana,"0,39"
Svježi domaæi kolaèi XXL,6901925,0.82,820g,Okusi zavièaja,5.99,,,7.3,20780371,Hrana,"5,99"
BO Punozrnati kruh,6901942,0.6,600g,,1.79,,,2.98,3859889133289,Hrana,"1,79"
BO Punozrnati kruh,6901942,0.6,600g,,1.79,,,2.98,3859893136559,Hrana,"1,79"
"Franck Kava Jubilarna, mlj. 175g",6901971,0.175,175g,,4.39,,,25.09,3858881085589,Piæe,"4,39"
"Rosal Lip Balm SK1, 4,8g",6902002,0.005,"4,8g",,0.99,,,0.99,3856007908576,Kozmetika,"0,99"
Dukat President Zagrebaèki sir,6902222,0.375,375g,,2.39,,,6.37,3850355002498,Hrana,"1,89"
Frozy Krakovi za peku i salatu,6902233,1,1kg,,9.99,,,10.52,3858891040073,Hrana,"6,99"
"ABC Svježi krem sir Classic, 100g",6902236,0.1,100g,,1.25,,,12.5,3859888858008,Hrana,"1,25"
Zvijezda Ketchup blagi,6902238,0.5,500g,,1.99,,,3.98,3858882210874,Hrana,"1,99"
Barkleys Classic SK10,6902264,0.05,50g,,2.39,,,47.8,8717438743233,Hrana,"2,39"
Dukat b.Aktiv LGG Smoothie SK1,6902278,0.33,330g,,1.99,,,6.03,3850354015925,Hrana,"1,82"
"Mlada teletina za peèenje, cca. 2kg",6902353,1,cca. 2kg,Naša mesnica,,8.89,10.99,8.89,2894696000000,Hrana,"9,99"
"Mlada teletina za peèenje, cca. 2kg",6902353,1,cca. 2kg,Naša mesnica,,8.89,10.99,8.89,2894697000000,Hrana,"9,99"
"Barcaffe mljevena kava, 400g",6902430,0.4,400g,,8.99,,,22.48,3838471041324,Piæe,"7,99"
Torterie Macaron Cheesecake,6902450,0.22,220g,,3.29,,,14.95,3857500062819,Hrana,"3,29"
Drniške del. Maran Panceta,6902479,1,cca. 400g,,18.59,,,18.59,2140904000008,Hrana,"18,59"
Drniške del. Maran Peèenica,6902480,1,cca. 400g,,20.99,,,20.99,2800008000000,Hrana,"20,99"
"Jana Negazirana mineral. voda, 0,5l",6902577,0.5,"0,5l",,0.85,,,1.7,3858884600062,Piæe,"0,85"
Jana Ledeni èaj šumsko voæe,6902583,0.5,"0,5l",,1.19,,,2.38,3858884601731,Piæe,"1,19"
"Kinder Surprise, sezona",6902676,0.02,20g,,1.49,,,1.49,80050117,Hrana,"1,19"
Libresse Maxi Night wing hig.ulošci,6902680,0.11,10komad,,1.99,,,0.2,7310790088403,Toaletne potrepštine,"1,99"
Teleæi odresci iz buta,6902690,0.45,450g,Naša mesnica,9.99,,,22.2,40894416,Hrana,"8,99"
T. Macaron Cheesecake Borovnica,6902737,0.29,220g,,3.99,,,13.76,3859894320261,Hrana,"2,55"
BO Somun,6902753,0.2,200g,,0.59,,,2.95,3859892480820,Hrana,"0,58"
Ekos Voæni kolaè,6902764,0.36,360g,,3.99,,,11.08,3858889615771,Hrana,"3,99"
"Ravni kulen, narezak",6902772,0.1,100g,Okusi zavièaja,1.99,,,19.9,20781286,Hrana,"1,99"
Pik Kuhana šunka 350g,6902836,0.35,350g,,3.49,,,9.97,3850139350241,Hrana,"3,49"
"Svinjska rebra marinirana, ca. 500g",6902856,1,ca. 500g,Naša mesnica,6.59,,,6.59,2113801000000,Hrana,"6,59"
Èips rebras. s okusom vrhnja i sira,6902866,0.15,150g,Snack Day,1.15,,,7.67,40894904,Hrana,"1,15"
"PIK Mortadela, narezana, 150g",6902887,0.15,150g,,2.69,,,17.93,3850139171044,Hrana,"2,69"
Podravka Pašteta kokošja,6902939,0.095,95g,,0.89,,,9.37,3858886469377,Hrana,"0,89"
BO Kukuruzni miješani mini-baguette,6902957,0.11,110g,,0.39,,,3.55,3859890733294,Hrana,0.39
Champ. Edition Planinski sir nar.,6902961,0.3,300g,Milbona,4.49,,,14.97,40894461,Hrana,"4,49"
Grèki voæni jogurt SK3,6902972,0.15,150g,Pilos,0.75,,,5,40894324,Hrana,"0,75"
"Tanqueray Dry Gin 43,1%",6902984,0.7,"0,7l",,24.49,,,34.99,5000281015248,Piæe,"22,49"
"Goveði biftek, cca. 2kg",6903089,1,ca. 2kg,Naša mesnica,,24.99,28.99,24.99,2895514000000,Hrana,"28,99"
"Kinder èokoladna figura, 3x15g",6903091,0.045,45g,,1.39,,,1.39,4008400511528,Hrana,"1,59"
"Kinder Surprise, maxi",6903092,0.1,100g,,3.99,,,39.9,4008400230726,Hrana,"3,75"
"Teleæi vrat s kosti, cca. 1kg",6903098,1,ca. 1kg,Naša mesnica,,8.89,10.99,8.89,2869020000000,Hrana,"4,78"
"Teleæi vrat s kosti, cca. 1kg",6903098,1,ca. 1kg,Naša mesnica,,8.89,10.99,8.89,2869024000000,Hrana,"4,78"
Badel Pelinkovac 31%,6903101,1,1000ml,,15.99,,,15.99,3850112110039,Piæe,"16,02"
"Pik Šunka u ovitku, 350g",6903118,0.35,350g,,3.49,,,9.97,3850139173550,Hrana,"3,49"
Tartufata SK1,6903162,0.09,90g,Deluxe,7.99,,,88.78,40894485,Hrana,"7,79"
Hidra Izotonièno piæe limun,6903236,0.5,"0,5l",,1.29,,,2.58,3850131005118,Piæe,"1,19"
Koko Meso mlade kokoši,6903247,1,"ca. 1,1kg",,2.19,,,2.19,2819430000000,Hrana,"2,19"
"Jelenko Kiseli kupus, glavica",6903254,1,"cca.1,6-2,3 kg",,1.99,,,1.99,2143900000003,Hrana,"1,99"
"Jelenko Kiseli kupus, glavica",6903254,1,"cca.1,6-2,3 kg",,1.99,,,1.99,3857500063816,Hrana,"1,99"
Vegeta Univerzalni zaè. 250g + 20%g,6903280,0.3,300g,,2.19,,,7.3,3850104216466,Hrana,"2,19"
"Le Coq Cocktail Cosmopolitan, 4,7%",6903701,0.33,"0,33l",,1.19,,,3.61,4740098082620,Piæe,"1,52"
"Le Coq Cocktail Margarita, 4,7%",6903702,0.33,"0,33l",,1.19,,,3.61,4740098082644,Piæe,"1,52"
"Le Coq Cocktail Margarita, 4,7%",6903702,0.33,"0,33l",,1.19,,,3.61,4740098090632,Piæe,"1,52"
Grah pinto,6903848,1,25kg,,1.39,,,1.39,3859893124860,Hrana,"1,49"
Podravka Èaj od ðumbira s limunom,6904131,0.04,40g,,1.99,,,1.99,3856020205331,Piæe,"1,59"
Pan Zlatni svijetlo pivo 5%,6904158,3,"6x0,5l",,7.47,,,2.49,3858887583454,Piæe,"7,47"
Ukrasna vreæica 32x26x12cm,6904180,0.1,1komad,,1.49,,,1.49,3856023014213,Proizvodi za kuæanstvo,"1,45"
Ukrasna vreæica 32x26x12cm,6904180,0.1,1komad,,1.49,,,1.49,3856023020672,Proizvodi za kuæanstvo,"1,45"
Ukrasna vreæica 32x26x12cm,6904180,0.1,1komad,,1.49,,,1.49,3856023020931,Proizvodi za kuæanstvo,"1,45"
Ukrasna vreæica 32x26x12cm,6904180,0.1,1komad,,1.49,,,1.49,3856023028920,Proizvodi za kuæanstvo,"1,45"
Ukrasna vreæica 32x26x12cm,6904180,0.1,1komad,,1.49,,,1.49,3856023029019,Proizvodi za kuæanstvo,"1,45"
Ukrasna vreæica 32x26x12cm,6904180,0.1,1komad,,1.49,,,1.49,3856023029439,Proizvodi za kuæanstvo,"1,45"
Ukrasna vreæica 32x26x12cm,6904180,0.1,1komad,,1.49,,,1.49,3856023055889,Proizvodi za kuæanstvo,"1,45"
Ukrasna vreæica 32x26x12cm,6904180,0.1,1komad,,1.49,,,1.49,3856023055896,Proizvodi za kuæanstvo,"1,45"
Jägermeister Biljni liker 35%+2èaše,6904197,0.7,"0,7l",,14.99,,,21.41,3859890211136,Piæe,"13,99"
"Rolana šunka b.k., cca.1,5kg",6904221,1,"cca.1,5kg",Okusi zavièaja,5.85,,,5.85,2851510000000,Hrana,"6,09"
"Merlot, crno vino ZOI",6904249,1,1l,Winemakers of Croatia,4.99,,,4.99,4304493258983,Piæe,"4,99"
Bruschette Maretti luk i vrhnje,6904250,0.15,150g,,1.25,,,8.33,3800205877936,Hrana,"1,25"
"Orah jezgra, 500g",6904472,0.5,500g,,4.89,,,9.78,3859893512643,Hrana,"4,89"
Higijenske maramice za èišæenje SK1,6904511,0.455,2x80komad,W5,1.99,,,0.01,4056489317494,Proizvodi za kuæanstvo,"1,89"
Higijenske maramice za èišæenje SK1,6904511,0.455,2x80komad,W5,1.99,,,0.01,4056489317555,Proizvodi za kuæanstvo,"1,89"
Vindi Juice rajèica 100% ,6904571,1,1000ml,,1.59,,,1.59,3850108037494,Piæe,"1,59"
V Guard Dezinf. sprej za djecu,6904583,0.093,100ml,,1.99,,,19.9,3858891052052,Kozmetika,"1,99"
Multivita Kalcij plus šumeæe tab.,6904609,0.08,80g,,1.45,,,18.13,3858881249288,Hrana,"2,19"
"Gouda, polutvrdi sir",6904985,1,1kg,,4.29,,,4.29,3859894087089,Hrana,"5,99"
Chuck Eye Steak,6904986,0.235,235g,Naša mesnica,5.89,,,25.06,4056489316428,Hrana,"5,49"
L'Oreal Age Spec. krema p. bora SK1,6905434,0.05,50ml,,7.43,,,148.6,3600523408979,Kozmetika,"7,43"
Plemiæki sir SK3,6905441,0.2,200g,,2.59,,,12.95,3859889770439,Hrana,"2,59"
Frozy Rib. fileti u umaku brok. sir,6905452,0.38,380g,,1.49,,,3.92,3858891044156,Hrana,"1,49"
Èarli Deterdžent za posuðe Classic,6905522,1.845,2x900ml,,3.29,,,1.83,3850111304293,Sredstva za èišæenje,"2,79"
Graševina,6905538,2,2l,,3.99,,,2,3859894096074,Piæe,"3,99"
Vlažne mar. za èiš. površina SK1,6905830,0.445,80komad,W5,1.59,,,0.02,4056489075042,Proizvodi za kuæanstvo,"1,59"
Fix umaci (62-70g) SK1,6905911,0.065,"62g,70g",Kania,0.49,,,7,4056489317401,Hrana,"0,49"
Dodatak jelima s povræem,6905944,0.5,500g,Kania,1.29,,,2.58,4056489317456,Hrana,"1,29"
"Trajno mlijeko 2,8% m.m.",6905962,1.031,1l,Pilos,0.77,,,0.77,20254742,Hrana,"0,83"
Dorina Èokolada SK1,6905966,0.231,"220g,250g",,4.49,,,17.96,3850102501984,Hrana,"4,49"
Dorina Èokolada SK1,6905966,0.231,"220g,250g",,4.49,,,17.96,3850102516285,Hrana,"4,49"
"Lumen Elektronski lampion, Gloria ",6905972,0.1,1komad,,2.99,,,2.99,3870634060469,Proizvodi za kuæanstvo,"2,99"
Podravka Krem juha Rajèica,6906050,0.06,60g,,1.39,,,23.17,3850104274619,Hrana,"1,39"
"Nature jogurt, SK2",7202540,0.53,530g,NOSTJA,2.99,,,5.64,20529352,Hrana,"2,99"
BO Kukuruzni miješani kruh,7300514,0.5,500g,,1.49,,,2.98,3838700441543,Hrana,1.49
Leone Sladoled na štapiæu SK1,7302358,0.21,6x60ml,,2.79,,,7.75,3830053876058,Hrana,"2,79"
Leone Sladoled na štapiæu SK1,7302358,0.21,6x60ml,,2.79,,,7.75,3830053876089,Hrana,"2,79"
BO proteinski kruh,7302830,0.4,400g,,1.59,,,3.98,3831001886235,Hrana,"1,59"
Leone Sladolde na štapiæu SK2,7303384,0.152,"4x60ml,4x70ml",,2.29,,,9.54,3830053876119,Hrana,"2,29"
Leone Sladolde na štapiæu SK2,7303384,0.152,"4x60ml,4x70ml",,2.29,,,9.54,3830053879462,Hrana,"2,29"
Mousse SK2,7709622,0.35,350g,Deluxe,4.29,,,12.26,4056489290506,Hrana,"4,49"
Crumble Desert SK2,7712119,0.1,100g,Deluxe,1.4,,,14,4056489482772,Hrana,"1,4"
Curry zalogaj SK1,7712698,0.32,320g,Vitasia,2.29,,,7.16,4056489483892,Hrana,"2,29"
Lepinja SK1,7713961,0.24,240g,Eridanous,1.59,,,6.63,4056489706090,Hrana,"1,52"
Proteinski prutiæ 30% SK1,7715079,0.045,45g,-,0.99,,,22,4056489884859,Hrana,"0,99"
Proteinski prutiæ Creamy Bar SK1,7715083,0.04,40g,-,,1.29,1.69,1.29,4056489884927,Hrana,"1,59"
Proteinski prutiæ Creamy Bar SK1,7715083,0.04,40g,-,,1.29,1.69,1.29,4056489884934,Hrana,"1,59"
Papirnate slamke,7715273,0.026,25komad,Grillmeister,0.79,,,0.03,4056489021216,Proizvodi za kuæanstvo,"0,99"
Salvete 3-sloj nogomet SK1,7715992,0.206,40komad,Floralys,0.9,,,0.02,4056489886426,Toaletne potrepštine,"0,9"
Kaèkavalj polutvrdi sir 45%,9000212,0.45,450g,Pilos,5.99,,,13.31,4056489996477,Hrana,"5,99"
Croissant sa sirom RSPO,9001619,1,1kg,Tastino,2.99,,,2.99,4056489274384,Hrana,"2,99"
Kroasani s višnja nadjevom RSPO,9001620,1,1kg,Tastino,2.99,,,2.99,4056489274391,Hrana,"2,99"
Proljetna juha RSPO,9002295,0.065,65g,-,0.59,,,9.08,4056489508458,Hrana,"0,49"
Keks s dodanim vitaminima,9003443,0.3,300g,Sondey,1.99,,,6.63,4056489994848,Hrana,"1,99"
Rada Kozije kiselo mlijeko,9003530,0.3,300g,,1.99,,,6.63,5310354002793,Hrana,"1,99"
Proljetna juha,9004231,0.065,65g,,0.59,,,9.08,8606111300477,Hrana,Nije_bilo_u_prodaji_02.05.2025
BO Cronuts,0159136,0.08,77g,,0.79,,,10.26,8424465692310,Hrana,"0,79"
BO Cronuts,0159136,0.08,77g,,0.79,,,10.26,8424465692419,Hrana,"0,79"
Roštilj kobasice SK1,0159509,0.2,200g,Dulano,1.59,,,7.95,4056489368700,Hrana,"1,59"
Mješavine za muffine SK27,0159610,0.325,"310g,340g",Belbake,2.49,,,8.03,20149925,Hrana,"2,19"
High Protein Puding XXL SK1,0160603,0.4,400g,Milbona,1.99,,,4.98,4056489406839,Hrana,Nije_bilo_u_prodaji_02.05.2025
Panzerotti all'amarena SK2,0160984,0.14,140g,Italiamo,1.59,,,11.36,20872151,Hrana,"1,49"
Lazanje s govedinom,0161009,0.8,800g,Chef Select,5.49,,,6.86,4056489412304,Hrana,"5,29"
Sred. za èišæenje kupaonice citrus,0161175,1.006,1000ml,W5,1.89,,,1.89,4056489497141,Sredstva za èišæenje,"1,89"
Pasta Bowl SK5,0161221,0.4,400g,Italiamo,2.79,,,6.98,4056489416258,Hrana,"2,79"
Mješavina povræa,0161311,0.75,750g,Freshona,2.29,,,3.05,4056489517085,Hrana,"2,29"
Veganska zamjena za sir,0161394,0.15,150g,Vemondo,2.79,,,18.6,4056489417590,Hrana,"2,79"
Mirisni osvježivaè prostora SK18,0161698,0.148,150ml,W5,1.39,,,9.27,4335619092549,Sredstva za èišæenje,"1,69"
Višenamjensko sredstvo za èišæenje,0161950,0.997,1l,W5,1.49,,,1.49,4056489430674,Sredstva za èišæenje,"1,49"
Karamelizirani orašasti plodovi SK2,6209670,0.13,"120g,150g",Eridanous,1.69,,,14.08,4056489603030,Hrana,"1,59"
Rolice punjene jabukom,6210478,1,1000g,Vemondo,3.99,,,3.99,4056489703693,Hrana,Nije_bilo_u_prodaji_02.05.2025
Pasta od sezama Tahini,6212443,0.3,300g,Eridanous,2.89,,,9.63,4335619098510,Hrana,"2,16"
Mexiko-Mix,6400493,1,1kg,Freshona,2.99,,,2.99,20093914,Hrana,"2,33"
Pureæi odrezak iz filea,6401075,0.45,450g,-,5.29,,,11.76,20138431,Hrana,"5,29"
Pureæi odrezak iz filea,6401075,0.45,450g,-,5.29,,,11.76,20756055,Hrana,"5,29"
Pureæi Cordon Bleu XXL,6401097,1.5,1500g,Chef Select,4.99,,,3.33,20587840,Hrana,"4,49"
Èips od jabuke,6402454,0.05,50g,Alesto,0.89,,,17.8,20683702,Hrana,"0,89"
Poklon paket Nivea Men Active,6906110,0.308,300ml,,4.39,,,14.63,9005800361161,Kozmetika,"4,39"
Poklon paket Nivea Men Active,6906110,0.308,300ml,,4.39,,,14.63,9005800383132,Kozmetika,"4,39"
BO Beskvasni raženo miješani kruh ,6906118,0.4,400g,,1.59,,,3.98,3858884929026,Hrana,"0,99"
Suncokretovo ulje ,6906127,0.92,1l,Vita D'or,1.49,,,1.49,20251116,Hrana,"1,49"
Suncokretovo ulje ,6906127,0.92,1l,Vita D'or,1.49,,,1.49,3830000146326,Hrana,"1,49"
Ledene kocke ,6906162,0.36,360g,Okusi zavièaja,3.39,,,9.42,4056489610564,Hrana,"3,39"
"Vindi Iso Sport neg., bezalk. piæe",6906228,0.5,"0,5l",,1.29,,,2.58,3850108073409,Piæe,"1,29"
'z bregov Kiselo vrhnje 24% m.m,6906240,0.9,900g,,4.49,,,4.99,3850108036381,Hrana,"4,49"
'z bregov Kiselo vrhnje 24% m.m,6906240,0.9,900g,,4.49,,,4.99,3850108036411,Hrana,"4,49"
KG Zelina Destilirana voda,6906251,5,5l,,1.29,,,1.29,3859888770898,Proizvodi za kuæanstvo,"1,19"
Nestea Ledeni èaj breskva,6906274,1.523,"1,5l",,1.45,,,0.97,8595646203578,Piæe,"1,06"
Hugo SK1,0137660,0.2,"0,2l",Allini,1.29,,,6.45,4056489249283,Piæe,"1,29"
Hugo SK1,0137660,0.2,"0,2l",Allini,1.29,,,6.45,4304493268548,Piæe,"1,29"
Sirni namaz SK8,0137854,0.2,200g,Goldessa,1.49,,,7.45,4335619355781,Hrana,Nije_bilo_u_prodaji_02.05.2025
Eau de Parfum,0137964,0.2,50ml,Suddenly,4.64,,,92.8,20104368,Kozmetika,"4,64"
Kremasti gel za tuširanje SK4,0138047,0.311,300ml,Cien,1.69,,,5.63,4056489236283,Kozmetika,"1,69"
Krema za lice SK5,0138687,0.05,50ml,Cien Nature,1.93,,,1.93,4056489345886,Kozmetika,"1,93"
Draže bomboni SK7,0138721,0.174,174g,Sweet Corner,1.79,,,10.29,20134815,Hrana,"1,79"
Draže bomboni SK7,0138721,0.174,174g,Sweet Corner,1.79,,,10.29,20134846,Hrana,"1,79"
Kobasica SK2,0138902,0.275,"250g,300g",Grillmeister,3.29,,,13.16,20137076,Hrana,"3,29"
Kobasica SK2,0138902,0.275,"250g,300g",Grillmeister,3.29,,,10.97,20137076,Hrana,"3,29"
Kobasica SK2,0138902,0.275,"250g,300g",Grillmeister,3.29,,,13.16,20137083,Hrana,"3,29"
Kobasica SK2,0138902,0.275,"250g,300g",Grillmeister,3.29,,,13.16,4056489141754,Hrana,"3,29"
Kobasica SK2,0138902,0.275,"250g,300g",Grillmeister,3.29,,,13.16,4056489141761,Hrana,"3,29"
Roquefort,0139128,0.1,100g,Deluxe,2.59,,,25.9,20157456,Hrana,"2,59"
BO Proteinski kruh bez kvasca,7306286,0.35,350g,,1.89,,,5.4,3830043049639,Hrana,"1,89"
Gotova jela SK3,7306745,0.35,350g,,4.99,,,14.26,3830044817107,Hrana,Nije_bilo_u_prodaji_02.05.2025
Paloma WC papir Exclusive XXL,7307373,1.18,20komad,,3.99,,,0.2,3838952034005,Toaletne potrepštine,"3,99"
Poli pileæa posebna 1000g,7308876,1,1000g,,5.99,,,5.99,3850220408158,Hrana,Nije_bilo_u_prodaji_02.05.2025
"Kras Primorski pršut, ca.1000g",7309126,1,ca.1000g,,14.99,,,14.99,2191265000000,Hrana,Nije_bilo_u_prodaji_02.05.2025
"Kras Domaæi pršut, ca.1000g",7309127,1,ca.1000g,,17.99,,,17.99,2191276000000,Hrana,Nije_bilo_u_prodaji_02.05.2025
Mlinotest Pipe Rigate,7309355,1,1000g,,1.45,,,1.45,3831001823940,Hrana,Nije_bilo_u_prodaji_02.05.2025
Pileæe mljeveno meso,7309507,0.4,400g,,3.99,,,9.98,3831006616691,Hrana,Nije_bilo_u_prodaji_02.05.2025
Èokoladni lava cake,7401097,0.18,2x90g,Deluxe,2.39,,,13.28,20613396,Hrana,"2,39"
Brugge sir SK1,7401446,0.25,250g,,4.59,,,18.36,20328269,Hrana,"4,59"
Èokoladni kolaè SK2,7405446,0.18,2x90g,Deluxe,2.19,,,12.17,4056489366096,Hrana,"2,79"
Cheesecake u casi SK2,7405898,0.165,"2x80g,2x85g",Deluxe,2.79,,,17.44,4056489215127,Hrana,"3,11"
Cheesecake u casi SK2,7405898,0.165,"2x80g,2x85g",Deluxe,2.79,,,16.41,4056489215134,Hrana,"3,11"
Spekulatius namaz SK1,7406004,0.4,400g,Favorina,1.79,,,4.48,4056489215233,Hrana,"2,89"
Belgijski sir,7406623,0.15,150g,,3.99,,,26.6,5411058020011,Hrana,"3,99"
Izbor èokolada SK8,0002837,0.2,200g,J.D. Gross,5.69,,,28.45,20125271,Hrana,"5,69"
Izbor èokolada SK8,0002837,0.2,200g,J.D. Gross,5.69,,,28.45,20186999,Hrana,"5,69"
Schogetten SK96,0002838,0.1,100g,,1.75,,,17.5,4000415079604,Hrana,"1,29"
Schogetten SK96,0002838,0.1,100g,,1.75,,,17.5,4000415143800,Hrana,"1,29"
Schogetten SK96,0002838,0.1,100g,,1.75,,,17.5,4000415700805,Hrana,"1,29"
Schogetten SK96,0002838,0.1,100g,,1.75,,,17.5,4000607151101,Hrana,"1,29"
Schogetten SK96,0002838,0.1,100g,,1.75,,,17.5,4000607162305,Hrana,"1,29"
Schogetten SK96,0002838,0.1,100g,,1.75,,,17.5,4000607167904,Hrana,"1,29"
Kinder Surprise,0002847,0.02,20g,,1.59,,,1.59,80050049,Hrana,"1,49"
"Kinder Joy, 20g ",0002848,0.02,20g,,1.49,,,1.49,80310891,Hrana,"1,49"
Müsli prutiæi SK50,0002858,0.2,200g,Crownfield,1.65,,,8.25,20080686,Hrana,"1,65"
Müsli prutiæi SK50,0002858,0.2,200g,Crownfield,1.65,,,8.25,20080709,Hrana,"1,65"
Mini èokoladne banane,0002859,0.2,200g,Mister Choc,1.79,,,8.95,20044749,Hrana,"1,79"
"Rosé, kvalitetno vino",0002861,0.743,"0,75l",Winemakers of Croatia,5.49,,,7.32,4304493256705,Piæe,"5,49"
Bomboni od voænog želea,0002871,0.4,400g,Sweet Corner,1.99,,,4.98,4056489076216,Hrana,"2,49"
Tjestenina SK2,0151432,0.35,350g,Chef Select,2.99,,,8.54,4056489225706,Hrana,"2,99"
Tjestenina SK2,0151432,0.35,350g,Chef Select,2.99,,,8.54,4056489225713,Hrana,"2,99"
Premium Vodka 42%/40% Vol. SK1,0152018,0.662,"0,7l",,7.09,,,10.13,4304493265301,Piæe,"8,99"
Premium Vodka 42%/40% Vol. SK1,0152018,0.662,"0,7l",,7.09,,,10.13,4304493265332,Piæe,"8,99"
Snack mix XXL SK3,0152119,0.3,300g,Alesto,3.99,,,13.3,20716622,Hrana,"3,99"
Èokoladna i voæna kaša SK1,0152422,0.375,375g,Crownfield,2.99,,,7.97,4056489238355,Hrana,"2,99"
Pjenušac  suhi,0152678,0.2,"0,2l",Burg Schöneck,1.29,,,6.45,4335619013742,Piæe,"1,29"
BO Pecivo sa sjemenkama,0152767,0.09,85g,,0.49,,,5.76,4056489249986,Hrana,Nije_bilo_u_prodaji_02.05.2025
Biljni liker s ðumbirom 33%,0152991,0.7,"0,7l",Jagdstolz,6.39,,,9.13,4304493265295,Piæe,"6,39"
Grèka predjela,0153181,0.15,150g,Chef Select,2.39,,,15.93,4056489241904,Hrana,"2,39"
Bio maslac od kikirikija SK1,0153332,0.34,340g,Mister Choc,3.69,,,10.85,4056489259633,Hrana,"3,69"
Bio maslac od kikirikija SK1,0153332,0.34,340g,Mister Choc,3.69,,,10.85,4056489259640,Hrana,"3,69"
Hrskavi mlijeèni desert vanilija,0153698,0.35,650ml,Gelatelli,2.15,,,3.31,4056489267805,Hrana,"2,49"
Eau de Parfum SK6,0153747,0.063,75ml,Suddenly,6.49,,,86.53,4056489918035,Kozmetika,"6,49"
Grickalice za pse SK6,0169319,0.14,"105g,135g,180g",Orlando,0.89,,,6.59,4056489333609,Proizvodi za kuæanstvo,"0,89"
Tjestenina bez glutena SK4,0074516,0.5,500g,free from,1.69,,,3.38,20284251,Hrana,"1,99"
High Protein Drink XXL SK1,0174614,0.42,420g,Milbona,1.49,,,3.55,4056489618133,Hrana,"1,49"
Picco Pizzi XXL SK1,0174949,0.72,24x30g,Trattoria Alfredo,6.99,,,9.71,4056489620143,Hrana,"6,99"
Pileæi panirani nuggets,0174985,0.3,300g,El Tequito,2.69,,,8.97,4056489620501,Hrana,Nije_bilo_u_prodaji_02.05.2025
Kava u zrnu Rosso RFA,0175043,1,1000g,Bellarom,14.99,,,14.99,4335619217966,Piæe,"13,99"
Bio napitak od zobi XXL,0175127,8.288,8x1l,Vemondo,7.99,,,1,4056489675693,Hrana,"8,33"
"Poslastica za pse, SK4",0175839,0.4,400g,Orlando,1.29,,,3.23,4056489621133,Proizvodi za kuæanstvo,"1,29"
Žitne školjkice s èokoladom,0176595,0.5,500g,Crownfield,2.09,,,4.18,4056489654216,Hrana,"1,99"
Èokoladne pahuljice XXL SK4,0176893,0.9,900g,Crownfield,3.99,,,4.43,4056489021506,Hrana,"3,99"
Lak za nokte Cocktail SK2,0177036,0.01,11ml,Cien Beauty,1.29,,,117.27,4056489430919,Kozmetika,"1,29"
Sladoled s komadiæima èokolade,0177065,0.528,1000ml,Bon Gelati,3.99,,,3.99,4056489657149,Hrana,"3,49"
Kobasica,0178065,0.5,500g,,4.59,,,9.18,4008460255264,Hrana,"4,59"
Hrskavi muesli XXL SK2,0178772,1,1kg,Crownfield,4.69,,,4.69,4056489665854,Hrana,"4,99"
Maramice za èišæenje naoèala,0179093,0.08,52komad,W5,0.99,,,0.02,4056489845164,Proizvodi za kuæanstvo,"0,99"
Bio voæna kašica jag./jag./kruš.,0179361,0.1,100g,,0.69,,,6.9,4056489688174,Hrana,Nije_bilo_u_prodaji_02.05.2025
Bio dj. voæna kašica Banana-jabuka,0179374,0.19,190g,Lupilu,0.85,,,4.47,4056489688273,Hrana,"0,85"
Ledo Kontiki sladoled štapiæ,6905584,0.264,4x70ml,,4.49,,,16.04,3850116066394,Hrana,"3,99"
Boom Box Zobeni napitak s kalcijem,6905663,1,1l,,2.89,,,2.89,3858890477504,Hrana,"2,19"
Jana Ledeni èaj limun bijeli èaj ,6905689,1.53,"1,5l",,1.35,,,0.9,3858890876635,Piæe,"1,35"
Kraš PreKrašni Kol. sa pun. od viš.,6905699,0.22,220g,,1.89,,,8.59,3870450002117,Hrana,"1,89"
Pitroid Elek.apar. + tekuæe punj.,6905730,0.122,122g,,7.49,,,7.49,3856007902086,Proizvodi za kuæanstvo,"8,69"
Bio napitak od soje,6000860,1.02,1000ml,Vemondo,1.29,,,1.29,20230524,Hrana,"1,15"
Rižoto SK5,6001161,0.175,175g,Kania,1.09,,,6.23,4056489468967,Hrana,"1,29"
Ravioli punjeni u obliku srca,6001465,0.25,250g,Für Dich,1.89,,,7.56,20623401,Hrana,"1,79"
Gotova jela tjestenina SK1,6001772,0.175,175g,Kania,1.69,,,9.66,20162191,Hrana,"1,69"
Tuna i grah,6001869,0.32,2x160g,Nixe,2.99,,,9.34,4056489631330,Hrana,"2,99"
Orecchiette ili Trofie,6001877,0.5,500g,Italiamo,1.69,,,3.38,20462628,Hrana,"1,69"
Njoki XXL,6002441,1,1kg,Chef Select,1.39,,,1.39,4056489097280,Hrana,"1,59"
Goveða šunka Bresaola,6002492,0.08,80g,Deluxe,3.59,,,44.88,20378905,Hrana,"2,99"
Svježi medaljoni od povræa SK1,6003029,0.25,250g,Vemondo,2.59,,,10.36,20685805,Hrana,"2,59"
Tortelloni ricotta-špinat bez glu.,6003171,0.25,250g,Chef Select,2.99,,,11.96,20686321,Hrana,"2,99"
Dugi kornet,6003181,0.105,105g,Gelatelli,0.99,,,9.43,20686437,Hrana,"0,99"
Bezglutenski vafli s lješnjacima,6003522,0.175,175g,Sondey,2.29,,,13.09,20823030,Hrana,"2,29"
Pašteta od patlidžana ,6003908,0.18,180g,Deluxe,2.39,,,13.28,20427863,Hrana,"1,89"
Salama Cacciatore/Brianza DOP SK1,6004300,0.08,80g,Italiamo,2.99,,,37.38,20849597,Hrana,"2,99"
Provolone polutvrdi sir sort. SK1,6004394,0.3,300g,Italiamo,1.99,,,6.63,20098858,Hrana,"2,99"
Provolone polutvrdi sir sort. SK1,6004394,0.3,300g,Italiamo,1.99,,,6.63,20098865,Hrana,"2,99"
Bianca Lieve Pri. za šlag na bilj.b,6005860,0.52,500ml,,1.69,,,3.38,8000005048634,Hrana,"1,69"
Èajno pecivo,6008226,0.4,400g,Sondey,,1.19,1.79,2.98,20264680,Hrana,"1,79"
Sladoled u èaši SK3,6008296,0.31,310g,Deluxe,2.86,,,9.23,4335619029378,Hrana,Nije_bilo_u_prodaji_02.05.2025
Chorizo extra Sarta salama SK2,5701702,0.2,200g,Sol&Mar,2.69,,,13.45,20645083,Hrana,"2,69"
Hijaluronska kiselina&kolagen kap.,5702571,0.018,30komad,Optisana,3.99,,,0.13,20645953,Hrana,"3,99"
Biskvit torta SK2,5702871,0.347,"330g,370g",Sol&Mar,1.89,,,5.11,20421236,Hrana,"1,89"
Osvježivaè za auto SK1,5702896,0.005,6ml,W5,1.29,,,215,20037437,Sredstva za èišæenje,"1,29"
Osvježivaè za auto SK1,5702896,0.005,6ml,W5,1.29,,,215,20037536,Sredstva za èišæenje,"1,29"
Siao Long Pao SK2,5704408,0.24,"230g,250g",Vitasia,3.99,,,1.73,20796501,Hrana,"3,99"
Mini snack salama SK3,5705400,0.08,80g,Latin American Style,1.39,,,17.38,20645069,Hrana,"1,39"
Turón Fuet SK4,5706368,0.16,160g,Deluxe,1.99,,,12.44,4056489871446,Hrana,"1,99"
Bezalkoholno piæe od jagode SK1,5706633,0.765,750ml,Solevita,2.29,,,3.05,4304493260054,Hrana,"2,29"
"Bagremov med, 450g",6906436,0.45,450g,Okusi zavièaja,6.99,,,15.53,4056489610922,Hrana,"6,99"
Suncokretovo ulje,6906438,0.92,1l,Vita D'or,1.49,,,1.49,4056489610946,Hrana,"1,49"
Sunce Vinkovaca Hl. preš. sunc.ulje,6906452,0.96,1l,,2.49,,,2.49,3857500104311,Hrana,"2,19"
Ledo Savijaèa s vanilijom i š.voæem,6906513,1,2x500g,,4.99,,,4.99,3850116003696,Hrana,"4,99"
"Encian Omega 1000, 50 kapsula",6906529,0.045,50komad,,6.62,,,0.13,3859889425452,Hrana,"6,62"
Ledeni èaj šumsko voæe,6906552,1.547,"1,5l",Freeway,1.25,,,0.83,4304493260047,Piæe,"1,05"
Moto Èajno pecivo Kakao,6906611,0.192,192g,,1.49,,,7.76,3850102522880,Hrana,"1,49"
"Le Coq Cocktail T-Quila Sunrise 4,7",6906617,0.33,"0,33l",,1.19,,,3.61,4740098002970,Piæe,"1,15"
Super Jon staklo,6906621,0.65,650ml,,1.79,,,2.75,3850111505607,Sredstva za èišæenje,"1,59"
Dukat voæni jogurt šumsko voæe,6906654,1,1kg,,1.99,,,1.99,3850354016052,Hrana,"1,99"
Dukatos Selection okus kokos,6906656,0.15,150g,,0.89,,,5.93,3850354016946,Hrana,"0,89"
"Svinjski vrat bez kosti, odrezak",6906682,1,ca. 600g,Naša mesnica,6.99,,,6.99,2803660000000,Hrana,"6,99"
"Svinjska slabina i leða bk, odrezak",6906683,1,ca. 400g,Naša mesnica,7.99,,,7.99,2803670000000,Hrana,"7,99"
PIK Pureæa šunka dimljena,6907015,0.1,100g,,1.89,,,18.9,3850139520453,Hrana,"1,89"
Svježi filet brancina,6907049,0.37,370g,Naša ribarnica,11.99,,,32.41,4056489611547,Hrana,"9,99"
WC Net Blue Fresh Gel za èišæenje,6907113,1.5,2x750ml,,3.99,,,2.66,3859892558796,Sredstva za èišæenje,"3,15"
Ornel Omekšivaè za rublje 96pr. SK1,6907137,2.4,"2,4l",,5.99,,,2.5,3850105182258,Sredstva za èišæenje,"6,59"
Sirup borovnica light,6907159,1.003,1l,-,1.29,,,1.29,4304493260191,Piæe,"1,29"
Dove Dezodorans SK1,6907175,0.15,150ml,,5.19,,,34.6,8717163994252,Kozmetika,"5,35"
Dove Dezodorans SK1,6907175,0.15,150ml,,5.19,,,34.6,8717644579107,Kozmetika,"5,35"
Dove Dezodorans SK1,6907175,0.15,150ml,,5.19,,,34.6,8720181284335,Kozmetika,"5,35"
Dove Dezodorans SK1,6907175,0.15,150ml,,5.19,,,34.6,8720181291623,Kozmetika,"5,35"
Rexona Dezodorans SK1,6907181,0.15,150ml,,4.69,,,31.27,4000388669000,Kozmetika,"4,69"
The Garden Brewery Craft pivo SK3,6907187,0.443,"0,44l",,1.85,,,4.2,3858893811855,Piæe,"1,85"
Sredstvo za èišæenje podova,6907203,1.006,1l,-,1.39,,,1.39,4056489611639,Sredstva za èišæenje,"1,19"
Sredstvo za uklanjanje masnoæa,6907204,1.015,1l,-,1.99,,,1.99,4056489611622,Sredstva za èišæenje,"1,89"
Pjenušac Rose demiseco,6907205,0.75,"0,75l",Winemakers of Croatia,6.29,,,8.39,4056489611615,Piæe,"6,29"
Annyer Revital Šampon kop./bre. SK2,6907210,0.3,300ml,,2.25,,,7.5,3850177005493,Kozmetika,"2,25"
Eva Sardine u biljnom ulju,6907224,0.1,100g,,1.06,,,10.6,3856020262525,Hrana,"1,06"
Vincinni Tortina mlijeèna krema,6907234,0.2,200g,,1.19,,,5.95,5310115001089,Hrana,"1,19"
"Union svijetlo pivo 4,9%",6907259,0.505,"0,5l",,1.22,,,2.44,3838999050013,Piæe,"1,22"
Bezalkoholni koktel SK1,6907271,0.33,"0,33l",-,0.89,,,2.7,4056489611691,Piæe,"0,69"
Jamnica Sensation lubenica-limeta ,6907284,1.53,"1,5l",,1.29,,,0.86,3858890879827,Piæe,"1,29"
"Pureæi zabatak, cca. 750g",6407800,1,ca. 750g,-,6.99,,,6.99,2894190000000,Hrana,"6,99"
Multivitamin XXL,6408908,1,"1,5l",Solevita,1.99,,,1.33,4056489272465,Piæe,"1,99"
"Hell Energy Classic 4x0,25l",6409704,1.028,4x0.25l,,2.99,,,11.96,5999884034193,Piæe,"2,39"
Goldenfood File paèjih prsa,6410893,1,"ca0,4-0,6kg",,10.99,,,10.99,2898035000000,Hrana,"9,99"
Goldenfood File paèjih prsa,6410893,1,"ca0,4-0,6kg",,10.99,,,10.99,2898037000000,Hrana,"9,99"
Goldenfood File paèjih prsa,6410893,1,"ca0,4-0,6kg",,10.99,,,10.99,2898038000000,Hrana,"9,99"
"Sjem. suncokreta, nesoljene, ogulj.",6412865,0.2,200g,Alesto,0.69,,,3.45,4056489668565,Hrana,"0,69"
Haringa SK1,6512117,0.26,260g,Ocean Sea,2.19,,,8.42,4056489834076,Hrana,Nije_bilo_u_prodaji_02.05.2025
Razlièiti deserti SK11,0146235,0.5,500g,Deluxe,3.79,,,7.58,4056489102694,Hrana,"3,79"
Prženi kikiriki,0146517,1,1000g,Alesto,3.99,,,3.99,4056489105169,Hrana,"3,69"
Beef BBQ Burger,0146732,0.125,125g,select & go,1.33,,,10.64,4056489109334,Hrana,"1,33"
"Pink Gin 37,5% Vol.",0146765,0.69,"0,7l",Castelgy,8.49,,,12.13,4056489110590,Piæe,"7,99"
Gumeni medvjediæi,0146966,0.3,300g,Sweet Corner,1.79,,,5.97,4056489115731,Hrana,"1,79"
Èokoladni komadiæi SK4,0147053,0.1,100g,Belbake,1.59,,,15.9,4056489117858,Hrana,"1,69"
Tvrdi ribani sir,0147342,0.1,100g,Milbona,1.25,,,12.5,4056489127345,Hrana,"1,29"
Èokoladne dekoracije SK1,0147652,0.041,"34g,40g,48g",Belbake,1.79,,,43.66,20696979,Hrana,"1,79"
Pasta Mac&Cheese,0148160,1,1kg,MCENNEDY,4.29,,,4.29,4056489149507,Hrana,"4,39"
Bella Caffe DG Caffe Effi. Box Esp.,0142600,0.096,96g,Bellarom,3.99,,,41.56,8718657493367,Piæe,"3,79"
Èaj u piramida vreæicama UTZ SK47,0143058,0.038,"20x1,4g,20x1,8g",Deluxe,1.99,,,1.99,20410308,Piæe,"1,99"
Vreæice za led SK2,0143080,0.058,20komad,Aromata,0.69,,,0.03,20155193,Proizvodi za kuæanstvo,"0,89"
Grickalice za pse premium SK4,0143111,0.1,100g,Orlando Pure Taste,2.99,,,29.9,4056489024675,Proizvodi za kuæanstvo,"2,99"
Pileæi batci SK2,0143270,0.75,750g,Chef Select,5.99,,,7.99,4056489025641,Hrana,Nije_bilo_u_prodaji_02.05.2025
"Proviact tekuæi jogurt 1,0%",6904320,1,1kg,Pilos,1.65,,,1.65,4304493260122,Hrana,"1,59"
Salama jelen / divlja svinja SK3,6904331,0.08,80g,Okusi zavièaja,2.35,,,29.38,4056489073819,Hrana,"2,35"
Istarski tvrdi sir,6904337,0.3,300g,Okusi zavièaja,5.99,,,19.97,4056489074601,Hrana,"5,99"
Mozzarella u komadu XXL,6904356,0.7,700g,,4.79,,,6.84,3830056401400,Hrana,"4,79"
Cedevita Fresh SK1,6904371,0.34,340ml,,1.19,,,3.5,3850322013632,Piæe,"1,12"
"Svježe pile, cca. 2kg",6904372,1,ca. 2kg,,3.18,,,3.18,2146205000000,Hrana,"3,19"
Coppa Coctails Pina Colada 10%,6904392,0.7,"0,7l",,9.99,,,14.27,8712436104819,Piæe,"9,99"
Papirnati Lampioni Multipack 6/1,6904407,0.955,955g,-,5.59,,,0.93,4056489074939,Proizvodi za kuæanstvo,"8,49"
"Dimljena šunka s kosti, cca. 6kg",6904437,1,ca. 6kg,Pikok,5.49,,,5.49,2845195000000,Hrana,"4,89"
"Dimljena šunka s kosti, cca. 6kg",6904437,1,ca. 6kg,Pikok,5.49,,,5.49,2845199000000,Hrana,"4,89"
"Dimljena šunka s kosti, cca. 6kg",6904437,6,ca. 6kg,Pikok,5.49,,,5.49,2845198000000,Hrana,"4,89"
Sauvignon i Muškat,6904442,0.75,"0,75l",,5.49,,,7.32,4304493259263,Piæe,"4,49"
Talijanski desert SK1,0133222,0.34,"4x80g,4x90g",Milbona,2.79,,,0.78,40879062,Hrana,"2,79"
Talijanski desert SK1,0133222,0.34,"4x80g,4x90g",Milbona,2.79,,,8.72,40879079,Hrana,"2,79"
Sladoled kornet bez glutena,0133323,0.3,4x125ml,Gelatelli,4.49,,,8.98,20632984,Hrana,"4,49"
Indijski orašèiæi XXL,0134084,0.5,500g,Alesto Selection,6.39,,,12.78,40893532,Hrana,"6,99"
Bio voæe SK4,0134185,0.3,300g,-,3.99,,,13.3,40891149,Hrana,"3,19"
Prosecco Spumante Magnum,0134690,1.5,"1,5l",Allini,9.99,,,6.66,40898476,Piæe,"9,99"
"Kroketi, smrznuti SK4",0134726,0.75,750g,Alpenfest,2.49,,,3.32,20047917,Hrana,Nije_bilo_u_prodaji_02.05.2025
Ukrasna vreæica 32x26x12cm,6906786,0.08,1komad,,1.45,,,1.45,3856023020917,Proizvodi za kuæanstvo,"1,45"
Ukrasna vreæica 32x26x12cm,6906786,0.08,1komad,,1.45,,,1.45,3856023029194,Proizvodi za kuæanstvo,"1,45"
Ukrasna vreæica 32x26x12cm,6906786,0.08,1komad,,1.45,,,1.45,3856023031531,Proizvodi za kuæanstvo,"1,45"
Ukrasna vreæica 32x26x12cm,6906786,0.08,1komad,,1.45,,,1.45,3856023049543,Proizvodi za kuæanstvo,"1,45"
Ukrasna vreæica vinska 39x12x9cm,6906787,0.045,1komad,,0.99,,,0.99,3856023049536,Proizvodi za kuæanstvo,"1,25"
Ukrasna vreæica vinska 39x12x9cm,6906787,0.045,1komad,,0.99,,,0.99,3856023060623,Proizvodi za kuæanstvo,"1,25"
TOCO Multivitamin,6906947,1.53,"1,5l",,1.69,,,1.13,3858890878615,Piæe,"1,69"
Mardešiæ Jadr.srd. sun.ulju sa raj.,6906973,0.09,90g,,0.99,,,11,3859891129706,Hrana,"1,09"
Hrenovke od mesa svinjskog buta,5525684,0.25,250g,Pikok,1.89,,,7.56,4056489180647,Hrana,"1,89"
Det. za ruèno pranje posuða SK9,5525905,1.025,1l,-,1.09,,,1.09,4056489179108,Sredstva za èišæenje,"1,09"
Det. za ruèno pranje posuða SK9,5525905,1.025,1l,-,1.09,,,1.09,4056489179139,Sredstva za èišæenje,"1,09"
Vafli s kremom od kikirikija RFA,5528632,0.28,280g,Sondey,1.59,,,5.68,4052917024804,Hrana,"1,55"
"Crni èaj Selection SK1, 40x1,5g",5528847,0.073,"40x1,5g,40x2g",Lord Nelson,1.19,,,14.88,4056489261407,Piæe,"1,19"
"Instant napitak 2u1, 10x14g",5529663,0.14,140g,Bellarom,1.49,,,10.64,4056489184171,Piæe,"1,49"
Voæni èaj SK1,5531343,0.04,20x2g,Lord Nelson,1.19,,,1.19,4056489184423,Piæe,"1,19"
Voæni èaj SK1,5531343,0.04,20x2g,Lord Nelson,1.19,,,1.19,4056489184430,Piæe,"1,19"
Svježi sir,5532223,0.275,275g,Pilos,2.49,,,9.05,4056489301806,Hrana,"2,29"
Svježi sir,5532223,0.275,275g,Pilos,2.49,,,9.05,5902476010550,Hrana,"2,29"
"Pureæi filet XXL, cca. 1-1,5 kg",5533555,1,"ca.1-1,5kg",RZEZNIK,8.19,,,8.19,2835557000000,Hrana,"7,75"
Žele od višnje/naranèe u èok. SK2,5535118,0.19,190g,Mister Choc,1.99,,,10.47,20127503,Hrana,"1,79"
Micelarni losion SK5,5535713,0.4,400ml,Cien,1.99,,,4.98,4056489586449,Kozmetika,"2,65"
Micelarni losion SK5,5535713,0.4,400ml,Cien,1.99,,,4.98,4056489922667,Kozmetika,"2,65"
Margarin 39%,5537243,0.5,500g,Vita D'or,1.19,,,2.38,4056489444824,Hrana,"1,19"
Sredstva za èišæenje auta,5542404,1,1komad,,7.39,,,7.39,5905807007830,Sredstva za èišæenje,"7,39"
Svinjska potrbušina peèena,5545654,1,cca. 400g,Kuljanka,7.99,,,7.99,2848035000000,Hrana,"9,79"
Roleski Bel.-taj. crveni umak SK1 ,5547064,0.315,"290g,340g",,1.06,,,3.12,5901044028331,Hrana,"1,06"
"Tjest. s umakom, pire krumpir SK2",5547537,0.051,"50g,51g",Kania,1.19,,,23.33,4056489717300,Hrana,Nije_bilo_u_prodaji_02.05.2025
"Tjest. s umakom, pire krumpir SK2",5547537,0.051,"50g,51g",Kania,1.19,,,23.8,4056489717317,Hrana,Nije_bilo_u_prodaji_02.05.2025
"Slatka paprika, dimljena",0187050,0.025,25g,Kania,0.45,,,0.45,4056489810094,Hrana,"0,59"
High protein jogurt SK1,0187248,0.4,400g,Milbona,1.89,,,4.73,4056489814795,Hrana,"1,89"
Bio super hrana u prahu SK2,0187590,0.178,"150g,200g",Optisana,4.99,,,33.27,4056489816935,Hrana,"4,99"
Zaèini u kartonskoj tubi SK1,0188136,0.051,"43g,50g,60g",Kania,1.99,,,46.28,4056489908531,Hrana,Nije_bilo_u_prodaji_02.05.2025
Zaèini u kartonskoj tubi SK1,0188136,0.051,"43g,50g,60g",Kania,1.99,,,33.17,4056489908531,Hrana,Nije_bilo_u_prodaji_02.05.2025
Protein prutiæ 50% 3x45g SK5,0188213,0.135,3x45g,-,3.89,,,28.81,4056489822424,Hrana,"3,89"
Protein prutiæ 50% 3x45g SK5,0188213,0.135,3x45g,-,3.89,,,28.81,4056489822431,Hrana,"3,89"
Gel za tuširanje SK1,0188521,0.412,400ml,Cien,1.19,,,2.98,4056489826910,Kozmetika,"1,19"
Gel za tuširanje SK1,0188521,0.412,400ml,Cien,1.19,,,2.98,4056489826927,Kozmetika,"1,19"
Gotova jela XXL SK1,0189003,1,1000g,Chef Select,4.89,,,4.89,4056489846475,Hrana,"4,49"
Mediteranski zaèini SK2,0189653,0.027,"16g,27g,28g,30g,35g",Italiamo,1.59,,,58.89,20046361,Hrana,"1,59"
Mediteranski zaèini SK2,0189653,0.027,"16g,27g,28g,30g,35g",Italiamo,1.59,,,53,20046361,Hrana,"1,59"
Èokoladni božiæni keksi,0191458,0.304,304g,Favorina,1.99,,,6.55,4056489857167,Hrana,Nije_bilo_u_prodaji_02.05.2025
High Protein riža na mlijeku SK1,0191691,0.2,200g,Milbona,0.99,,,4.95,4056489857341,Hrana,"0,99"
Pesto s tartufima SK1,0192434,0.14,140g,Deluxe,1.99,,,14.21,4056489864868,Hrana,"1,89"
Jestiva boja plava/žuta/zelena,0192646,0.06,3x20g,Belbake,2.59,,,43.17,4056489865650,Hrana,"2,69"
Šeæerna dekoracija Uskrs SK33,0192649,0.027,"11g,12g,16g,25g,4x25g",Belbake,1.99,,,79.6,4056489865643,Hrana,"1,99"
Šeæerna dekoracija Uskrs SK33,0192649,0.027,"11g,12g,16g,25g,4x25g",Belbake,1.99,,,124.38,4056489865667,Hrana,"1,99"
Krema za stopala SK2,0193005,0.1,100ml,Cien,1.39,,,13.9,4056489869825,Kozmetika,"1,39"
Peterostruka britvica,0193288,0.025,1komad,Cien,4.59,,,4.59,4056489873976,Kozmetika,"4,59"
Kokteli 15% SK1,0193932,0.684,0.700l,,5.49,,,7.84,4304493269002,Piæe,"5,49"
Gotova jela za tavu SK57,0194158,0.75,750g,Culinea,4.99,,,6.65,4056489127291,Hrana,"4,49"
Gotova jela za tavu SK57,0194158,0.75,750g,Culinea,4.99,,,6.65,4056489127307,Hrana,"4,49"
Gotova jela za tavu SK57,0194158,0.75,750g,Culinea,4.99,,,6.65,7740564891272,Hrana,"4,49"
Uskršnje dekoracije SK2,0194164,0.123,"120g,130g",Belbake,2.49,,,19.15,4056489884446,Hrana,"2,49"
Kobasica Salsiccia SK1,0194696,0.25,250g,Deluxe,3.79,,,15.16,4056489890195,Hrana,"3,79"
Trolli Gumeni špageti SK2,0085374,0.225,225g,,1.99,,,8.84,4000512363842,Hrana,"1,99"
Djed Božiænjak sa èok. dražeima,0085475,0.155,155g,Favorina,2.63,,,16.97,20424329,Hrana,"1,69"
Svinjske mini hrenovke u lancu,0085726,0.35,350g,Alpenfest,2.79,,,7.97,20435035,Hrana,"2,3"
Heineken pivo 5% 6-pack,6907877,3.03,"6x0,5l",,7.89,,,2.63,3830001716016,Piæe,"7,89"
Ekos Mignon Sacher,6907888,0.4,400g,,5.79,,,14.48,4056489925316,Hrana,"5,79"
Ludbreški hren SK2,6907896,0.2,200g,,1.99,,,9.95,3859893697999,Hrana,"1,69"
Prime Napitak Ice Pop,6907944,0.53,"0,5l",,2.19,,,4.38,850040427066,Piæe,"2,19"
Prime Napitak Meta Moon,6907946,0.53,"0,5l",,2.19,,,4.38,4262358180483,Piæe,"2,19"
Spirits of Croatia Voæ. lik. od du.,6907990,0.5,"0,5l",,7.49,,,14.98,3858894860074,Piæe,"7,49"
"Spirits of Croatia Medica, 20% vol.",6907991,0.5,"0,5l",,7.49,,,14.98,3859894287038,Piæe,"7,49"
Podravka Krem juha od vrganja,6908010,0.06,60g,,0.99,,,16.5,3850104214653,Hrana,"0,99"
Aquafresh Pasta za zube SK2,6908130,0.1,100ml,,2.85,,,28.5,5054563197993,Kozmetika,"2,69"
Aquafresh Pasta za zube SK2,6908130,0.1,100ml,,2.85,,,28.5,5999518578062,Kozmetika,"2,69"
Aquafresh Pasta za zube SK2,6908130,0.1,100ml,,2.85,,,28.5,5999518578079,Kozmetika,"2,69"
Arf WC power drops lemon boost,6908147,0.165,3x55g,,2.69,,,16.3,3850105174925,Sredstva za èišæenje,"2,69"
PIK Natur mortadela narezana,6908156,0.125,125g,,1.49,,,11.92,3850139282153,Hrana,"1,49"
Leæevaèki kravlji sir rezani SK2,6908166,0.1,100g,Okusi zavièaja,2.89,,,28.9,4056489925613,Hrana,"2,79"
Sauvignon Blanc Selection,6908190,0.75,"0,75l",,6.99,,,9.32,3859891991853,Piæe,"6,99"
The Garden Brewery New England Pale,6908210,0.33,"0,33l",,1.29,,,3.91,3858893812128,Piæe,"1,29"
Limun 500g,0080170,0.5,500g,,1.29,,,2.58,20449568,Hrana,"0,99"
Grožðe mix 500g,0080475,0.5,500g,,2.49,,,4.98,4014071609822,Hrana,Nije_bilo_u_prodaji_02.05.2025
"Grožðe bijelo 500g, bez koštica",0080505,0.5,500g,,2.49,,,4.98,4014071692992,Hrana,"2,19"
Borovnica 400g,0080818,0.4,400g,,4.49,,,11.23,4014071782181,Hrana,"4,44"
Borovnica 125g,0080820,0.125,125g,,1.49,,,11.92,4014071624238,Hrana,"1,49"
Borovnica 125g,0080820,0.125,125g,,1.49,,,11.92,7750540420006,Hrana,"1,49"
Bio klementina 500g,0081520,0.5,500g,,1.29,,,2.58,20240226,Hrana,"1,49"
Bio borovnica,0081685,0.125,125g,,2.49,,,19.92,3858893253044,Hrana,"1,99"
Matovilac,0082051,0.125,125g,,1.29,,,10.32,20247812,Hrana,"1,29"
Salata Crispy,0082064,0.08,80g,,1.09,,,13.63,25000634,Hrana,"1,09"
Rajèica mini grappolo,0082388,0.5,500g,,2.49,,,4.98,3859889267656,Hrana,"2,49"
Rajèica koktel 250g,0082410,0.25,250g,,,1.09,1.29,4.36,20462826,Hrana,"1,49"
Paprika mix,0082586,0.5,500g,,2.49,,,4.98,20266363,Hrana,"1,99"
High Protein Cheddar SK2,5228205,0.171,"160g,180g",Milbona,2.39,,,13.28,4056489851875,Hrana,Nije_bilo_u_prodaji_02.05.2025
Voæni èaj SK9,5500270,0.047,"20x2,1g,20x2,5g",Lord Nelson,1.39,,,1.39,20498160,Piæe,"1,39"
Kocke za juhu SK6,5500632,0.12,120g,Kania,0.75,,,6.25,20420635,Hrana,"0,75"
Bezalkoholno pivo,5500806,0.5,"0,5l",Argus,0.59,,,1.18,4304493257146,Piæe,"0,59"
Pelinkovac Vintage 35% alk.,6907296,0.7,"0,7l",,9.99,,,14.27,3858894860005,Piæe,"9,99"
Pošip Selection,6907331,0.75,"0,75l",,6.99,,,9.32,3859891991747,Piæe,"6,99"
"Jana 6x1,5l",6907364,9,"6x1,5l",,4.75,,,0.53,3858890874082,Piæe,"4,85"
Ledo MSC Panirani Fish Nuggets ,6907383,0.245,245g,,2.79,,,11.39,3850116058238,Hrana,"2,79"
Ledo MSC Panirani Fish Nuggets ,6907383,0.245,245g,,2.79,,,11.39,3850116066455,Hrana,"2,79"
Müller riža na mlijeku Dubai,6907413,0.175,175g,,0.79,,,4.51,42488835,Hrana,Nije_bilo_u_prodaji_02.05.2025
Uvin èaj,6907424,0.03,30g,Lord Nelson,0.79,,,0.79,4056489612094,Piæe,"0,79"
AVIKO Pommes Frites 11x11 ,6907428,2.5,"2,5kg",,6.99,,,2.8,8710449026104,Hrana,"6,99"
Krakovi humboldtove lignje,6907458,0.46,460g,Naša ribarnica,3.69,,,8.02,3859893912139,Hrana,"3,39"
Krakovi humboldtove lignje,6907458,0.46,460g,Naša ribarnica,3.69,,,8.02,4056489612254,Hrana,"3,39"
Svježi pagar,6907487,1,ca. 500g,Naša ribarnica,14.99,,,14.99,2144383000000,Hrana,"11,99"
Svježi pagar,6907487,1,ca. 500g,Naša ribarnica,14.99,,,14.99,2896372000000,Hrana,"11,99"
Svježi pagar,6907487,1,ca. 500g,Naša ribarnica,14.99,,,14.99,2896377000000,Hrana,"11,99"
Dar Vegan Desert vanilija,6907509,0.5,4x125g,,1.99,,,3.98,3850108028119,Hrana,"1,99"
"Šibenska pivovara Faust, lager 4,4%",6907520,0.5,"0,5l",,1.59,,,3.18,3857500050991,Piæe,"1,99"
Eurocompany Kukuruz kokièar,6907558,0.4,400g,,0.89,,,2.23,3872084004024,Hrana,"0,89"
Aranžman srce,6907573,0.35,1komad,,19.99,,,19.99,3858892744901,Proizvodi za kuæanstvo,"19,99"
Craft Dalmatinska kobasica,6907579,0.32,320g,Okusi zavièaja,3.39,,,10.59,4056489925064,Hrana,"4,49"
Craft Baranjska kobasica,6907582,0.32,320g,Okusi zavièaja,4.49,,,14.03,4056489925095,Hrana,"4,49"
Proteinska ploèica Èoko.,6907684,0.05,50g,,2.49,,,49.8,3830081429011,Hrana,"2,49"
Proteini Kreatin,6907688,0.2,200g,,15.99,,,79.95,3830069176906,Hrana,"15,99"
WC Net Gel za odèepljivanje odvoda,6907689,2.32,2x1l,,4.99,,,2.5,3858893904731,Sredstva za èišæenje,"4,99"
"Pan Lager svijetlo pivo 4,8%",6907816,4,"8x0,5l",,8.99,,,2.25,3858887584628,Piæe,"7,79"
Braèki melem s pèel. proiz. SK1,6907826,0.03,30ml,,3.99,,,133,0792649585405,Kozmetika,"3,99"
MIH sirana dimljeni ovèji sir,6907833,0.2,200g,,6.99,,,34.95,3859893853517,Hrana,"6,99"
"MIH sirana Tartufin, sir s tartufom",6907834,0.2,200g,,6.99,,,34.95,3859893853494,Hrana,"6,99"
Faks Det. za pr. rublja Superactive,6907863,3.51,"3,51kg",,8.69,,,2.48,3850105176646,Sredstva za èišæenje,"8,69"
"'z bregov Svježe mlijeko 3,2% m.m.",6901020,1.75,"1,75l",,2.42,,,1.38,3850108011753,Hrana,"2,42"
Lino èokolino,6901035,1.8,"1,8kg",,9.49,,,5.27,3850104281600,Hrana,"7,96"
Kinder Èokolada 12 komada,6901037,0.15,150g,,2.39,,,15.93,4008400203829,Hrana,"1,99"
"Jaja podni uzgoj, razred M, 10 kom.",6901107,0.58,10komad,Okusi zavièaja,2.89,,,0.29,20660994,Hrana,"2,49"
"Jaja podni uzgoj, razred M, 10 kom.",6901107,0.58,10komad,Okusi zavièaja,2.89,,,0.29,4056489317067,Hrana,"2,49"
"Svinjsko carsko sk, odrezak",6901223,0.6,600g,Naša mesnica,4.39,,,7.32,20661458,Hrana,"3,99"
Tuš za oèi SK3 ,0120329,0.006,1komad,Cien Beauty,2.35,,,2.35,20907983,Kozmetika,"2,35"
Francuska salama SK2,0120499,0.25,250g,Duc de Coeur,3.65,,,14.6,20771287,Hrana,Nije_bilo_u_prodaji_02.05.2025
Francuska salama SK2,0120499,0.25,250g,Duc de Coeur,3.65,,,14.6,20771300,Hrana,Nije_bilo_u_prodaji_02.05.2025
Šeæerna glazura SK2,0120622,0.125,125g,Belbake,0.99,,,7.92,20774905,Hrana,"0,99"
Chips SK2,0120701,0.2,200g,Alpenfest,1.59,,,7.95,20778286,Hrana,"1,59"
Apr?s Sun Aloe Vera&Intensiv.SK1,0120742,0.253,250ml,Cien Sun,2.99,,,11.96,4056489601753,Kozmetika,"2,99"
Tradicionalna kobasica Oktoberfest,0120756,0.4,400g,Alpenfest,3.49,,,8.73,20781804,Hrana,"3,49"
BO Lisnato s višnjom i pudingom,0120946,0.1,90g,,0.49,,,5.44,20786458,Hrana,"0,49"
Gouda mlada,0121223,0.45,450g,Milbona,5.99,,,13.31,20800208,Hrana,"5,79"
Pileæi medaljoni,0121397,0.2,200g,,2.39,,,11.95,20804251,Hrana,"2,39"
Peèena govedina SK1,0121795,0.09,90g,Deluxe,3.39,,,37.67,20769895,Hrana,"3,39"
Posvjetljivaè noktiju,0121892,0.011,11ml,Cien Beauty,1.59,,,1.59,20872496,Kozmetika,"1,59"
Višenamjenske vlažne maramice,0121962,0.498,100komad,W5,1.49,,,0.01,4056489268413,Proizvodi za kuæanstvo,"1,49"
Èok. bomboni s mlij. punjenjem SK1,0179726,0.2,200g,Mister Choc,3.49,,,17.45,4056489697411,Hrana,"3,49"
Namaz od egzotiènog voæa SK1,0180067,0.25,250g,Deluxe,2.19,,,8.76,4056489704249,Hrana,"1,69"
Namaz od egzotiènog voæa SK1,0180067,0.25,250g,Deluxe,2.19,,,8.76,4056489704256,Hrana,"1,69"
Namaz od egzotiènog voæa SK1,0180067,0.25,250g,Deluxe,2.19,,,8.76,4056489704263,Hrana,"1,69"
Slojeviti desert od sladoleda  SK1,0180111,0.37,473ml,Deluxe,2.79,,,5.9,4056489697732,Hrana,"3,49"
Slojeviti desert od sladoleda  SK1,0180111,0.37,473ml,Deluxe,2.79,,,5.9,4056489697749,Hrana,"3,49"
Tvrdi bomboni SK1,0180452,0.095,"80g, 100g",Amanie,,0.75,1.09,7.5,4056489713333,Hrana,"1,09"
Trio salama,0180746,0.12,120g,Deluxe,3.19,,,26.58,4056489714910,Hrana,"3,29"
Talijanska kobasica SK24,0180753,0.1,100g,Deluxe,2.29,,,22.9,4056489714958,Hrana,"2,89"
BO Pšenièni bijeli kruh,0180897,0.28,250g,-,1.49,,,5.96,4054622011698,Hrana,"1,49"
Poslastice za pse SK15,0181760,0.2,200g,Orlando,2.99,,,14.95,4056489593195,Proizvodi za kuæanstvo,"2,99"
SweetLife Erythritol,0181833,0.5,500g,,4.59,,,9.18,7640122995858,Hrana,"4,59"
Mochis u obliku srca,0182507,0.21,6x35g,Für Dich,4.99,,,23.76,4056489746416,Hrana,"4,49"
Univerzalno sred. za èišæenje SK1,0182565,1,1l,W5,1.69,,,1.69,4056489749660,Sredstva za èišæenje,"1,69"
Proteinski miks za palaèinke SK1,0182807,0.15,150g,Belbake,2.49,,,16.6,4056489751397,Hrana,"2,49"
Q10 + Vitamin C Dnevna krema SK1,0182905,0.049,50ml,Cien,2.89,,,57.8,4056489638728,Kozmetika,"2,89"
Praline poklon pakiranje,0183192,0.25,250g,Für Dich,4.65,,,18.6,4056489753278,Hrana,"5,59"
Easy snack XXL SK1,0183860,0.725,"700g,750g",Chef Select,6.99,,,9.32,4056489754985,Hrana,"6,99"
BO Mini baguette,0184003,0.09,80g,,0.59,,,7.38,4056489758815,Hrana,"0,59"
Cappuccino liker 17%,0184256,0.683,"0,7l",Romanetti,9.49,,,13.56,4304493268708,Piæe,"7,59"
Kotanyi Secrets SK4,0184462,0.035,"25g,30g,35g,38g,40g",,0.65,,,0.65,9001414010150,Hrana,"0,79"
Kotanyi Secrets SK4,0184462,0.035,"25g,30g,35g,38g,40g",,0.65,,,0.65,9001414034651,Hrana,"0,79"
Kotanyi Secrets SK4,0184462,0.035,"25g,30g,35g,38g,40g",,0.65,,,0.65,9001414037133,Hrana,"0,79"
Tuna u suncokretovom ulju XXL,0184669,0.75,750g,Sol&Mar,7.99,,,10.65,4056489789277,Hrana,"7,99"
Suhi šampon SK2,0184963,0.12,200ml,Cien,1.69,,,8.45,4056489572107,Kozmetika,Nije_bilo_u_prodaji_02.05.2025
Leone sladoled SK1,0185400,0.52,4x130ml,,2.99,,,5.75,3830083670961,Hrana,Nije_bilo_u_prodaji_02.05.2025
Sladoled SK92,0185764,0.508,1000ml,Bon Gelati,3.49,,,3.49,20001360,Hrana,"3,49"
Proteinska ploèica SK6,0185837,0.045,45g,Sportyfeel,1.39,,,1.39,4056489789918,Hrana,Nije_bilo_u_prodaji_02.05.2025
Zaèinjene tagliatelle SK10,0186184,0.5,500g,Deluxe,2.49,,,4.98,4056489798323,Hrana,"1,89"
Kava Royal RFA 100% Robusta,0186195,0.2,200g,Bellarom,6.99,,,34.95,20113148,Piæe,"6,99"
Kava Royal RFA 100% Robusta,0186195,0.2,200g,Bellarom,6.99,,,34.95,4056489798354,Piæe,"6,99"
Instant kava RFA 100% Robusta,0186202,0.2,200g,Bellarom,4.49,,,22.45,4056489798415,Piæe,"5,99"
Veganski narezak SK5,0165951,0.08,80g,Vemondo,1.29,,,16.13,4056489470731,Hrana,"1,29"
Keksi od ðumbira bez glutena,0166363,0.15,150g,Sondey,2.29,,,15.27,4056489487173,Hrana,"1,79"
Hummus XXL SK1,0167094,0.3,300g,Chef Select,1.39,,,4.63,4056489447207,Hrana,"1,39"
Princes Krafne SK5,0167106,0.4,400g,MCENNEDY,5.59,,,13.98,4056489495628,Hrana,"5,59"
Juha na talijanski naèin SK2,0167235,0.4,400ml,Italiamo,1.39,,,3.48,20450212,Hrana,"1,39"
Tortilla XXL,0167774,0.74,740g,Tastino,2.29,,,3.09,4335619217676,Hrana,"2,29"
Family Smoothie SK2,0167992,0.793,"0,75l",Solevita,3.19,,,4.25,4304493266711,Hrana,"3,19"
Lagani snackovi SK8,0168202,0.25,250g,Culinea,2.79,,,11.16,20644369,Hrana,"2,79"
Mesni sir XXL SK1,0168204,0.492,"450g,500g",Dulano,3.99,,,8.87,4056489520306,Hrana,"3,99"
Jogurt SK17,0168449,0.175,175g,Milbona,0.89,,,5.09,4056489404965,Hrana,"0,89"
Speyside Single Malt 40%,0129540,0.7,0.7l,Ben Bracken,16.99,,,24.27,4304493271005,Piæe,Nije_bilo_u_prodaji_02.05.2025
Sigurnosni štapiæi za uši,0130996,0.034,72komad,Lupilu Nature,0.85,,,0.01,20975227,Toaletne potrepštine,"0,85"
Baguettes XXL SK1,0131007,0.525,3x175g,Chef Select,2.49,,,4.74,4056489447573,Hrana,"2,79"
Nivea Sun Ulje u spreju s karotenom,6903609,0.2,200ml,,7.29,,,36.45,4005900478566,Kozmetika,"7,29"
Šljivovica 38%,6903625,0.552,"0,5l",,9.95,,,19.9,3859890900023,Piæe,"9,95"
"BO Meksièka rolica, 110g",6903630,0.11,110g,,,0.9,0.99,8.18,3859890733904,Hrana,"0,99"
Frondi maxi nougat vafel,6903648,0.25,250g,,2.59,,,10.36,3850102002221,Hrana,"2,45"
President mladi kajmak,6903655,0.25,250g,,4.49,,,17.96,8606002110895,Hrana,"3,99"
Pringles Original,0001022,0.165,165g,,3.49,,,21.15,5053990101573,Hrana,"3,49"
Zottarella Rolle Classic,0207375,0.25,250g,,1.65,,,6.6,4014500509563,Hrana,"1,65"
Vegan Snacks SK4,0207700,0.23,230g,Vemondo,3.69,,,16.04,4335619030336,Hrana,Nije_bilo_u_prodaji_02.05.2025
Salama sa sirom SK1,0207984,0.12,120g,Duc de Coeur,2.19,,,18.25,4335619031531,Hrana,Nije_bilo_u_prodaji_02.05.2025
Salama sa sirom SK1,0207984,0.12,120g,Duc de Coeur,2.19,,,18.25,4335619031548,Hrana,Nije_bilo_u_prodaji_02.05.2025
Èokoladna jaja SK1,0208602,0.4,400g,Mister Choc,6.29,,,15.73,4335619037335,Hrana,Nije_bilo_u_prodaji_02.05.2025
"""N"" WC osvježivaè 4x40g SK1",0209303,0.16,4x40g,,0.95,,,5.94,4056489882022,Sredstva za èišæenje,"0,99"
Tortilla èips SK15,0209460,0.2,200g,Snack Day,1.09,,,5.45,4335619046290,Hrana,"1,09"
Tortilla èips SK13,0209461,0.2,200g,Snack Day,1.09,,,5.45,4335619046276,Hrana,"1,09"
Kapsule za kavu Modena Lungo XXL,0210583,0.285,285g,Bellarom,6.99,,,24.53,4335619058095,Piæe,"6,99"
Veganski narezak SK3,0211121,0.125,125g,Vemondo,1.99,,,15.92,4335619063006,Hrana,"1,69"
"Käsewelt gouda, cca.3kg",0211915,1,ca. 3kg,,5.99,,,5.99,2802217000000,Hrana,"5,99"
"Käsewelt gouda, cca.3kg",0211915,1,ca. 3kg,,5.99,,,5.99,2824790000000,Hrana,"5,99"
Pizza 4 vrste sira XXL,0212112,1.02,3x340g,Trattoria Alfredo,5.99,,,5.87,4335619077270,Hrana,"6,49"
Mini posip za kolaèe SK2,0214044,0.053,"55g,50g",Belbake,1.99,,,39.8,4335619085282,Hrana,Nije_bilo_u_prodaji_02.05.2025
Karamela kocke,0215229,0.075,75g,Belbake,1.99,,,26.53,4335619100602,Hrana,Nije_bilo_u_prodaji_02.05.2025
Veganski namaz SK1,0215252,0.15,150g,Vemondo,1.89,,,12.6,4335619100954,Hrana,"1,79"
Krem sir SK84,0215272,0.125,125g,Milbona,1.99,,,15.92,4335619101012,Hrana,"1,99"
Premium Vanilin šeæer,0215971,0.024,24g,Belbake,0.95,,,0.95,4335619105522,Hrana,"0,95"
Štapiæi za dentalnu njegu pasa SK1,0216941,0.27,270g,Orlando,1.49,,,5.52,4335619110298,Proizvodi za kuæanstvo,"1,49"
Štapiæi za dentalnu njegu pasa SK1,0216941,0.27,270g,Orlando,1.49,,,5.52,4335619110311,Proizvodi za kuæanstvo,"1,49"
Violeta Baby pelene Junior 5,6908223,3.63,104komad,,19.99,,,0.19,3870128033023,Toaletne potrepštine,"19,99"
Mileram 22%,6908235,0.3,300g,Pilos,1.49,,,4.97,4056489925767,Hrana,"1,49"
Voal Šampon za pranje kose Kopriva,6908246,1.01,1l,,0.99,,,0.99,3858890127812,Kozmetika,"1,09"
"Jaja iz kaveznog uzgoja, razred ""S""",6908253,0.5,10komad,,0.99,,,0.1,3859892521035,Hrana,"0,99"
Dalmatinska buðola ,6908257,0.25,250g,Okusi zavièaja,5.79,,,23.16,4056489925835,Hrana,Nije_bilo_u_prodaji_02.05.2025
Dalmatinska peèenica,6908258,0.25,250g,Okusi zavièaja,5.39,,,21.56,4056489925842,Hrana,Nije_bilo_u_prodaji_02.05.2025
Èajna kobasica narezak,6908269,0.25,250g,Pikok,2.99,,,11.96,4056489925897,Hrana,"2,85"
Podravka Proljetna juha,6908286,0.05,50g,,0.99,,,19.8,3850104295201,Hrana,"0,99"
Dipterol Family Losion,6908291,0.2,200ml,,7.99,,,39.95,3856007911699,Proizvodi za kuæanstvo,"7,99"
Nivea Gel za tuširanje SK1,6908301,0.512,500ml,,5.99,,,11.98,9005800282480,Kozmetika,"4,49"
Nivea Gel za tuširanje SK1,6908301,0.512,500ml,,5.99,,,11.98,9005800286570,Kozmetika,"4,49"
Nivea Essentiall Krema SK1,6908309,0.051,50ml,,6.99,,,139.8,4005900935540,Kozmetika,"6,99"
Nivea Dezodorans SK1,6908316,0.155,250ml,,6.29,,,25.16,9005800379203,Kozmetika,"6,29"
Tata Mata Pileæa hrenovka,6908331,0.5,500g,,1.99,,,3.98,3858890933161,Hrana,"1,99"
Tata Mata Pileæa grill kobasica,6908332,0.5,500g,,3.29,,,6.58,3858890933185,Hrana,"3,29"
Sorger Salama obložena paprom,6908349,0.075,75g,,1.99,,,26.53,9002055002399,Hrana,"1,99"
Naturel Magnezij tablete,6908362,0.064,100komad,,4.35,,,0.04,3858889361432,Hrana,"4,35"
Naturel Mini Classic dvopek XXL,6908365,0.35,350g,,2.99,,,8.54,3858889366345,Hrana,"2,99"
Rio Mare Insalatissime kukuruz duop,6908374,0.32,2x160g,,4.25,,,13.28,8004030352513,Hrana,"4,29"
Kajzerice 5x50g,6908386,0.25,5x50g,Tastino,0.65,,,2.6,3850135242731,Hrana,"0,65"
BO Premium Craft kruh,6908396,0.4,400g,,1.49,,,3.73,3858889619168,Hrana,"2,29"
Punjena pljeskavica pance. i sirom,6908414,0.465,465g,Naša mesnica,4.69,,,10.09,4056489926115,Hrana,"4,69"
Paulaner Münchener Svijetlo pivo,6908417,2,"4x0,5l",,5.59,,,2.8,4066600311812,Piæe,"5,59"
"""Venus"" Vranac poluslatko",6908439,1,1l,,4.69,,,4.69,3859892866884,Piæe,"4,49"
Thomas Henry Wild Berry,6908462,0.75,"0,75l",,3.69,,,4.92,4251760801796,Piæe,"3,99"
"Vintage Pelinkovac & Tonik 4,5 vol.",6908465,0.339,"0,33l",,1.59,,,4.82,3859894287014,Piæe,"1,59"
Ledo Bananko sladoled štapiæ,6908474,0.184,3x85ml,,3.99,,,15.65,3850116064147,Hrana,"3,99"
Biljni èaj XXL SK1,6908497,0.081,"40x2.250g,50x1.500g",Lord Nelson,0.99,,,13.2,4056489926252,Piæe,Nije_bilo_u_prodaji_02.05.2025
"Podravka Èajna kobasica, nar. XXL",6908523,0.3,300g,,5.99,,,19.97,3856020261870,Hrana,"5,99"
Merlot kvalitetno vino,6908536,0.75,"0,75l",Winemakers of Croatia,5.49,,,7.32,4056489926269,Piæe,"5,49"
BB Krema za lice SK5,0098901,0.052,50ml,Cien,2.64,,,52.8,4056489036265,Kozmetika,2.64
Friskies hrana za pse pil. i gove.,0000508,10,10kg,Nestlé,23.99,,,2.4,7613031395491,Proizvodi za kuæanstvo,"27,99"
Nescafé Classic 200g+20g gratis,0000512,0.22,220g,,7.99,,,36.32,7891000365779,Piæe,"6,49"
Always Ultra Quattro ulošci SK,0000536,0.165,"40komad,24komad,28komad,20komad",,4.99,,,0.25,4015400489764,Toaletne potrepštine,"4,99"
Always Ultra Quattro ulošci SK,0000536,0.165,"40komad,24komad,28komad,20komad",,4.99,,,0.18,8006540903766,Toaletne potrepštine,"4,99"
Always Ultra Quattro ulošci SK,0000536,0.165,"40komad,24komad,28komad,20komad",,4.99,,,0.21,8700216171342,Toaletne potrepštine,"4,99"
Naturella Ultra ulošci SK,0000538,0.148,"40komad,32komad,28komad",,4.79,,,0.12,4015400197546,Toaletne potrepštine,"4,79"
Naturella Ultra ulošci SK,0000538,0.148,"40komad,32komad,28komad",,4.79,,,0.12,8006540399521,Toaletne potrepštine,"4,79"
FA Dezodorans Pink Passion,0000567,0.094,150ml,Henkel,1.99,,,13.27,3838824116204,Kozmetika,"1,99"
Belvita Breakfast èok. keks s žita.,0000578,0.225,225g,,1.59,,,7.07,7622210899316,Hrana,"1,59"
"Perwoll Light Colors, 80WL",0000627,4.12,4l,,13.99,,,3.5,9000101827088,Sredstva za èišæenje,Nije_bilo_u_prodaji_02.05.2025
"Ariel kapsule All in One Color, 50k",0000660,1.025,50kom,,17.99,,,0.36,8001090250681,Sredstva za èišæenje,"17,99"
"Ariel tekuæi deterdžent Color, 64pr",0000668,3.35,"3,2l",,17.99,,,5.62,8006540878927,Sredstva za èišæenje,"17,99"
"Persil 4u1 Discs Universal, 60 kom.",0000690,0.99,60 komada,,18.99,,,0.32,9000101830910,Sredstva za èišæenje,Nije_bilo_u_prodaji_02.05.2025
"Somat Caps Excellence 5in1, 80 kom.",0000696,1.488,80 kom,,17.99,,,0.22,9000101831672,Sredstva za èišæenje,Nije_bilo_u_prodaji_02.05.2025
Haribo gumeni bomboni Mega Roulette,0000699,0.045,45g,,0.69,,,15.33,4001686372586,Hrana,"0,69"
Lenor omekšivaè Spring Awake 71pr.,0000703,1.491,"1,49l",,6.55,,,4.4,8700216724074,Sredstva za èišæenje,Nije_bilo_u_prodaji_02.05.2025
Taft sprej za kosu PowerCashm,0000737,0.305,400ml,Henkel,5.49,,,13.73,4015100810622,Kozmetika,"4,59"
Persil Tekuæi deterdžent Expert Se.,0000743,3.722,"3,6l",Henkel,15.29,,,4.25,9000101806458,Sredstva za èišæenje,"15,29"
Persil tekuæi deter. lavanda 100pr.,0000744,4.653,"4,5l",Henkel,19.99,,,4.44,9000101567090,Sredstva za èišæenje,"19,99"
Perwoll tekuæi deterdž. Color 60pr,0000752,3.084,3l,Henkel,11.49,,,3.83,9000101808568,Sredstva za èišæenje,"11,49"
Perwoll tekuæi deterdžent Color ,0000757,4.112,4l,Henkel,13.99,,,3.5,9000101810172,Sredstva za èišæenje,"13,99"
Perwoll Tekuæi det. Color 40 pranja,0000760,2.056,2l,,8.95,,,4.48,9000101810479,Sredstva za èišæenje,"8,95"
Merci Winter Chocolate 250g,0000808,0.25,250g,,4.99,,,19.96,4014400933239,Hrana,Nije_bilo_u_prodaji_02.05.2025
Mlijeèni desert SK21,0001004,0.515,900ml,Bon Gelati,3.99,,,4.43,20288075,Hrana,"3,49"
"Filet lososa s kožom, cca. 200-400g",0124551,1,ca. 200-400g,-,,14.99,19.99,14.99,2895634000000,Hrana,"19,99"
"Filet lososa s kožom, cca. 200-400g",0124551,1,ca. 200-400g,-,,14.99,19.99,14.99,2895638000000,Hrana,"19,99"
Rumenilo SK5,0126194,0.005,1komad,Cien,2.39,,,2.39,20030698,Kozmetika,"2,39"
Božiæni kolaèiæi s marc. i rumom,0126875,0.23,230g,Deluxe,4.49,,,19.52,20893330,Hrana,"4,29"
BBQ kobasice SK1,0195050,0.22,220g,Deluxe,2.89,,,13.14,4056489904625,Hrana,"3,03"
BBQ kobasice SK1,0195050,0.22,220g,Deluxe,2.89,,,13.14,4056489904632,Hrana,"3,03"
Mesne okruglice orijentalne SK1,0195122,0.28,280g,1001 delights,2.79,,,9.96,4056489904946,Hrana,"2,79"
Tradicionalni Hummus SK3,0195648,0.2,200g,-,1.39,,,6.95,4056489456551,Hrana,"1,39"
BO Mini krafna sa èokoladom ,0195806,0.024,24g,,0.35,,,0.35,4335619171367,Hrana,"0,35"
Jogurt s Yuzu SK1,0196202,0.15,150g,Vitasia,0.69,,,4.6,4056489917663,Hrana,"0,59"
Jogurt s Yuzu SK1,0196202,0.15,150g,Vitasia,0.69,,,4.6,4056489917670,Hrana,"0,59"
Obrok u boci SK4,0196805,0.5,500ml,Pilos,2.99,,,5.98,4304493270336,Hrana,"2,79"
Maramice za èišæenje lica SK2,0197694,0.167,2x25komad,Cien,1.59,,,0.03,4056489916307,Proizvodi za kuæanstvo,"1,59"
"Grickalice za maèke, SK4",0198601,0.15,150g,Coshida,1.29,,,8.6,4056489928225,Proizvodi za kuæanstvo,"1,29"
"Grickalice za maèke, SK4",0198601,0.15,150g,Coshida,1.29,,,8.6,4056489928232,Proizvodi za kuæanstvo,"1,29"
Liker od zelenog èaja,0199129,0.684,"0,7l",,3.17,,,4.53,4304493272187,Piæe,Nije_bilo_u_prodaji_02.05.2025
Bio voæna kašica SK1,0199176,0.4,4x100g,Lupilu,2.49,,,6.23,4056489691440,Hrana,"2,19"
Bio voæna kašica SK1,0199176,0.4,4x100g,Lupilu,2.49,,,6.23,4056489691457,Hrana,"2,19"
Premium pelene za novoroðenèe vel.1,0199588,0.45,26komad,Lupilu,3.49,,,0.13,4056489947349,Toaletne potrepštine,"3,49"
Alkalna baterija AA,0199972,0.27,12komad,Tronic,2.69,,,0.22,4335619081185,Proizvodi za kuæanstvo,"2,69"
Alkalna baterija AA,0199972,0.27,12komad,Tronic,2.69,,,0.22,4335619349124,Proizvodi za kuæanstvo,"2,69"
"Snickers èokoladica, 50g",0201015,0.05,50g,,0.99,,,19.8,5000159461122,Hrana,"0,99"
Prosecco Frizzante,0201105,0.2,"0,2l",Allini,1.99,,,9.95,4056489927747,Piæe,"1,99"
Papirnate èaše,0202801,0.061,12komad,Grillmeister,0.79,,,0.07,4056489990253,Proizvodi za kuæanstvo,"0,99"
Hrana za maèke 4x100g SK3,0202903,0.4,4x100g,Coshida,1.59,,,3.98,4056489694502,Proizvodi za kuæanstvo,"1,59"
Double sladoled na štapiæu SK16,0203637,0.288,"4x85ml,4x90ml",Gelatelli,4.49,,,13.21,4335619173262,Hrana,"4,49"
Nadopuna za tekuæi sapun SK1,0203827,1.25,"1,25l",Cien,1.69,,,1.35,4056489624325,Kozmetika,"1,69"
Bou.MarsMil.SnickerTwiMin SK5,0203889,0.227,227g,,3.99,,,17.58,5000159561464,Hrana,"3,59"
Bou.MarsMil.SnickerTwiMin SK5,0203889,0.227,227g,,3.99,,,17.58,5000159562232,Hrana,"3,59"
Bou.MarsMil.SnickerTwiMin SK5,0203889,0.227,227g,,3.99,,,17.58,5000159562508,Hrana,"3,59"
M&M's SK1,0203908,0.139,"128g,150g",,3.29,,,25.7,5000159454346,Hrana,Nije_bilo_u_prodaji_02.05.2025
BO Èoko fantazija,0204103,0.1,100g,,1.49,,,14.9,4335619009981,Hrana,"1,49"
Humus SK56,0205149,0.175,175g,Chef Select,1.49,,,8.51,4056489961321,Hrana,"1,19"
Smrznuto voæe XXL SK7,0205394,0.925,"1000g,750g",Freshona,4.99,,,6.65,20535186,Hrana,"4,49"
XXL Zaèin za salatu u limenci SK1,0205405,0.154,"140g,155g,160g,165g",Kania,2.39,,,15.42,4335619015234,Hrana,"2,99"
XXL Zaèin za salatu u limenci SK1,0205405,0.154,"140g,155g,160g,165g",Kania,2.39,,,14.48,4335619015234,Hrana,"2,99"
Pro Vitamin Šampon SK5,0206646,0.413,400ml,Cien,1.99,,,4.98,4056489994152,Kozmetika,"1,99"
Pro Vitamin Šampon 2u1  SK1,0206650,0.413,400ml,Cien,2.09,,,5.23,4056489994220,Kozmetika,"2,09"
Zott Jogobella jogurt SK1,0206727,0.15,150g,,0.69,,,4.6,4014500503646,Hrana,"0,65"
Zott Monte Mega Original,0206839,0.4,400g,,1.89,,,4.73,4014500516288,Hrana,"1,89"
Owolovo smoothie SK1,5549581,0.265,250ml,,1.29,,,5.16,5901958613791,Hrana,Nije_bilo_u_prodaji_02.05.2025
Voæni mousse XXL SK5,5550523,0.2,200g,Freshona,0.99,,,4.95,4056489584384,Hrana,"0,99"
Voæni mousse XXL SK5,5550523,0.2,200g,Freshona,0.99,,,4.95,4056489766483,Hrana,"0,99"
Lampion Kalia 80g/30h,5552194,0.43,1komad,-,2.25,,,2.25,4056489663775,Proizvodi za kuæanstvo,"2,25"
Madej Wróbel Hot Dog,5552639,0.135,135g,,1.29,,,9.56,5904617389464,Hrana,"1,29"
Trièetvrtmasni maslac,5553952,0.2,200g,Pilos,1.85,,,9.25,5900120025905,Hrana,"1,79"
Kobasice od sojinog povræa,5555976,0.225,225g,Vemondo,2.39,,,10.62,4056489785217,Hrana,"2,39"
"Gel za intimnu njegu, SK3",5556056,0.41,400ml,Siempre,1.69,,,4.23,4056489785354,Kozmetika,"1,69"
Topljeni sir u listiæima SK1,5557931,0.25,250g,Pilos,1.99,,,7.96,5901126014108,Hrana,"1,99"
Omekšivaè Ruža&Jasmin 100 pranja,5559943,3,3l,Doussy,3.79,,,1.26,4056489880264,Sredstva za èišæenje,"3,69"
Krem sapun SK2,5568858,0.15,150g,Cien,0.79,,,5.27,4335619189522,Kozmetika,Nije_bilo_u_prodaji_02.05.2025
Mirisne luèice SK8 ,5569779,0.214,18komad,-,1.59,,,0.09,4335619141377,Proizvodi za kuæanstvo,"1,59"
Bijela èokolada,5571107,0.1,100g,-,1.09,,,10.9,5905858674654,Hrana,"1,19"
Latte Sticks SK1,5582302,0.166,"8x18,5g, 8x23g",Bellarom,1.69,,,11.42,4056489686187,Piæe,Nije_bilo_u_prodaji_02.05.2025
Gotova jela s tjesteninom SK51,0013144,0.75,750g,Chef Select,4.99,,,6.65,4335619084919,Hrana,Nije_bilo_u_prodaji_02.05.2025
Handcooked chips SK2,6903902,0.125,125g,Snack Day,1.29,,,10.32,4056489612131,Hrana,"1,29"
Violeta tek.deterd.Prot. Black 66pr,6904004,4.12,"3,96l",,5.99,,,1.51,3870128017023,Sredstva za èišæenje,"6,89"
Livanjski sir SK2,6904092,0.3,300g,Pilos,5.99,,,19.97,4056489073949,Hrana,"5,89"
Tabasco umak ljuti,6904110,0.06,60ml,,4.59,,,76.5,0011210000018,Hrana,"4,59"
"Kiseli kupus glavica, cca. 1kg",6904118,1,ca 1kg,Okusi zavièaja,1.99,,,1.99,2143902000000,Hrana,"1,79"
"Kiseli kupus glavica, cca. 1kg",6904118,1,ca 1kg,Okusi zavièaja,1.99,,,1.99,2143904000000,Hrana,"1,79"
"Kiseli kupus glavica, cca. 1kg",6904118,1,ca 1kg,Okusi zavièaja,1.99,,,1.99,2143905000000,Hrana,"1,79"
"Kiseli kupus glavica, cca. 1kg",6904118,1,ca 1kg,Okusi zavièaja,1.99,,,1.99,2891892000000,Hrana,"1,79"
"Kiseli kupus glavica, cca. 1kg",6904118,1,ca 1kg,Okusi zavièaja,1.99,,,1.99,4056489316411,Hrana,"1,79"
The Natural Krema za lice SK1,6904123,0.05,50ml,,5.19,,,103.8,3859893507182,Kozmetika,"5,19"
Omekšivaè 80 pranja SK2,0170888,1.998,2l,Doussy,2.99,,,0.04,4056489587798,Sredstva za èišæenje,"2,99"
Château Thibault AOP Bordeaux blanc,0171112,0.75,"0,75l",,3.99,,,5.32,3021891075127,Piæe,"3,99"
Premium masline SK3,0171233,0.15,150g,Deluxe,2.29,,,15.27,4056489554073,Hrana,"1,99"
Prešane kosti za žvakanje SK2,0171463,0.106,"100g,170g,80g",Orlando,1.69,,,15.94,4056489546375,Proizvodi za kuæanstvo,"1,69"
Juha od vrganja,0171655,0.052,52g,Kania,0.65,,,12.5,4056489572428,Hrana,"0,65"
Grèki jogurt SK3,0171973,0.5,500g,Milbona,,1.65,2.19,3.3,4056489571131,Hrana,"2,19"
High Protein puding SK8,0172111,0.2,200g,Milbona,1.05,,,5.25,4056489273264,Hrana,"0,99"
Èokoladna jaja SK2,0172336,0.15,150g,Favorina,2.51,,,16.73,4335619326262,Hrana,Nije_bilo_u_prodaji_02.05.2025
Italiano Prosecco DOC Spumante,0173145,0.75,"0,75l",,7.99,,,10.65,8051566563609,Piæe,"7,99"
Mini Pizza Kombi,0173215,0.52,520g,Italiamo,2.05,,,3.94,4056489593225,Hrana,"2,59"
Veganska kava SK1,0173661,0.235,235ml,Vemondo,0.79,,,3.36,4056489591511,Hrana,"0,79"
Veganska kava SK1,0173661,0.235,235ml,Vemondo,0.79,,,3.36,4056489591528,Hrana,"0,79"
Umak 2u1 SK1,0173677,0.19,190g,MCENNEDY,1.79,,,9.42,4056489604433,Hrana,"1,99"
Punjeni vafli SK1,7407754,0.32,4x80g,Confiserie Firenze,3.69,,,11.53,4056489569183,Hrana,"3,39"
Punjeni vafli SK1,7407754,0.32,4x80g,Confiserie Firenze,3.69,,,11.53,4056489569190,Hrana,"3,39"
Yuzu Desert,7408402,0.12,2x60g,Vitasia,2.59,,,21.58,4056489740551,Hrana,"2,39"
Svježi macaroni,7408733,0.144,12x12g,,3.49,,,24.24,4056489741596,Hrana,"3,49"
Namaz od povræa SK1,7503072,0.115,115g,Vemondo,1.09,,,9.48,4056489332664,Hrana,"1,09"
Tofu,7512124,0.18,180g,Vitasia,0.99,,,5.5,4335619086456,Hrana,"0,99"
"""Džiugas"" Mild Hartkäse 40% 12M,Wür",7600331,0.1,100g,,2.29,,,22.9,4770299390583,Hrana,Nije_bilo_u_prodaji_02.05.2025
Sirna ploèica,7606090,0.04,40g,Pilos,0.59,,,14.75,4056489328032,Hrana,"0,59"
Knedle na bavarski naèin SK2,7700378,0.4,400g,Alpenfest,2.79,,,6.98,20249526,Hrana,"2,19"
Tortelloni/Njoki od krumpira SK7,7701351,0.323,"250g,500g",Combino,1.19,,,4.76,20830984,Hrana,"1,19"
Tortelloni/Njoki od krumpira SK7,7701351,0.323,"250g,500g",Combino,1.19,,,4.76,20831004,Hrana,"1,19"
Tortelloni/Njoki od krumpira SK7,7701351,0.323,"250g,500g",Combino,1.19,,,2.38,20831004,Hrana,"1,19"
Sirup limun-bazga,6904695,1.12,1l,Solevita,,1.75,2.49,1.75,4304493259355,Piæe,"2,19"
Tekuæi jogurt š. voæe,6904723,1,1kg,Pilos,1.99,,,1.99,4056489075363,Hrana,"1,89"
BO Pizza trokut sir-šunka,6904765,0.15,150g,,1.39,,,9.27,5999006914518,Hrana,"1,39"
Marinirani jadr. inæuni u masl.ulju,6904798,0.1,100g,Okusi zavièaja,2.29,,,22.9,4056489075318,Hrana,"2,89"
Ballantines Whiskey 40% + 2 èaše gr,6908977,0.7,"0,7l",,14.49,,,20.7,5010106114667,Piæe,"12,39"
"Jaja, razred M, 10kom.",6908999,0.058,10komad,,2.45,,,0.25,3859889820806,Hrana,"2,39"
"Jaja, razred M, 10kom.",6908999,0.058,10komad,,2.45,,,0.25,4056489612452,Hrana,"2,39"
"Jaja, razred L, 10kom.",6909000,0.068,10komad,,2.89,,,0.29,3859889611138,Hrana,"2,59"
"Jaja, razred L, 10kom.",6909000,0.068,10komad,,2.89,,,0.29,4056489925026,Hrana,"2,59"
XXL Fuži,6909033,0.5,500g,Okusi zavièaja,1.99,,,3.98,4056489926870,Hrana,Nije_bilo_u_prodaji_02.05.2025
Johnnie Walker Bl. Nak. Squid Game,6909077,0.66,"0,7l",,22.99,,,32.84,5000267197999,Piæe,"28,99"
Dolcela Prašak za pecivo,6909088,0.096,8x12g,,0.69,,,7.19,3856020280116,Hrana,"0,69"
Frankovka,6909102,1,1l,Winemakers of Croatia,3.99,,,3.99,4304493260375,Piæe,"3,99"
Violeta Kuhinjski ubrusi Love,6909104,0.507,3x60Blatt,,2.29,,,0.76,3859892288952,Toaletne potrepštine,Nije_bilo_u_prodaji_02.05.2025
PP Orahovica Èips od šarana Curry,6909119,0.25,250g,,3.99,,,15.96,3858889834455,Hrana,"3,99"
Pivac Tirolska kobasica,6909141,1,1kg,,5.19,,,5.19,3858884998664,Hrana,"5,19"
Pileæa hrenovka bez e broja,6909147,0.5,500g,,1.99,,,3.98,4335619246317,Hrana,Nije_bilo_u_prodaji_02.05.2025
Shake Mirisni štapiæi s difuz. SK1,6909174,0.225,1komad,,4.99,,,4.99,3858892142622,Sredstva za èišæenje,"4,99"
Shake Mirisni štapiæi s difuz. SK1,6909174,0.225,1komad,,4.99,,,4.99,3858892142639,Sredstva za èišæenje,"4,99"
Salatmix SK1,6909217,0.185,"170g,200g",Chef Select,1.19,,,7,4335619246225,Hrana,Nije_bilo_u_prodaji_02.05.2025
Salatmix SK1,6909217,0.185,"170g,200g",Chef Select,1.19,,,5.95,4335619246249,Hrana,Nije_bilo_u_prodaji_02.05.2025
Mlinci (bez jaja) XXL,6909233,0.4,400g,Okusi zavièaja,0.75,,,1.88,4335619246492,Hrana,Nije_bilo_u_prodaji_02.05.2025
Autan Tropical Losion,6909245,0.126,100ml,,9.79,,,97.9,5000204616392,Proizvodi za kuæanstvo,"9,79"
KH-7 Odmašæivaè,6909248,0.753,750ml,,4.69,,,6.25,8420822115065,Sredstva za èišæenje,"4,45"
Mini salama SK11,5508067,0.12,120g,Pikok,1.69,,,14.08,20858537,Hrana,"1,69"
Mini salama SK11,5508067,0.12,120g,Pikok,1.69,,,14.08,20858544,Hrana,"1,69"
Èileanske suhe šljive bez koštica,5508657,0.2,200g,Alesto,1.49,,,7.45,4056489119395,Hrana,"1,49"
Vafli od riže SK10,5510198,0.1,100g,-,0.99,,,9.9,20146986,Hrana,"0,79"
Vafli od riže SK10,5510198,0.1,100g,-,0.99,,,9.9,20858667,Hrana,"0,79"
Punjena mlijeèna èok. RFA SK2,5510305,0.1,100g,Fin Carré,1.29,,,12.9,20902476,Hrana,"1,19"
Sok od naranèe,5512330,1.04,1l,Solevita,2.39,,,2.39,4056489585800,Piæe,1.89
Sok od jabuke,5512331,1,1l,Solevita,1.29,,,1.29,4056489585817,Piæe,"1,29"
Aranžmani SK4,6908589,1.28,1komad,,27.99,,,27.99,3858889011924,Proizvodi za kuæanstvo,"27,99"
Hippis Bio Smoothie Pouch,6908597,0.12,120g,,1.39,,,11.58,4062300325111,Hrana,"1,39"
Mr. Brownie s aromom limuna,6908604,0.2,200g,,2.59,,,12.95,8411037892476,Hrana,"2,59"
Mr. Brownie s bijelom èokoladom,6908606,0.2,200g,,2.59,,,12.95,8411037884624,Hrana,"2,69"
Corega tablete za èiš. zub. proteza,6908630,0.1,30komad,,6.19,,,0.21,3830029293155,Kozmetika,"6,19"
FROZY Panirani riblji oblici,6908641,0.33,330g,,2.49,,,7.55,3858891045603,Hrana,"2,49"
Ira Cvijet ruža 49cm SK2,6908729,0.02,1komad,,1.49,,,1.49,3856023044494,Proizvodi za kuæanstvo,Nije_bilo_u_prodaji_02.05.2025
Ribella Hummus s buèinim sjemenkama,6908736,0.2,200g,,1.99,,,9.95,8606011898869,Hrana,"1,99"
Ira Buket Krizantema/Gerber SK2,6908752,0.04,1komad,,2.99,,,2.99,3856023052949,Proizvodi za kuæanstvo,Nije_bilo_u_prodaji_02.05.2025
L'Angelica Tekuæi sapun Refill SK1,6908763,1,1000ml,,3.49,,,3.49,8017331077016,Kozmetika,"3,49"
Lumen Lampion 6x130g 16h,6908769,0.48,6x130g,,4.49,,,0.75,3870634021798,Proizvodi za kuæanstvo,"4,49"
Cekin Pileæa hrenovka sa sirom,6908780,0.1,100g,,0.85,,,8.5,3850159120800,Hrana,Nije_bilo_u_prodaji_02.05.2025
Palmolive Tekuæi sapun SK1,6908784,1.03,1000ml,,4.99,,,4.99,8714789991993,Kozmetika,"4,99"
Proteini.si 100% Natural Whey Vani.,6908828,0.4,400g,,11.99,,,29.98,3830081425372,Hrana,"12,39"
Buèino ulje,6908838,0.75,"0,75l",Okusi zavièaja,9.99,,,13.32,4056489926498,Hrana,"9,99"
Soja umak,0217321,0.174,150ml,Vitasia,1.19,,,7.93,20521493,Hrana,"1,19"
Kotanyi zaèini SK71,0217856,0.038,"33g,35g,36g,48g",,1.85,,,52.86,9001414041130,Hrana,"2,49"
Kotanyi zaèini SK71,0217856,0.038,"33g,35g,36g,48g",,1.85,,,51.39,9001414041130,Hrana,"2,49"
Kotanyi zaèini SK71,0217856,0.038,"33g,35g,36g,48g",,1.85,,,52.86,9001414041185,Hrana,"2,49"
Kotanyi zaèini SK71,0217856,0.038,"33g,35g,36g,48g",,1.85,,,51.39,9001414204245,Hrana,"2,49"
Micelarna vodica za lice SK1,0218208,0.404,400ml,Cien,2.65,,,6.63,4056489817635,Kozmetika,"2,65"
Jogurt - Müsli SK1,0218679,0.25,250g,Chef Select,2.59,,,10.36,4335619126480,Hrana,"2,49"
Croissant s nougat punjenjem,0218952,0.048,48g,Maitre Jean-Pierre,0.49,,,0.49,4335619127043,Hrana,Nije_bilo_u_prodaji_02.05.2025
Èokoladna jaja,0219061,0.3,300g,Favorina,4.86,,,16.2,4335619127364,Hrana,Nije_bilo_u_prodaji_02.05.2025
Proteinski sladoledni kup SK2,0219400,0.29,500ml,Gelatelli,3.99,,,7.98,4335619173255,Hrana,Nije_bilo_u_prodaji_02.05.2025
Kapsule za kavu vanilija,0219422,0.054,54g,Bellarom,2.19,,,40.56,4335619128934,Piæe,"1,92"
Hrana za pse u umaku SK1,0220161,0.415,415g,Bellosan,0.79,,,1.9,4335619134812,Proizvodi za kuæanstvo,"0,79"
Sirevi - specij. zemalja CH/FR SK2,0220701,1,"ca. 180g,ca. 220g,ca. 250g",Meine Käserei,29.99,,,29.99,2845840000000,Hrana,"29,99"
Jermi Sir Old Amsterdam SK2,0220706,1,ca. 220g,,24.99,,,24.99,2845760000000,Hrana,"24,99"
Veganski puding SK1,0221396,0.2,200g,Vemondo,1.29,,,6.45,4335619149557,Hrana,Nije_bilo_u_prodaji_02.05.2025
Èips SK35,0221606,0.2,200g,MCENNEDY,2.19,,,10.95,4056489414933,Hrana,"1,99"
Ginato Clem. Or&Neb Grape Ita.Gin,0221691,0.57,"0,7l",,13.99,,,19.99,5060434135995,Piæe,"13,99"
Ginato Pink Grap& an Grap Ita Gin,0221694,0.57,"0,7l",,13.99,,,19.99,5060434132079,Piæe,"13,99"
Kuglice za WC školjku SK1,0222246,0.105,3x35g,W5,2.49,,,23.71,4335619162099,Sredstva za èišæenje,"2,49"
Kondomi od prirodnog lateksa SK3,0223019,0.038,15komad,Mondos,2.29,,,0.15,4335619104662,Toaletne potrepštine,Nije_bilo_u_prodaji_02.05.2025
Bio voæni namaz SK1,0223332,0.24,240g,Maribel,2.69,,,11.21,4335619167148,Hrana,"2,39"
Vafel rolice SK7,0224327,0.4,400g,MCENNEDY,3.99,,,9.98,4335619173248,Hrana,Nije_bilo_u_prodaji_02.05.2025
Premium sladoled SK122,0224338,0.517,1000ml,Bon Gelati,3.99,,,3.99,4335619173279,Hrana,"3,99"
Sapun za ruke SK5,0224571,0.531,500ml,Cien,1.49,,,2.98,4335619135314,Kozmetika,Nije_bilo_u_prodaji_02.05.2025
Umak cherry rajèica,6000017,0.33,330g,Italiamo,0.99,,,3,20469320,Hrana,"0,99"
Svježe punjena tjestenina SK6,6000209,0.25,250g,Chef Select,1.49,,,5.96,4056489097020,Hrana,"1,49"
Burrata meki sir,6000486,0.2,200g,Italiamo,2.69,,,13.45,4056489042594,Hrana,"2,69"
Pappardelle s gljivama i tartufom,6000657,0.25,250g,Deluxe,1.89,,,7.56,20570231,Hrana,"1,89"
Pileæe i pureæe hrenovke sa sirom,6000723,0.15,150g,Dulano,0.89,,,5.93,20431648,Hrana,"0,89"
Šlag pjena,1000896,0.06,60g,Belbake,0.59,,,9.83,4335619258143,Hrana,Nije_bilo_u_prodaji_02.05.2025
Drvena igraèka s èokoladom,1001766,0.075,75g,Favorina,5.29,,,70.53,4335619267190,Hrana,Nije_bilo_u_prodaji_02.05.2025
Izolat prot. sirutke Clear W. SK1,1001915,0.36,360g,Sportyfeel,16.99,,,47.19,4335619267749,Hrana,Nije_bilo_u_prodaji_02.05.2025
Premium punjena tjestenina SK10,1001938,0.25,250g,Deluxe,2.19,,,8.76,4335619112650,Hrana,"1,83"
Premium punjena tjestenina SK10,1001938,0.25,250g,Deluxe,2.19,,,8.76,4335619112865,Hrana,"1,83"
Vege. indijsko gotovo jelo SK1,1003872,0.4,400g,Vitasia,2.79,,,6.98,4335619167391,Hrana,Nije_bilo_u_prodaji_02.05.2025
Dressing za salatu SK5,1004043,0.315,300ml,MCENNEDY,1.69,,,5.63,20148706,Hrana,Nije_bilo_u_prodaji_02.05.2025
Veganski namaz SK3,1004327,0.175,175g,Vemondo,2.19,,,12.51,4335619294592,Hrana,Nije_bilo_u_prodaji_02.05.2025
Lampion s religijskim motivom ,1005219,0.202,1komad,Livarno,1.99,,,1.99,4335619302938,Proizvodi za kuæanstvo,Nije_bilo_u_prodaji_02.05.2025
Šalica s èokoladom,1006651,0.11,110g,Favorina,4.92,,,44.73,4335619317796,Hrana,Nije_bilo_u_prodaji_02.05.2025
Pileæi burger SK1,1007336,0.5,500g,Chef Select,5.49,,,10.98,4335619326071,Hrana,Nije_bilo_u_prodaji_02.05.2025
Gnijezdo s figuricama od èokolade,1008759,0.2,200g,Favorina,5.59,,,27.95,4335619334663,Hrana,Nije_bilo_u_prodaji_02.05.2025
Mokra hrana za pse SK1,1011226,2.7,9x300g,Orlando,6.99,,,2.59,4335619288973,Proizvodi za kuæanstvo,Nije_bilo_u_prodaji_02.05.2025
BO Pirovo pecivo od cj. zrna sa sj.,1011646,0.093,85g,,0.39,,,4.59,4335619356597,Hrana,Nije_bilo_u_prodaji_02.05.2025
Muški parfem High End Fragrances,1012881,0.042,50ml,G. Bellini,5.99,,,119.8,4335619216471,Kozmetika,Nije_bilo_u_prodaji_02.05.2025
Muški parfem High End Fragrances,1012881,0.042,50ml,G. Bellini,5.99,,,119.8,4335619216488,Kozmetika,Nije_bilo_u_prodaji_02.05.2025
Muški parfem High End Fragrances,1012881,0.042,50ml,G. Bellini,5.99,,,119.8,4335619216501,Kozmetika,Nije_bilo_u_prodaji_02.05.2025
Desert u èaši SK4,1013961,0.12,2x60g,Deluxe,2.59,,,21.58,4056489491699,Hrana,Nije_bilo_u_prodaji_02.05.2025
Ekos Èokoladna Torta ,6909254,0.7,700g,,7.99,,,11.41,3858889619656,Hrana,"9,99"
Boom Box Bio nap. s rižom Noisette,6909264,1.04,1l,,2.89,,,2.89,3856027801949,Hrana,"2,79"
Lactovit Losion za tijelo,6909273,0.4,400ml,,5.39,,,13.48,8410190585997,Kozmetika,Nije_bilo_u_prodaji_02.05.2025
Hohes C Voæni sok Jabuka-Acerola,6909277,1,1l,,1.95,,,1.95,5998815112634,Piæe,Nije_bilo_u_prodaji_02.05.2025
Hohes C Voæni sok 100% Fokus,6909280,1,1l,,1.95,,,1.95,5998815124248,Piæe,Nije_bilo_u_prodaji_02.05.2025
Nivea Krema/losion za tijelo SK1,6909300,0.6,625ml,,5.19,,,8.3,4005808779543,Kozmetika,Nije_bilo_u_prodaji_02.05.2025
Vlažni toaletni papir,6909314,0.065,15 komad,W5,0.69,,,0.69,4335619246553,Proizvodi za kuæanstvo,Nije_bilo_u_prodaji_02.05.2025
Gouda blok AK cca 3kg,6909316,1,cca 3kg,Okusi zavièaja,4.29,,,4.29,2153402000000,Hrana,Nije_bilo_u_prodaji_02.05.2025
Jamnica naranèada,6909323,0.509,0.5l,,1.25,,,2.5,3856028502166,Piæe,Nije_bilo_u_prodaji_02.05.2025
Jamnica limunada,6909324,0.336,0.33l,,1.25,,,3.79,3856028506065,Piæe,Nije_bilo_u_prodaji_02.05.2025
"Malvasia Rubicone, 3l-BIB",6909335,2.985,3l,,10.99,,,3.66,8594176393759,Piæe,Nije_bilo_u_prodaji_02.05.2025
Axe Gel za tuširanje SK1,6909341,0.42,400ml,,3.95,,,9.88,8710447284117,Kozmetika,Nije_bilo_u_prodaji_02.05.2025
Rexona Dezodorans SK1,6909358,0.2,200ml,,4.95,,,24.75,8720181334740,Kozmetika,Nije_bilo_u_prodaji_02.05.2025
Dove Gel za tuširanje SK1,6909364,0.4,400ml,,4.29,,,10.73,8720181225451,Kozmetika,Nije_bilo_u_prodaji_02.05.2025
Ekos Mix domaæih kolaèa,6909397,0.405,405g,,5.19,,,12.81,3858889619922,Hrana,Nije_bilo_u_prodaji_02.05.2025
Kinder Choco.sladoled štapiæ 4-pack,6909416,0.152,152g,,3.99,,,26.25,8000500406427,Hrana,Nije_bilo_u_prodaji_02.05.2025
Marmun Pšenièno pivo,6909421,0.5,0.5l,,1.69,,,3.07,3859893325038,Piæe,Nije_bilo_u_prodaji_02.05.2025
"Dobro èajna kobasica, narezak",6909436,0.5,500g,,6.99,,,13.98,3850133817016,Hrana,Nije_bilo_u_prodaji_02.05.2025
Kraš Prekrašni Zlatka keks,6909442,0.5,500g,,2.99,,,5.98,3850120700499,Hrana,Nije_bilo_u_prodaji_02.05.2025
Borotalco Men dezodorans Unique,6909447,0.098,150ml,,3.49,,,23.27,8002410044546,Kozmetika,Nije_bilo_u_prodaji_02.05.2025
"Mlada prasetina, cca. 2,5kg",6909460,1,"cca. 2,5kg",,3.99,,,3.99,2846852000000,Hrana,Nije_bilo_u_prodaji_02.05.2025
"Mlada prasetina, cca. 2,5kg",6909460,1,"cca. 2,5kg",,3.99,,,3.99,2846853000000,Hrana,Nije_bilo_u_prodaji_02.05.2025
"Juicy ledeni èaj jagoda,vanil. 1,5l",6909474,1.5,1.5l,,1.29,,,0.86,3858890971354,Piæe,Nije_bilo_u_prodaji_02.05.2025
Bumbu Original rum 40%,6909477,0.7,0.7l,,33.99,,,48.56,0813497006215,Piæe,Nije_bilo_u_prodaji_02.05.2025
Nestlé Nescafe 2u1/3u1,0005074,0.137,"80g, 140g, 155g",,2.99,,,37.38,7613032921125,Piæe,"2,99"
Nestlé Nescafe 2u1/3u1,0005074,0.137,"80g, 140g, 155g",,2.99,,,37.38,7613036842365,Piæe,"2,99"
Nestlé Nescafe 2u1/3u1,0005074,0.137,"80g, 140g, 155g",,2.99,,,21.36,7613036843881,Piæe,"2,99"
Nestlé Nescafe 2u1/3u1,0005074,0.137,"80g, 140g, 155g",,2.99,,,19.29,8445290749413,Piæe,"2,99"
Nestlé Nescafe 2u1/3u1,0005074,0.137,"80g, 140g, 155g",,2.99,,,37.38,8445291261044,Piæe,"2,99"
Nestlé Nescafe 2u1/3u1,0005074,0.137,"80g, 140g, 155g",,2.99,,,21.36,8445291261044,Piæe,"2,99"
"Minas mljevena kava, 500g",0005082,0.5,500g,-,6.79,,,13.58,4056489925422,Piæe,"5,99"
"BO Kruh s krumpirom, 400g",0005083,0.4,400g,,1.15,,,2.88,4052917806202,Hrana,"1,15"
"Èoko vafli s mlijeènom èok., UTZ",0005097,0.04,40g,Sondey,0.39,,,0.39,4056489357841,Hrana,"0,39"
Halva s kakaom,6200042,0.25,250g,Eridanous,2.29,,,9.16,20233662,Hrana,"1,19"
Kremasti grèki jogurt SK1,6202953,1,1kg,Eridanous,2.95,,,2.95,20224370,Hrana,"3,19"
Kremasti grèki jogurt SK1,6202953,1,1kg,Eridanous,2.95,,,2.95,4056489056201,Hrana,"3,19"
Tzatziki orig. grèki sa 15% èeš.,6204181,0.25,250g,Eridanous,1.49,,,5.96,20991883,Hrana,"1,49"
Štapiæi od kruha SK8,6204482,0.24,240g,Eridanous,1.79,,,7.46,4056489264781,Hrana,Nije_bilo_u_prodaji_02.05.2025
Kefir SK2,6205495,0.5,500ml,Eridanous,1.29,,,2.58,4056489264989,Hrana,"1,29"
High protein jogurt SK3,6205528,0.34,2x170g,Milbona,1.99,,,5.85,4056489382713,Hrana,"1,59"
Bijelo suho vino,6206032,0.751,"0,75l",,4.99,,,6.65,4304493260306,Piæe,Nije_bilo_u_prodaji_02.05.2025
Feta sir u marinadi,6207924,0.2,200g,Eridanous,4.49,,,22.45,4056489264897,Hrana,"4,49"
Gold Instant kava,0004864,0.2,200g,Bellarom,5.31,,,26.55,4056489224471,Piæe,"5,31"
Maðarica,0004890,0.42,420g,Okusi zavièaja,5.19,,,12.36,20539412,Hrana,"4,99"
Knorr Umaci SK1,0004901,0.336,750ml,,1.49,,,0.5,4000400117151,Hrana,"1,49"
Knorr Umaci SK1,0004901,0.336,750ml,,1.49,,,0.5,4038700117045,Hrana,"1,49"
Knorr Umaci SK1,0004901,0.336,750ml,,1.49,,,0.5,8711200414352,Hrana,"1,49"
"Zelene mahune, duboko smrznute",0004908,1,1kg,Freshona,2.35,,,2.35,20268053,Hrana,"2,35"
Coca Cola 2x2l,0004915,4.16,2x2l,Coca-Cola,3.99,,,1,5449000107350,Piæe,"3,99"
Komp.bomboni s okusom voæa + vit. C,0004925,0.029,"28,5g",Sweet Corner,0.29,,,0.29,20455354,Hrana,"0,29"
Gel za poslije sunèanja Aloe Vera,0024987,0.254,250ml,Cien Sun,2.49,,,9.96,4056489368397,Kozmetika,"2,49"
Uskršnje èokoladne figure SK3,0025220,0.1,100g,Favorina,1.79,,,17.9,20155391,Hrana,"1,79"
Uskršnje èokoladne figure SK3,0025220,0.1,100g,Favorina,1.79,,,17.9,20333720,Hrana,"1,79"
Uskršnji èokoladni zec,0025272,0.15,150g,Favorina,1.59,,,10.6,20086244,Hrana,"1,59"
Potpuna hrana za pse SK21,0025323,1.24,1240g,Orlando,1.89,,,1.52,20258863,Proizvodi za kuæanstvo,"1,89"
"Kuhano vino 8,7%  Vol.",0025350,1,1l,,2.99,,,2.99,4304493261709,Piæe,"1,49"
Kremasti sapun SK4,0025359,0.15,150g,Cien,0.79,,,5.27,20229788,Kozmetika,"0,79"
"Svježi pileæi zabatak, cca. 500g",6905084,1,ca. 500g,Naša mesnica,4.09,,,4.09,2868640000000,Hrana,"4,09"
"Svježa pil. zadnja èetv., cca. 650g",6905088,1,ca. 650g,Naša mesnica,,1.99,2.99,1.99,2868670000000,Hrana,"2,99"
"Siti sort., ins. napitak SK2, 1000g",6905092,1,1000g,Freeway,3.99,,,3.99,4056489074878,Piæe,"3,89"
Podravka Grah s kobasicom,6905117,0.4,400g,,3.49,,,8.73,3850104035739,Hrana,"3,65"
Miješana salata (OM 360g),6905158,0.72,720ml,Okusi zavièaja,1.59,,,4.42,4056489316459,Hrana,1.59
Pljukanci,6905190,0.4,400g,Okusi zavièaja,1.99,,,4.98,4056489075271,Hrana,"1,99"
Njoki,6905191,1,1kg,Harvest Basket,2.79,,,2.79,4056489075295,Hrana,"2,59"
Meðimurska gibanica,6905227,0.55,550g,Okusi zavièaja,4.99,,,9.07,4056489316503,Hrana,"4,69"
Shake Mirisne granule za ormar SK1,6905239,0.038,1komad,,1.89,,,1.89,3859890779360,Proizvodi za kuæanstvo,"1,89"
Obiteljski svježi kolaèi,6905271,0.33,"330g, 345g",Okusi zavièaja,5.49,,,16.64,4056489316510,Hrana,"5,49"
Meri Merino Tekuæi deterdžent Color,6905282,2.7,"2,7l",,7.45,,,2.76,3850111105791,Sredstva za èišæenje,"7,19"
"File otkoštenog zabatka, cca. 500g",6905305,1,ca. 500g,Naša mesnica,6.99,,,6.99,2868820000000,Hrana,"6,99"
"File otkoštenog zabatka, cca. 500g",6905305,1,ca. 500g,Naša mesnica,6.99,,,6.99,2868822000000,Hrana,"6,99"
"File otkoštenog zabatka, cca. 500g",6905305,1,ca. 500g,Naša mesnica,6.99,,,6.99,2868824000000,Hrana,"6,99"
"File otkoštenog zabatka, cca. 500g",6905305,1,ca. 500g,Naša mesnica,6.99,,,6.99,2868827000000,Hrana,"6,99"
Proteini.si  Prot. ploè. ban. èok.,6905315,0.055,55g,,1.69,,,30.73,3830059011354,Hrana,"1,69"
Peèenica narezak,6905317,0.1,100g,Pikok Pure,2.29,,,22.9,4056489612407,Hrana,"2,29"
Regenerator za kosu SK1 ,0092854,0.2,200ml,Cien,1.99,,,9.95,4056489129769,Kozmetika,"2,19"
"Keratin lak za kosu, volumen ",0092855,0.183,250ml,Cien,2.25,,,9,20301842,Kozmetika,"2,25"
Tuna fileti u sunc. ulju (ATG 650g),0092952,0.9,900g,Nixe,7.99,,,12.29,4056489328841,Hrana,"7,99"
Talijanski pesto SK6,0092972,0.19,190g,Deluxe,1.69,,,8.89,20482275,Hrana,"2,29"
Sladoled s preljevom od badema,0092974,0.2,350ml,Italiamo,1.39,,,3.97,20469511,Hrana,"1,29"
Schweppes Tangerine,0009436,1.03,1l,,1.59,,,1.59,5449000089380,Piæe,Nije_bilo_u_prodaji_02.05.2025
Monster Energetski napitak Ultra,0009528,0.5,"0,5l",Coca-Cola,1.59,,,3.18,5060337500104,Piæe,"1,59"
"Coca-Cola Regular, 1,5l",0009641,1.56,"1,5l",,1.69,,,1.13,5000112618266,Piæe,Nije_bilo_u_prodaji_02.05.2025
"Schweppes Bitter Lemon 0,33l",0009643,0.33,"0,33l",,0.95,,,2.88,5449000064110,Piæe,Nije_bilo_u_prodaji_02.05.2025
Mini sladoled desert SK2,6601298,0.1,140ml,Deluxe,1.39,,,9.93,20597832,Hrana,"1,39"
Amerièki sladoled SK16,6601570,0.43,"485ml,500ml",Gelatelli,3.89,,,7.78,20396152,Hrana,"3,99"
Amerièki sladoled SK16,6601570,0.43,"485ml,500ml",Gelatelli,3.89,,,8.02,20396169,Hrana,"3,99"
Amerièki sladoled SK16,6601570,0.43,"485ml,500ml",Gelatelli,3.89,,,7.78,4056489220299,Hrana,"3,99"
Svježi krem sir SK10,6601662,0.15,150g,Deluxe,1.79,,,11.93,4056489680611,Hrana,"1,79"
Svježi krem sir SK10,6601662,0.15,150g,Deluxe,1.79,,,11.93,4056489874201,Hrana,"1,79"
Punjeni Brie sir SK1,6601720,0.18,180g,Deluxe,2.39,,,13.28,20292249,Hrana,"2,79"
Mini Amerièki sladoled SK1,6608650,0.114,150ml,Gelatelli,1.79,,,11.93,4056489374602,Hrana,"1,79"
Mini Amerièki sladoled SK1,6608650,0.114,150ml,Gelatelli,1.79,,,11.93,4056489374619,Hrana,"1,79"
Povrtni wrap SK7,6612810,0.37,370g,Vemondo,1.39,,,3.76,4056489978169,Hrana,"1,79"
Kikiriki èokoladni draže SK2,6612902,0.2,200g,Alesto,2.59,,,12.95,4335619041929,Hrana,"1,99"
Salama s mesom divljaèi SK2,6700101,0.4,400g,Deluxe,3.89,,,9.73,20535629,Hrana,"4,89"
Salama s mesom divljaèi SK2,6700101,0.4,400g,Deluxe,3.89,,,9.73,4056489197102,Hrana,"4,89"
Špinat,6700294,0.45,450g,Freshona,1.19,,,2.64,20536343,Hrana,"0,99"
Franck Cappuccino SK2,6902087,0.143,"112g,144g,160g",,2.59,,,23.13,3858881088320,Piæe,"2,95"
Franck Cappuccino SK2,6902087,0.143,"112g,144g,160g",,2.59,,,23.13,3858881088337,Piæe,"2,95"
Franck Cappuccino SK2,6902087,0.143,"112g,144g,160g",,2.59,,,16.19,3858881088337,Piæe,"2,95"
Franck Cappuccino SK2,6902087,0.143,"112g,144g,160g",,2.59,,,23.13,3858881088344,Piæe,"2,95"
Capo pinca,6902100,0.4,400g,,1.59,,,3.98,3859890108740,Hrana,"1,59"
Èarli Classic,6902122,3.027,3l,,4.99,,,1.66,3850111303555,Sredstva za èišæenje,"2,52"
Roštilj kobasice SK3,6902125,0.44,440g,Grill&Fun,3.49,,,7.93,20491796,Hrana,"3,49"
Kraš Domaæica original,6902156,0.3,300g,,3.19,,,10.63,3850102314126,Hrana,"3,19"
Kraš Životinjsko carstvo èokolada,6902162,0.015,15g,,0.69,,,0.69,3850102507979,Hrana,"0,69"
BO Kruh iz kalupa,6909519,0.6,600g,,1.59,,,2.65,3856016906839,Hrana,Nije_bilo_u_prodaji_02.05.2025
BO Kruh iz kalupa,6909519,0.6,600g,,1.59,,,2.65,3856016909724,Hrana,Nije_bilo_u_prodaji_02.05.2025
BO Kruh iz kalupa,6909519,0.6,600g,,1.59,,,2.65,3856016953161,Hrana,Nije_bilo_u_prodaji_02.05.2025
BO Beskvasni kruh sa sjemenkama,6909522,0.4,400g,,1.59,,,3.98,1385888492900,Hrana,Nije_bilo_u_prodaji_02.05.2025
Argeta Kokošja pašteta,6909575,0.099,99g,,0.99,,,10,3838471055352,Hrana,Nije_bilo_u_prodaji_02.05.2025
Voli Voli suha hrana za maèke,6909619,2.4,"2,4kg",,3.59,,,1.5,3859893822872,Proizvodi za kuæanstvo,Nije_bilo_u_prodaji_02.05.2025
Ekos green Kiseli kupus glavica,6909637,1,"ca. 1,5kg",,1.99,,,1.99,2133704000000,Hrana,Nije_bilo_u_prodaji_02.05.2025
Ekos green Kiseli kupus glavica,6909637,1,"ca. 1,5kg",,1.99,,,1.99,2133704100000,Hrana,Nije_bilo_u_prodaji_02.05.2025
Perla Osliæ filet,6909665,0.5,500g,,3.49,,,6.98,3858892085295,Hrana,Nije_bilo_u_prodaji_02.05.2025
Pivac Okrajci hamburger slanine,6909668,1,cca. 800g,,3.99,,,3.99,2105231000000,Hrana,Nije_bilo_u_prodaji_02.05.2025
Pivac Okrajci hamburger slanine,6909668,1,cca. 800g,,3.99,,,3.99,2105232000000,Hrana,Nije_bilo_u_prodaji_02.05.2025
Ledo Panirani riblji odrezak,6909704,0.4,400g,,3.49,,,8.73,3850116995724,Hrana,Nije_bilo_u_prodaji_02.05.2025
Indomie instant juha kokošja,6909718,0.75,10x70g,,2.89,,,4.13,8606108584620,Hrana,Nije_bilo_u_prodaji_02.05.2025
Svinjski but b.k. komad,6909726,1,"cca. 7,5 kg",Naša mesnica,2.99,,,2.99,2846580000000,Hrana,Nije_bilo_u_prodaji_02.05.2025
Olival Piskavica i ružmarin losion ,6909744,0.152,150ml,,6.89,,,45.93,3858892694367,Kozmetika,Nije_bilo_u_prodaji_02.05.2025
Olival Piskavica šampon,6909745,0.256,250ml,,6.29,,,25.16,3858892694565,Kozmetika,Nije_bilo_u_prodaji_02.05.2025
"Èvrsto masno tkivo, cca. 5kg",6909755,1,cca. 5kg,-,2.29,,,2.29,2846678000000,Hrana,Nije_bilo_u_prodaji_02.05.2025
Faks Deterdžent by Ornel 45 pranja,6909762,2.475,"2,475kg",,11.99,,,0.27,3850105191854,Sredstva za èišæenje,Nije_bilo_u_prodaji_02.05.2025
"""Mela"" Apfellikör mit Zimt. 16% vol",6909775,0.7,0.7l,,11.99,,,17.13,3859893211416,Piæe,Nije_bilo_u_prodaji_02.05.2025
Bio Sok od jabuke mutni,6909776,1,1l,,1.79,,,1.79,3859893211409,Piæe,Nije_bilo_u_prodaji_02.05.2025
Perfekte Prašak za rublje Universal,6909777,5.2,"5,2kg",,6.99,,,1.34,4262358180650,Sredstva za èišæenje,Nije_bilo_u_prodaji_02.05.2025
"""Chambord"" Blaubeerlikör 16,5% vol.",6909779,0.7,0.7l,,22.99,,,22.99,8004027034491,Piæe,Nije_bilo_u_prodaji_02.05.2025
Tradicionalno dimljena peèenica,6909833,1,cca. 400g,Naša mesnica,9.99,,,9.99,2846834000000,Hrana,Nije_bilo_u_prodaji_02.05.2025
Tradicionalno dimljena peèenica,6909833,1,cca. 400g,Naša mesnica,9.99,,,9.99,2846838000000,Hrana,Nije_bilo_u_prodaji_02.05.2025
Omekšivaè Duel Soft Lotus 64 pranja,6909835,1.601,"1,67l",,2.99,,,1.79,8606015846880,Sredstva za èišæenje,Nije_bilo_u_prodaji_02.05.2025
Himalajska kamena sol,7100161,0.42,420g,Deluxe,3.99,,,9.5,20443528,Hrana,"3,79"
BO Kruh s više vrsta sjemenki,7200071,0.7,700g,,1.49,,,2.13,3800210988177,Hrana,"1,05"
BO Štangica sa slaninom,0227361,0.145,130g,,1.09,,,8.38,4335619207035,Hrana,"1,09"
Jastuèiæi punj. noug. / vanil. SK86,0227382,0.5,500g,Crownfield,2.65,,,5.3,4335619031616,Hrana,"2,49"
BO Croissant sa šunkom i sirom,0227544,0.103,95g,,0.89,,,9.37,4335619214156,Hrana,Nije_bilo_u_prodaji_02.05.2025
Hrana za maèke SK1,0227703,0.4,400g,Coshida Pure Taste,1.29,,,3.23,4335619165618,Proizvodi za kuæanstvo,Nije_bilo_u_prodaji_02.05.2025
Hrana za maèke SK1,0227703,0.4,400g,Coshida Pure Taste,1.29,,,3.23,4335619165625,Proizvodi za kuæanstvo,Nije_bilo_u_prodaji_02.05.2025
Mješavina vafla ili keksa XXL SK2,0227734,0.495,"550g,440g",Sondey,3.29,,,5.98,20420918,Hrana,Nije_bilo_u_prodaji_02.05.2025
Mješavina vafla ili keksa XXL SK2,0227734,0.495,"550g,440g",Sondey,3.29,,,7.48,4335619215061,Hrana,Nije_bilo_u_prodaji_02.05.2025
Mješavina vafla ili keksa XXL SK2,0227734,0.495,"550g,440g",Sondey,3.29,,,5.98,4335619215061,Hrana,Nije_bilo_u_prodaji_02.05.2025
Sladoled Nussa Nougat,0228020,0.23,470ml,Gelatelli,4.49,,,9.55,4335619215894,Hrana,Nije_bilo_u_prodaji_02.05.2025
"Burger od lososa, panirani",0228311,0.3,2x150g,Ocean Sea,4.99,,,16.63,4335619217232,Hrana,Nije_bilo_u_prodaji_02.05.2025
Pro Beauty Skin Tekuæi piling,0228332,0.01,100ml,Cien,2.29,,,22.9,4335619217355,Kozmetika,Nije_bilo_u_prodaji_02.05.2025
Hugo Aperitiv sa šljokicama 15%,0228743,0.689,0.700l,Deluxe,4.79,,,6.84,4304493271487,Piæe,"3,36"
Hrana za maèke u komadiæima XXL,0228776,4.8,48x100g,Coshida,15.99,,,3.33,4335619222373,Proizvodi za kuæanstvo,Nije_bilo_u_prodaji_02.05.2025
Omekšivaè Spa Moments SK1,0229010,0.75,750ml,Doussy,2.39,,,3.19,4335619226463,Sredstva za èišæenje,Nije_bilo_u_prodaji_02.05.2025
Sushi SK2,0229316,0.195,"190g,200g",select & go,3.79,,,19.95,4335619221604,Hrana,"3,79"
Sushi SK2,0229316,0.195,"190g,200g",select & go,3.79,,,18.95,4335619221611,Hrana,"3,79"
Pekarski krumpir XXL,0117024,1,1000g,Harvest Basket,2.19,,,2.19,20699406,Hrana,"2,19"
Uskršnja jaja za djecu SK1,0117114,0.18,180g,Favorina,2.49,,,13.83,20759544,Hrana,"2,49"
Mini mozzarella  XXL,0117143,0.15,150g,Milbona,1.45,,,9.67,20816490,Hrana,"1,39"
Složenac od krumpira i rajèica,0117157,0.4,400g,Deluxe,3.29,,,8.23,20702175,Hrana,"3,29"
BO Pirovo pecivo sa sjemenkama,0117160,0.093,85g,,0.39,,,4.59,4056489102403,Hrana,"0,39"
Djed Božiænjak,0117342,0.075,75g,Favorina,1.29,,,17.2,20702755,Hrana,"1,19"
Nougat ploèica SK5,0117357,0.1,100g,Favorina,1.19,,,11.9,20697228,Hrana,"0,74"
Desertni specijaliteti SK5,0117872,0.45,450g,Italiamo,3.59,,,7.98,20724481,Hrana,"3,49"
Prutiæi za maèke SK11,0118358,0.1,100g,Coshida,2.5,,,25,4056489915171,Proizvodi za kuæanstvo,Nije_bilo_u_prodaji_02.05.2025
Prutiæi za maèke SK11,0118358,0.1,100g,Coshida,2.5,,,25,4056489915188,Proizvodi za kuæanstvo,Nije_bilo_u_prodaji_02.05.2025
Paprika babura,0082580,1,1kg,,3.29,,,3.29,,Hrana,"3,99"
Tikvica,0082346,0.3,1 kg,,4.49,,,4.49,,Hrana,"1,49"
Hrana za pse SK7,1012360,0.4,400g,Orlando,1.19,,,2.98,,Proizvodi za kuæanstvo,Nije_bilo_u_prodaji_02.05.2025
"Provoletta sir, narezak SK9",6000426,0.14,140g,Italiamo,1.89,,,13.5,,Hrana,"1,89"
Jabuka crvena Idared,0080220,1,1kg,,1.69,,,1.69,,Hrana,"1,49"
"Dnevni higijenski ulošci, SK3",0003274,0.073,"32komad,45komad",Siempre,1.29,,,0.04,,Toaletne potrepštine,"1,29"
Oktoberfest knedle,0071997,0.5,500g,Alpenfest,1.79,,,3.58,,Hrana,"1,79"
Krekeri s okusom pizze SK2,6004709,0.1,100g,Snack Day,1.99,,,19.9,,Hrana,"1,99"
Aranžman Bela,6901250,1.12,1komad,,13.27,,,13.27,,Proizvodi za kuæanstvo,"13,27"
Cikla svježa,0082815,1,1kg,,0.79,,,0.79,,Hrana,"0,79"
"Desert Tiramisu, Profiteroles SK9",0142216,0.475,"450g,500g",Milbona,3.99,,,7.98,,Hrana,"3,99"
Ramen juha SK3,0170847,0.4,400g,Vitasia,3.12,,,7.8,,Hrana,Nije_bilo_u_prodaji_02.05.2025
Jabuka Cripps Pink rinfuza,0080210,1,1kg,,1.69,,,1.69,,Hrana,"1,49"
Poriluk,0082255,1,1kg,,1.99,,,1.99,,Hrana,"1,99"
Milka Mlijeèna èokolada Noisette,0000005,0.08,80g,,1.99,,,24.88,7622210043955,Hrana,"1,99"
Mineralna voda gazirana,0000007,1.5,"1,5l",Saguaro,0.45,,,0.3,4304493256590,Piæe,"0,45"
Always Ultra higijenski ulošci BA,0000017,0.058,"9 komada, 10 komada, 14 komada",,1.66,,,0.18,8001841263908,Toaletne potrepštine,"1,66"
"Ledeni èaj breskva sa šeæerom, 1,5l",0000028,1.5,"1,5l",Freeway,1.25,,,0.83,4304493256989,Piæe,"1,05"
Gazirano piæe od naranèe 3%,0000051,2.076,2l,Freeway,1.29,,,0.65,4304493261389,Piæe,"1,29"
Jar deter. za pranje pos. pomegran.,0000188,1.376,"1,35l",,3.25,,,2.41,8001090621801,Sredstva za èišæenje,"3,49"
Bounty,0000196,0.057,57g,,1.39,,,24.39,5000159557771,Hrana,Nije_bilo_u_prodaji_02.05.2025
Snickers,0000197,0.05,50g,,1.09,,,21.8,5900951311505,Hrana,Nije_bilo_u_prodaji_02.05.2025
Milka Uskršnji mix ,0000338,0.126,126g,,2.64,,,20.95,7622201821203,Hrana,"2,64"
Oreo Original ,0000339,0.176,176g,,2.19,,,12.44,7622210765338,Hrana,"2,19"
Silan Omekšivaè Aromatherapy Fra.,0000345,2.772,"2,772l",Henkel,5.99,,,2.16,9000101581874,Sredstva za èišæenje,"5,99"
Pedigree Pseæe poslastice sort SK2,0000347,0.133,"123g,200g,77g",Mars,1.79,,,23.25,5998749141007,Proizvodi za kuæanstvo,"1,79"
Pedigree Pseæe poslastice sort SK2,0000347,0.133,"123g,200g,77g",Mars,1.79,,,14.55,5998749141007,Proizvodi za kuæanstvo,"1,79"
Jar Platinum tab. za pranje posuða,0000350,0.58,35komad,,17.49,,,0.5,8006540750124,Sredstva za èišæenje,"17,49"
Kit Kat lješnjak,0000406,0.042,"41,5g",,0.99,,,0.99,8445291308725,Hrana,Nije_bilo_u_prodaji_02.05.2025
Somat Excellence Trio Gel 114 pranj,0000417,2.503,3x684ml,,17.99,,,8.77,9000101819250,Sredstva za èišæenje,Nije_bilo_u_prodaji_02.05.2025
Perwoll Dark Bloom 3000ml 60 pranja,0000425,3.087,3l,,11.49,,,3.83,9000101811322,Sredstva za èišæenje,Nije_bilo_u_prodaji_02.05.2025
Old Spice Deostick Whitewater,0000439,0.099,85ml,,4.99,,,58.71,8700216357814,Kozmetika,"4,39"
"Vinski ocat 6%, 1l",0001108,1.011,1l,-,1.05,,,1.05,20605476,Hrana,"1,05"
"Grašak, smrznuto",0001255,1,1kg,Freshona,1.99,,,1.99,20156787,Hrana,"2,19"
"Jadranska srdela, cijela, smrz.",0001258,1,1kg,Okusi zavièaja,3.49,,,3.49,20308797,Hrana,"3,49"
"Jadranska srdela, cijela, smrz.",0001258,1,1kg,Okusi zavièaja,3.49,,,3.49,20492496,Hrana,"3,49"
Krekeri slani i integralni SK8,0001318,0.5,500g,Snack Day,2.19,,,4.38,20255480,Hrana,"2,19"
Sezam ploèice SK7,0001419,0.081,3x27g,Crownfield,0.49,,,6.05,4056489445357,Hrana,"0,49"
Žuta paprika fileti (OM 350g),0001479,0.35,720ml,Okusi zavièaja,2.29,,,6.54,20275655,Hrana,"2,29"
NESTLE After Eight 200g,0001493,0.2,200g,,3.49,,,17.45,7613034937575,Hrana,"2,69"
Carefree Dnevni ulošci sort. SK2,0001496,0.124,56komad,Johnson & Johnson,3.35,,,0.06,3574660322651,Toaletne potrepštine,"3,35"
Carefree Dnevni ulošci sort. SK2,0001496,0.124,56komad,Johnson & Johnson,3.35,,,0.06,3574661554877,Toaletne potrepštine,"3,35"
"Pileæa prsa u ovitku, 500g",0001518,0.5,500g,Pikok,3.69,,,7.38,20903831,Hrana,"3,69"
Rolana lopatica s kožom,0001545,1,"cca.1,3kg",Pikok,5.69,,,5.69,2123859000000,Hrana,"4,95"
"Dukat kiselo vrhnje 12%, 200g",0001560,0.2,200g,,0.94,,,4.7,3850354002024,Hrana,"0,94"
"Tekuæi jogurt 2,8% m.m.",0001561,1,1kg,Pilos,1.69,,,1.69,4056489316466,Hrana,"1,89"
"b.Aktiv s LGG natur, 150g",0001614,0.15,150g,,0.79,,,5.27,3850354000181,Hrana,"0,65"
"Poli mini pileæa posebna, 220g",0001693,0.22,220g,,1.99,,,9.05,2200000000000,Hrana,"1,99"
Gouda sir,0001744,0.5,500g,Pilos,4.99,,,9.98,40894430,Hrana,"4,99"
"Voæni jogurt 1,8%, SK45, SK46",0001798,0.25,250g,Milbona,0.79,,,3.16,20164515,Hrana,"0,79"
Svježa pileæa krila,0001915,1,ca. 500g,Naša mesnica,,2.99,4.19,2.99,2852000000000,Hrana,"4,19"
Svježa pileæa krila,0001915,1,ca. 500g,Naša mesnica,,2.99,4.19,2.99,2852004000000,Hrana,"4,19"
Svježa pileæa krila,0001915,1,ca. 500g,Naša mesnica,,2.99,4.19,2.99,2891982000000,Hrana,"4,19"
Puding od vanilije,0001960,0.2,200g,Pilos,0.45,,,2.25,20040109,Hrana,"0,49"
"Rolana lopatica bez kože cca. 1,3kg",0001994,1,"ca. 1,3kg",Pikok,5.75,,,5.75,2847710000000,Hrana,"5,75"
"Rolana lopatica bez kože cca. 1,3kg",0001994,1,"ca. 1,3kg",Pikok,5.75,,,5.75,2847711000000,Hrana,"5,75"
"Rolana lopatica bez kože cca. 1,3kg",0001994,1,"ca. 1,3kg",Pikok,5.75,,,5.75,2847712000000,Hrana,"5,75"
"Rolana lopatica bez kože cca. 1,3kg",0001994,1,"ca. 1,3kg",Pikok,5.75,,,5.75,2847713000000,Hrana,"5,75"
Crvena slatka zaèinska paprika,0002084,0.25,250g,Kania,3.99,,,15.96,20098315,Hrana,"3,99"
"Vegeta Univerzalni zaèin, 250g",0002101,0.25,250g,,2.19,,,8.76,3850104008597,Hrana,"2,19"
Fritt Voæne karamele SK22,0002167,0.07,70g,,0.99,,,14.14,4000415000110,Hrana,"0,99"
Fritt Voæne karamele SK22,0002167,0.07,70g,,0.99,,,14.14,4000607529702,Hrana,"0,99"
Fritt Voæne karamele SK22,0002167,0.07,70g,,0.99,,,14.14,5901783034259,Hrana,"0,99"
Nescafé Cappuccino sort.,0002183,0.135,"112g,148g",Nestlé,4.19,,,37.41,7613034532275,Piæe,"4,19"
Nescafé Cappuccino sort.,0002183,0.135,"112g,148g",Nestlé,4.19,,,28.31,7613034532275,Piæe,"4,19"
Nescafé Cappuccino sort.,0002183,0.135,"112g,148g",Nestlé,4.19,,,29.1,7613035705746,Piæe,"4,19"
Nescafé Cappuccino sort.,0002183,0.135,"112g,148g",Nestlé,4.19,,,28.31,7613035705746,Piæe,"4,19"
"Orah jezgra u rinfuzi, cca. 1kg",0002322,1,cca. 1kg,,5.69,,,5.69,3859890587613,Hrana,"5,49"
Tal. rajèica oguljena i nasjeckana,0002488,0.4,425ml,Baresa,0.79,,,1.98,20004132,Hrana,"0,89"
Pasterizirani zaèinjeni krastavci,0002502,0.67,720ml,Freshona,1.79,,,4.84,20004361,Hrana,"1,89"
"Crvena paprika fileti, OM 300g",0002503,0.68,720ml,Freshona,1.79,,,5.97,20004385,Hrana,"2,49"
"Coca Cola, 2l",0002665,2.07,2l,Coca-Cola,2.39,,,1.2,5449000000286,Piæe,"2,25"
"Premium Pils pivo 4,9%",0002704,0.504,"0,5l",Perlenbacher,0.99,,,1.98,4056489237204,Piæe,"0,99"
Mlijeèna èokolada,0002813,0.1,100g,Fin Carré,1.29,,,12.9,20005825,Hrana,"1,29"
Mlijeèna èokolada s lješnjacima,0002814,0.1,100g,Fin Carré,1.29,,,12.9,20029838,Hrana,"1,39"
Èokolada za kuhanje,0002816,0.2,200g,Fin Carré,2.1,,,10.5,20022471,Hrana,"3,49"
Airwaves žvakaæe gume SK2,0002906,0.014,14g,Mars,0.99,,,0.99,42070047,Hrana,"0,99"
Airwaves žvakaæe gume SK2,0002906,0.014,14g,Mars,0.99,,,0.99,42124122,Hrana,"0,99"
Airwaves žvakaæe gume SK2,0002906,0.014,14g,Mars,0.99,,,0.99,42181972,Hrana,"0,99"
Airwaves žvakaæe gume SK2,0002906,0.014,14g,Mars,0.99,,,0.99,50173167,Hrana,"0,99"
Milka Èokolada sort.,0002911,0.279,"250g, 276g, 300g",,5.99,,,21.7,7622200004614,Hrana,"5,99"
Milka Èokolada sort.,0002911,0.279,"250g, 276g, 300g",,5.99,,,19.97,7622210273178,Hrana,"5,99"
Milka Èokolada sort.,0002911,0.279,"250g, 276g, 300g",,5.99,,,21.7,7622210273437,Hrana,"5,99"
Milka Èokolada sort.,0002911,0.279,"250g, 276g, 300g",,5.99,,,23.96,7622300134532,Hrana,"5,99"
Milka Èokolada sort.,0002911,0.279,"250g, 276g, 300g",,5.99,,,19.97,7622300134532,Hrana,"5,99"
Milka Èokolada sort.,0002911,0.279,"250g, 276g, 300g",,5.99,,,23.96,7622400717055,Hrana,"5,99"
Milka Èokolada sort.,0002911,0.279,"250g, 276g, 300g",,5.99,,,19.97,7622400717055,Hrana,"5,99"
Milka Èokolada sort.,0002911,0.279,"250g, 276g, 300g",,5.99,,,23.96,9012200001245,Hrana,"5,99"
"Biskvit SK2, SK13, SK20, SK23 400g",0002940,0.4,400g,Confiserie Firenze,2.49,,,6.23,20139759,Hrana,"2,69"
"Jumbo biskvit, SK5, SK8",0002942,0.6,600g,Confiserie Firenze,3.19,,,5.32,20139810,Hrana,"2,99"
Kompletna hrana za maèke SK19,0003002,0.1,100g,Coshida,0.39,,,3.9,20407483,Proizvodi za kuæanstvo,"0,45"
Suha hrana za pse s govedinom,0003022,10,10kg,Bellosan,9.99,,,1,20115968,Proizvodi za kuæanstvo,"9,99"
Potpuna hrana za pse SK1,0003024,10,10kg,Orlando,11.89,,,1.19,4056489142249,Proizvodi za kuæanstvo,"11,89"
Šampon za svakodne. pranje kose SK6,0003034,0.515,500ml,Cien,1.39,,,2.78,20153786,Kozmetika,"1,39"
Šampon za svakodne. pranje kose SK6,0003034,0.515,500ml,Cien,1.39,,,2.78,20208837,Kozmetika,"1,39"
Šampon za svakodne. pranje kose SK6,0003034,0.515,500ml,Cien,1.39,,,2.78,20208868,Kozmetika,"1,39"
Pjena za kosu SK8,0003050,0.22,250ml,Cien,1.33,,,5.32,20220457,Kozmetika,1.33
Pjena za kosu SK8,0003050,0.22,250ml,Cien,1.33,,,5.32,20302160,Kozmetika,1.33
Pjena za kosu SK8,0003050,0.22,250ml,Cien,1.33,,,5.32,4335619134379,Kozmetika,1.33
Lak za kosu SK11,0003054,0.31,400ml,Cien,1.98,,,4.95,20398620,Kozmetika,1.98
"Cedevita Instant nap., SK5, 200g",0003086,0.2,200g,,2.19,,,10.95,3850322010396,Piæe,"2,09"
Q10 krema za lice protiv bora SK7 ,0003089,0.051,50ml,Cien,2.89,,,57.8,4056489236092,Kozmetika,"2,89"
Pjena za brijanje sensitive,0003108,0.294,300ml,Cien MEN,1.59,,,5.3,4056489323051,Kozmetika,"1,59"
Losion poslije brijanja SK15,0003114,0.092,100ml,Cien MEN,2.39,,,23.9,20278663,Kozmetika,"2,39"
Losion poslije brijanja SK15,0003114,0.092,100ml,Cien MEN,2.39,,,23.9,4056489231677,Kozmetika,"2,39"
Losion poslije brijanja SK15,0003114,0.092,100ml,Cien MEN,2.39,,,23.9,4056489582441,Kozmetika,"2,39"
Losion poslije brijanja SK15,0003114,0.092,100ml,Cien MEN,2.39,,,23.9,4335619092105,Kozmetika,"2,39"
Èetkice za zube classic SK6,0003116,0.034,2komad,Dentalux,0.85,,,0.43,20006884,Kozmetika,"0,85"
Èetkice za zube classic SK6,0003116,0.034,2komad,Dentalux,0.85,,,0.43,4056489411666,Kozmetika,"0,85"
Pasta za zube SK6,0003120,0.155,125ml,Dentalux,0.85,,,6.8,20048556,Kozmetika,"1,05"
Signal zubna pasta SK2,0003124,0.075,75ml,,2.69,,,35.87,5900300856794,Kozmetika,"2,19"
"Tekuæina za ispiranje usta, SK15",0003125,0.508,500ml,Dentalux,1.45,,,2.9,20106218,Kozmetika,"1,45"
Domestos sort.,0003183,0.75,750ml,,3.29,,,4.39,5996037079780,Sredstva za èišæenje,"2,49"
"Papirnate maramice, 4-slojne",0003223,0.263,100Blatt,Floralys,1.19,,,0.12,20096151,Toaletne potrepštine,"1,25"
Kondomi od prirodnog lateksa SK1,0003281,0.013,12komad,Mondos,1.89,,,0.16,4056489774143,Toaletne potrepštine,"1,89"
Kondomi od prirodnog lateksa SK1,0003281,0.013,12komad,Mondos,1.89,,,0.16,4056489774204,Toaletne potrepštine,"1,89"
Lampion,0003323,0.12,1komad,-,0.79,,,0.79,5906732411662,Proizvodi za kuæanstvo,"0,99"
Ajvar blagi ,0003567,0.69,690g,Kania,2.39,,,3.46,20156343,Hrana,"2,79"
Palette Int. Color Creme boja SK4,0003664,0.11,1komad,Henkel,4.25,,,4.25,3838824349299,Kozmetika,"5,25"
Kukuruzne pahuljice,0003763,0.5,500g,Crownfield,1.65,,,3.3,20052454,Hrana,"1,99"
Slani štapiæi,0003790,0.25,250g,Snack Day,0.79,,,3.16,4056489135951,Hrana,"0,79"
Keksi s maslacem SK3,0003801,0.4,2x200g,Sondey,2.65,,,6.63,20123031,Hrana,"2,79"
Èokoladni vafli SK10,0003869,0.125,125g,Sondey,1.99,,,15.92,20026578,Hrana,"1,69"
Pro Vitamin balzam za kosu SK9,0003947,0.299,300ml,Cien,1.49,,,4.97,4056489176350,Kozmetika,"1,49"
Kinder Pingui 4x30g,0004451,0.12,4x30g,,2.69,,,22.42,4008400290423,Hrana,"2,39"
Old Spice Deo stick,0004454,0.056,50ml,,3.85,,,77,4084500940444,Kozmetika,"3,85"
Old Spice Deo stick,0004454,0.056,50ml,,3.85,,,77,4084500940512,Kozmetika,"3,85"
Old Spice Deo stick,0004454,0.056,50ml,,3.85,,,77,8001090970459,Kozmetika,"3,85"
Raid El. aparat + refill,0004460,0.077,1kom.+21ml,,8.99,,,8.99,5000204663341,Proizvodi za kuæanstvo,"8,99"
Raid El. aparat + refill,0004460,0.077,1kom.+21ml,,8.99,,,8.99,5000204816778,Proizvodi za kuæanstvo,"8,99"
"NUK Silikonske Dude varalice, Vel.1",0004531,0.032,2komad,Mapa,5.29,,,5.29,4008600377870,Proizvodi za kuæanstvo,"5,29"
Mileram 22% m.m.,0004807,0.9,900g,Pilos,2.89,,,3.21,3858886271277,Hrana,"2,89"
Pelinkovac 31% vol.,0004836,1.01,1l,Alliance,7.89,,,7.89,4304493256385,Piæe,"7,89"
"Kviki Grickalice, SK1",0004962,0.13,130g,,1.29,,,9.92,3850104255991,Hrana,"1,29"
Leæa SK1,0004964,0.5,500g,Campo Largo,1.49,,,2.98,20075125,Hrana,"1,29"
"Papaline umak od rajèica, ATG: 85g",0005433,0.17,170g,Nixe,1.49,,,8.76,20096403,Hrana,"1,29"
"Suha svinjska peèenica, cca. 400g",0005471,1,ca. 400g,Okusi zavièaja,14.99,,,14.99,2854710000000,Hrana,"14,99"
"Argeta Kokošja pašteta, 3x95g",0005502,0.285,3x95g,,3.19,,,11.19,3838471033565,Hrana,"3,49"
"Argeta Kokošja pašteta, 3x95g",0005502,0.285,3x95g,,3.19,,,11.19,3872216000023,Hrana,"3,49"
Kranjska v.p.,0005581,0.65,650g,Pikok,4.15,,,6.38,20396435,Hrana,"4,15"
"Èajni kolutiæi SK1, RFA",0005588,0.767,"700g,800g",Sondey,2.59,,,3.24,20538156,Hrana,"2,59"
Svježa pileæa jetra i srca,0005595,0.5,500g,Naša mesnica,1.59,,,3.18,4052917074182,Hrana,"1,59"
Svježa pileæa jetra i srca,0005595,0.5,500g,Naša mesnica,1.59,,,3.18,4052917409335,Hrana,"1,59"
Svježi pileæi filet,0005607,1,ca. 500g,Naša mesnica,7.39,,,7.39,2101750000000,Hrana,"7,39"
Svježi pileæi filet,0005607,1,ca. 500g,Naša mesnica,7.39,,,7.39,2852025000000,Hrana,"7,39"
Svježi pileæi filet,0005607,1,ca. 500g,Naša mesnica,7.39,,,7.39,2852028000000,Hrana,"7,39"
Svježi pileæi filet,0005607,1,ca. 500g,Naša mesnica,7.39,,,7.39,2891920000000,Hrana,"7,39"
Svježi pileæi filet,0005607,1,ca. 500g,Naša mesnica,7.39,,,7.39,2891926000000,Hrana,"7,39"
"Coca Cola 5+1 gratis, 6x0,33l",0005627,2.06,"6x0,33l",Coca-Cola,5.19,,,3.15,5000112625431,Piæe,"5,25"
Axe gel za tuširanje sort.,0005639,0.257,250ml,,2.49,,,9.96,8711600655904,Kozmetika,"2,99"
Axe gel za tuširanje sort.,0005639,0.257,250ml,,2.49,,,9.96,8711600656567,Kozmetika,"2,99"
Axe gel za tuširanje sort.,0005639,0.257,250ml,,2.49,,,9.96,8711700796712,Kozmetika,"2,99"
"Èoko. vafli kokos, UTZ, RFA",0005711,0.04,40g,Sondey,0.39,,,0.39,20350536,Hrana,"0,39"
"Èoko. vafli kokos, UTZ, RFA",0005711,0.04,40g,Sondey,0.39,,,0.39,4056489357858,Hrana,"0,39"
Argeta Junior kokošja pašteta 3x95g,0005751,0.285,3x95g,,3.19,,,11.19,3838471013185,Hrana,"3,49"
"Kukuruzno brašno, 1kg",0005804,1,1kg,Okusi zavièaja,0.89,,,0.89,20538774,Hrana,"0,99"
Kinder Surprise LEI,0005807,0.02,20g,,1.59,,,1.59,54088191,Hrana,"1,49"
Sensodyne Pasta za zube SK2,0005894,0.075,75ml,,5.95,,,79.33,4026600847704,Kozmetika,"3,95"
Sensodyne Pasta za zube SK2,0005894,0.075,75ml,,5.95,,,79.33,4026600848800,Kozmetika,"3,95"
Schauma šampon sort.,0005896,0.52,400ml,,3.17,,,7.93,4015000910897,Kozmetika,"3,17"
Schauma šampon sort.,0005896,0.52,400ml,,3.17,,,7.93,4015001005417,Kozmetika,"3,17"
Schauma šampon sort.,0005896,0.52,400ml,,3.17,,,7.93,4015001005622,Kozmetika,"3,17"
Schauma šampon sort.,0005896,0.52,400ml,,3.17,,,7.93,4015001005677,Kozmetika,"3,17"
Schauma šampon sort.,0005896,0.52,400ml,,3.17,,,7.93,4015001005684,Kozmetika,"3,17"
Schauma šampon sort.,0005896,0.52,400ml,,3.17,,,7.93,4015100196856,Kozmetika,"3,17"
Schauma šampon sort.,0005896,0.52,400ml,,3.17,,,7.93,4015100197006,Kozmetika,"3,17"
Schauma šampon sort.,0005896,0.52,400ml,,3.17,,,7.93,9000100852333,Kozmetika,"3,17"
"Barcaffe mljevena kava, 175g",0005915,0.175,175g,,4.19,,,23.94,3838471025669,Piæe,"4,29"
Mladi istarski sir,0005927,0.3,300g,Okusi zavièaja,5.49,,,18.3,20451233,Hrana,"5,29"
Nivea Dezodorans roler SK1,0005958,0.052,50ml,,3.95,,,79,4005808837359,Kozmetika,"3,95"
"BO Slani klipiæ, 80g",0006048,0.08,80g,,0.49,,,6.13,3859890733232,Hrana,"0,39"
Njoki s nadj. slanina-brie/sir SK1,0006148,0.5,500g,Italiamo,2.39,,,4.78,20305093,Hrana,"2,49"
"Jack Daniels Tennessee Whiskey, 40%",0006251,0.7,"0,7l",,24.22,,,34.6,5099873009109,Piæe,"24,22"
Ritter Sport SK17,0006343,0.1,100g,Ritter,2.39,,,23.9,4000417013002,Hrana,"1,79"
Ritter Sport SK17,0006343,0.1,100g,Ritter,2.39,,,23.9,4000417025005,Hrana,"1,79"
Ritter Sport SK17,0006343,0.1,100g,Ritter,2.39,,,23.9,4000417028006,Hrana,"1,79"
Ritter Sport SK17,0006343,0.1,100g,Ritter,2.39,,,23.9,4000417233004,Hrana,"1,79"
Dimljeni vrat narezak,0006394,0.1,100g,Pikok,1.49,,,14.9,20491888,Hrana,"1,49"
Hren SK2,0006427,0.189,"185g,190g",Kania,1.19,,,6.43,20359492,Hrana,"1,19"
"Svježa pileæa leða, cca. 750g",0006457,1,ca. 750g,Naša mesnica,1.69,,,1.69,2852033000000,Hrana,"1,69"
"Svježa pileæa leða, cca. 750g",0006457,1,ca. 750g,Naša mesnica,1.69,,,1.69,2891133000000,Hrana,"1,69"
"Svježa pileæa prsa, bk sk, cca 500g",0006488,1,ca. 500g,Naša mesnica,5.99,,,5.99,2891146000000,Hrana,"5,89"
Svježi pileæi batak,0006489,1,ca. 500g,Naša mesnica,4.09,,,4.09,2852013000000,Hrana,"4,09"
Svježi pileæi batak,0006489,1,ca. 500g,Naša mesnica,4.09,,,4.09,2852017000000,Hrana,"4,09"
Svježi pileæi batak,0006489,1,ca. 500g,Naša mesnica,4.09,,,4.09,2891963000000,Hrana,"4,09"
"Cvjetni med, 450g",0006631,0.45,450g,Okusi zavièaja,3.98,,,8.84,20492229,Hrana,"3,98"
Istarski tvrdi sir XXL,0006651,0.4,400g,Okusi zavièaja,5.99,,,14.98,20538033,Hrana,"5,99"
"Svježi pileæi zabatak, cca. 500g",0006675,1,ca. 500g,Naša mesnica,4.09,,,4.09,2852041000000,Hrana,"4,09"
"Svježi pileæi zabatak, cca. 500g",0006675,1,ca. 500g,Naša mesnica,4.09,,,4.09,2852043000000,Hrana,"4,09"
"Svježi pileæi zabatak, cca. 500g",0006675,1,ca. 500g,Naša mesnica,4.09,,,4.09,2852049000000,Hrana,"4,09"
"Svježi pileæi zabatak, cca. 500g",0006675,1,ca. 500g,Naša mesnica,4.09,,,4.09,2891970000000,Hrana,"4,09"
"Svježi pileæi zabatak, cca. 500g",0006675,1,ca. 500g,Naša mesnica,4.09,,,4.09,2891977000000,Hrana,"4,09"
"Èokolada za kuhanje, 350g",0006683,0.35,350g,Fin Carré,3.67,,,10.49,20492120,Hrana,"4,65"
Lovorov list cijeli,0006688,0.005,5g,Kania,0.25,,,0.25,20071882,Hrana,"0,25"
Lovorov list cijeli,0006688,0.005,5g,Kania,0.25,,,0.25,20919566,Hrana,"0,25"
Gillette Pjena za brijanje sort.,0006712,0.196,200ml,,2.89,,,14.45,3014260228682,Kozmetika,"2,89"
"Pileæi mix za juhu, cca. 500g",0006735,1,ca. 500g,Naša mesnica,2.99,,,2.99,2891129000000,Hrana,"2,69"
Nivea Sun Djeèji losion ZF50+,0007522,0.2,200ml,,15.99,,,79.95,4006000075402,Kozmetika,"15,99"
"Domaæa peèena šunka, cca. 1,2kg",0008687,1,"ca. 1,2kg",Okusi zavièaja,6.79,,,6.79,2886870000000,Hrana,"5,79"
"Svježe pile, cca. 1,5kg",0008692,1,"ca. 1,5kg",Naša mesnica,,2.69,3.09,2.69,2886920000000,Hrana,"3,09"
"Odojak s glavom, cca. 2,3kg",0008752,1,"ca. 2,3kg",Naša mesnica,,4.49,5.49,4.49,2269010000000,Hrana,"7,99"
Chardonnay bijelo vino,0008929,0.742,"0,75l",Winemakers of Croatia,5.49,,,7.32,4304493256682,Piæe,"5,49"
"Mineralna voda gazirana, 0,5l",0008994,0.5,"0,5l",Saguaro,0.36,,,0.72,4304493258686,Piæe,0.34
Srdele u sunc. ulju,0009039,0.1,100g,Okusi zavièaja,1.06,,,10.6,4056489611172,Hrana,"1,19"
"Svinjski file, cca. 400g",0009053,1,ca. 400g,Naša mesnica,8.89,,,8.89,2123853000000,Hrana,"8,89"
"Listovi za pite i savijaèe, 500g",0009083,0.5,500g,Chef Select,1.23,,,2.46,20252847,Hrana,"1,25"
"Red Bull Energetski napitak, 250ml",0009328,0.25,"0,25l",Red Bull,1.69,,,6.76,9002490100070,Piæe,"1,69"
Lampion SK7,0009364,0.29,290g,-,1.99,,,1.99,20660482,Proizvodi za kuæanstvo,"1,99"
Gel za kosu za muškarce SK13,0009855,0.15,"150ml,200ml",Cien,1.79,,,11.93,4335619070035,Kozmetika,"1,79"
"Èoko vafli lješnjak, UTZ, RFA",0009859,0.04,40g,Sondey,0.39,,,0.39,4056489357872,Hrana,"0,39"
"Toaletni papir, 4-slojni",0009891,1.23,1600Blatt,Floralys,4.39,,,0.44,4056489110842,Toaletne potrepštine,"4,39"
"Alpska šunka u komadu, cca. 600g",0010237,1,ca. 600g,Alpenfest,12.69,,,12.69,2228882000000,Hrana,"12,69"
"Alpska šunka u komadu, cca. 600g",0010237,1,ca. 600g,Alpenfest,12.69,,,12.69,2228884000000,Hrana,"12,69"
"Alpska šunka u komadu, cca. 600g",0010237,1,ca. 600g,Alpenfest,12.69,,,12.69,2810230000000,Hrana,"12,69"
"Alpska šunka u komadu, cca. 600g",0010237,1,ca. 600g,Alpenfest,12.69,,,12.69,2810239000000,Hrana,"12,69"
Umak od rajèice,0010874,0.5,500g,Combino,2.19,,,4.38,4056489488477,Hrana,"2,19"
Maslinovo ulje ekstra djev.,0011366,0.912,1l,Primadonna,8.49,,,8.49,20047290,Hrana,"8,99"
Pire krumpir instant,0011673,0.33,330g,Harvest Basket,1.89,,,5.73,4056489789185,Hrana,"1,99"
Salsa umak SK18,0011890,0.315,315g,Snack Day,1.59,,,5.05,20108595,Hrana,"1,59"
Kim,0012054,0.05,50g,Kania,0.99,,,19.8,20000387,Hrana,"0,99"
Smrznuto povræe za tavu SK21,0012083,0.75,750g,Freshona,3.29,,,4.39,4056489447801,Hrana,"2,99"
Smrznuto povræe za tavu SK21,0012083,0.75,750g,Freshona,3.29,,,4.39,4056489447856,Hrana,"2,99"
Mješavina crvenog voæa ,0012131,0.75,750g,-,5.49,,,7.32,20130596,Hrana,"4,49"
Premium jogurt SK15,0012564,0.15,150g,Milbona,1.09,,,7.27,20046873,Hrana,"1,09"
Premium jogurt SK15,0012564,0.15,150g,Milbona,1.09,,,7.27,4056489516743,Hrana,"1,09"
Basmati riža,0012591,1,1kg,Golden Sun,2.95,,,2.95,4335619009622,Hrana,"2,29"
Marcipan preliven èokoladom,0012814,0.175,175g,Favorina,1.59,,,9.09,20081065,Hrana,"1,99"
Provansalska mješavina zaèina,0012869,0.02,20g,Kania,1.09,,,1.09,4056489416661,Hrana,"1,09"
"Papir za peèenje 38x42cm, 30 kom.",0018796,0.192,30komad,Aromata,1.25,,,1.25,20174705,Proizvodi za kuæanstvo,"1,25"
Penne Rigate,0019089,0.5,500g,Combino,1.09,,,2.18,20012151,Hrana,"1,09"
Medenjaci SK4,0019216,0.5,500g,Favorina,3.99,,,7.98,20154653,Hrana,"3,69"
Èokoladni keksi XXL SK1,0019242,0.165,165g,Sondey,2.29,,,13.88,20199807,Hrana,"1,99"
Bijela èokolada,0019545,0.1,100g,Fin Carré,1.69,,,16.9,20022518,Hrana,"1,69"
Tjestenina s jajima,0019889,0.5,500g,Combino,2.09,,,4.18,20049997,Hrana,"1,99"
Tjestenina s jajima,0019889,0.5,500g,Combino,2.09,,,4.18,4056489962540,Hrana,"1,99"
Kuglof SK7,0021042,0.5,500g,Confiserie Firenze,2.89,,,5.78,20512361,Hrana,"2,89"
Baguette pecivo SK15,0021282,0.3,300g,Tastino,0.99,,,3.3,20006204,Hrana,"0,99"
Sredstvo za èišæenje poda SK17,0021341,1.075,1l,W5,1.49,,,1.49,20336776,Sredstva za èišæenje,"1,85"
Sredstvo za èišæenje poda SK17,0021341,1.075,1l,W5,1.49,,,1.49,20644260,Sredstva za èišæenje,"1,85"
Glazura za torte 6kom. SK4,0021781,0.072,72g,Belbake,0.79,,,10.97,4056489546917,Hrana,"0,99"
Prašak za puding èokolada,0021814,0.123,123g,Belbake,0.69,,,5.61,4056489546887,Hrana,"0,59"
Sladoled štapiæ SK7,0021940,0.219,3x110ml,Gelatelli,2.19,,,6.64,20000271,Hrana,"2,19"
Sladoled štapiæ SK7,0021940,0.219,3x110ml,Gelatelli,2.19,,,6.64,20001315,Hrana,"2,19"
Sladoled štapiæ SK7,0021940,0.219,3x110ml,Gelatelli,2.19,,,6.64,4056489267331,Hrana,"2,19"
Sladoled vanilija,0022161,0.5,1000ml,Bon Gelati,3.49,,,3.49,40875125,Hrana,"3,49"
Fusilli Tricolore HWG,0022355,0.5,500g,Combino,1.29,,,2.58,20003494,Hrana,"1,29"
Original tal. ocat Balsamico ,0022471,0.55,"0,5l",Acentino,1.99,,,3.98,4056489116844,Hrana,"1,99"
Kikiriki u tijestu SK9,0022808,0.2,200g,Alesto,1.59,,,7.95,20417970,Hrana,"1,59"
Hrskavi kruh SK5,0022865,0.25,250g,Tastino,1.29,,,5.16,4056489189138,Hrana,"1,29"
Kiseli gumeni bomboni,0023135,0.4,400g,Sweet Corner,2.49,,,6.23,20708207,Hrana,"2,49"
Mesni naresci SK2,0024325,0.1,100g,Alpenfest,1.89,,,18.9,20231880,Hrana,"1,89"
Mesni naresci SK2,0024325,0.1,100g,Alpenfest,1.89,,,18.9,20345266,Hrana,"1,89"
Pripravak od vinskog octa SK1,0024610,0.3,250ml,Deluxe,3.19,,,12.76,4056489323327,Hrana,"3,74"
Corte alle Mura Chianti Riserva,0024692,0.75,"0,75l",,4.99,,,6.65,8002477051549,Piæe,"4,99"
Aceto Balsamico SK1,0024845,0.274,250ml,Italiamo,1.99,,,7.96,20225001,Hrana,"1,99"
Aceto Balsamico SK1,0024845,0.274,250ml,Italiamo,1.99,,,7.96,4056489440680,Hrana,"1,99"
Losion za sunè. sa šljokicama ZF 20,0024924,0.246,250ml,Cien,3.49,,,13.96,20546472,Kozmetika,"3,99"
Sir Brie 60%,0026804,0.2,200g,Milbona,2.25,,,11.25,4056489117582,Hrana,"2,25"
MSC Fileti lososa [Gorbuscha],0026947,0.25,250g,Ocean Sea,4.85,,,19.4,20174552,Hrana,"4,85"
"Trajno mlijeko bez lakt. 1,5% m.m.",0027036,1.033,1l,Milbona,1.39,,,1.39,20221577,Hrana,"1,39"
Prekooceanska mini vina SK9,0027309,0.25,"0,25l",Cimarosa,1.89,,,7.56,4056489309161,Piæe,"1,89"
Zaštitna Anti-age krema za sunè SK6,0027370,0.075,75ml,Cien Sun,3.99,,,53.2,20231514,Kozmetika,"4,99"
Zaštitna Anti-age krema za sunè SK6,0027370,0.075,75ml,Cien Sun,3.99,,,53.2,4056489368427,Kozmetika,"4,99"
Zaštitna Anti-age krema za sunè SK6,0027370,0.075,75ml,Cien Sun,3.99,,,53.2,4335619130685,Kozmetika,"4,99"
Zaštitna Anti-age krema za sunè SK6,0027370,0.075,75ml,Cien Sun,3.99,,,53.2,4335619130692,Kozmetika,"4,99"
Mini mix krem sladoled classic,0027547,0.429,12x50ml,Bon Gelati,5.49,,,9.15,4056489223351,Hrana,"5,49"
Smrznuti jastog,0028372,0.375,375g,Deluxe,12.99,,,34.64,20298289,Hrana,"12,99"
Crveni kupus,0028380,0.68,720ml,Alpenfest,1.49,,,2.55,20004408,Hrana,"1,39"
Flaster SK7,0028901,0.023,"20komad,40komad",Sensiplast,0.89,,,0.04,20084943,Toaletne potrepštine,"0,89"
Flaster SK7,0028901,0.023,"20komad,40komad",Sensiplast,0.89,,,0.02,20084974,Toaletne potrepštine,"0,89"
Flaster SK7,0028901,0.023,"20komad,40komad",Sensiplast,0.89,,,0.04,4042441018455,Toaletne potrepštine,"0,89"
Flaster SK7,0028901,0.023,"20komad,40komad",Sensiplast,0.89,,,0.02,40895376,Toaletne potrepštine,"0,89"
Flaster SK7,0028901,0.023,"20komad,40komad",Sensiplast,0.89,,,0.04,40895383,Toaletne potrepštine,"0,89"
Rezani šampinjoni 3. klasa,0028924,0.4,425ml,Freshona,1.19,,,5.17,20143855,Hrana,1.19
Tortilja rolice SK1,0029069,0.125,125g,Snack Day,1.39,,,11.12,20211301,Hrana,"1,39"
Tal. sjeckana rajèica sa zaè. SK1,0029238,0.4,425ml,Baresa,1.19,,,2.98,20198084,Hrana,"1,19"
Umak od rajèice s bosiljkom,0029251,0.7,720ml,Baresa,1.69,,,2.35,20164041,Hrana,"1,69"
Uniferm Svježi kvasac,0029328,0.042,42g,,0.35,,,0.35,41017708,Hrana,"0,29"
"Dnevni ulošci s Aloe Vera, SK8",0029444,0.072,"26komad,32komad,45komad",Siempre,1.25,,,0.04,20069636,Toaletne potrepštine,"1,25"
Kapare (OM 60g),0029475,0.105,106ml,Freshona,0.69,,,11.5,20004323,Hrana,0.69
Parboiled riža u vreæici 4x125g,0029528,0.5,4x125g,Golden Sun,1.19,,,2.38,4056489168270,Hrana,"1,19"
Cava Semi Seco DO,0029704,0.745,"0,75l",Arestel,6.49,,,8.65,4056489849407,Piæe,"5,69"
Desertni specijaliteti SK19,0030937,0.155,"2x75g,2x80g",MCENNEDY,1.69,,,9.39,20809591,Hrana,"1,69"
Desertni specijaliteti SK19,0030937,0.155,"2x75g,2x80g",MCENNEDY,1.69,,,9.39,20934095,Hrana,"1,69"
Desertni specijaliteti SK19,0030937,0.155,"2x75g,2x80g",MCENNEDY,1.69,,,9.39,4056489979135,Hrana,"1,69"
Pjenasta kupka SK16,0031129,1.03,1l,Cien,2.25,,,2.25,4056489694588,Kozmetika,"2,25"
Twist štap. od lis. tijesta slani,0031460,0.15,150g,Snack Day,1.69,,,11.27,4056489108085,Hrana,"1,59"
Rioja DOCa Joven,0031966,0.75,"0,75l",Cepa Lebrel,3.49,,,4.65,4304493263390,Piæe,"3,49"
Gazirano piæe od limuna,0032003,0.34,"0,33l",Freeway,0.65,,,1.97,4304493271333,Piæe,"0,69"
Cola,0032092,0.342,"0,33l",Freeway,0.69,,,2.09,4304493271319,Piæe,"0,69"
"Svijetlo pivo 4,9%",0032276,0.503,"0,5l",Perlenbacher,0.99,,,1.98,4056489237174,Piæe,"0,99"
Pripravak za umak SK3,0034381,0.25,250g,Kania,1.69,,,6.76,20271848,Hrana,Nije_bilo_u_prodaji_02.05.2025
JAR Chardonnay/Colombard (EUA),0034517,0.744,"0,75l",Cimarosa,1.33,,,1.77,20245023,Piæe,"1,33"
Èileanski Cabernet Sauvignon (EUA),0034518,0.75,"0,75l",Cimarosa,2.89,,,3.85,4304493261532,Piæe,"3,49"
Losion poslije sunèanja,0034641,0.495,500ml,Cien Sun,2.49,,,4.98,20172756,Kozmetika,"3,19"
Losion poslije sunèanja,0034641,0.495,500ml,Cien Sun,2.49,,,4.98,4056489601746,Kozmetika,"3,19"
Yogurt SK4,0036211,0.15,150g,MCENNEDY,0.99,,,6.6,20702656,Hrana,"0,89"
"Premium Müsli, SK 1",0036658,0.75,750g,Crownfield,4.99,,,6.65,20202859,Hrana,"4,99"
"Premium Müsli, SK 1",0036658,0.75,750g,Crownfield,4.99,,,6.65,4335619231009,Hrana,"4,99"
Maslac za tijelo SK7,0038468,0.394,400ml,Cien,2.99,,,7.48,20137861,Kozmetika,"2,99"
Slatki kukuruz u zrnu (ATG 3x140g),0038640,0.45,3x212ml,Freshona,2.09,,,4.98,20187897,Hrana,2.09
"Tamponi, razne vrste 56-80 kom. SK8",0038769,0.178,"56komad,64komad,80komad",Siempre,3.69,,,0.05,4056489722953,Toaletne potrepštine,"3,69"
"Tamponi, razne vrste 56-80 kom. SK8",0038769,0.178,"56komad,64komad,80komad",Siempre,3.69,,,0.06,4056489722977,Toaletne potrepštine,"3,69"
"Tamponi, razne vrste 56-80 kom. SK8",0038769,0.178,"56komad,64komad,80komad",Siempre,3.69,,,0.07,4056489849001,Toaletne potrepštine,"3,69"
"Tamponi, razne vrste 56-80 kom. SK8",0038769,0.178,"56komad,64komad,80komad",Siempre,3.69,,,0.07,4056489849018,Toaletne potrepštine,"3,69"
"Tamponi, razne vrste 56-80 kom. SK8",0038769,0.178,"56komad,64komad,80komad",Siempre,3.69,,,0.05,4056489849025,Toaletne potrepštine,"3,69"
Smoothie 250ml SK13,0038798,0.265,250ml,Solevita,1.49,,,5.96,4304493261914,Hrana,"1,49"
Smoothie 250ml SK13,0038798,0.265,250ml,Solevita,1.49,,,5.96,4304493261945,Hrana,"1,49"
Smoothie 250ml SK13,0038798,0.265,250ml,Solevita,1.49,,,5.96,4304493261976,Hrana,"1,49"
Zapeèeni grah u umaku od rajèice,0038980,0.415,425ml,Freshona,1.05,,,2.5,20517007,Hrana,"0,99"
Pizza Margerita,0039155,0.3,300g,Trattoria Alfredo,1.99,,,6.63,4056489443018,Hrana,"1,99"
Aioli umak,0039239,0.2,200g,Sol&Mar,1.25,,,6.25,4056489617907,Hrana,"1,59"
Asia umaci SK6,0040086,0.281,250ml,Vitasia,1.19,,,4.76,20110833,Hrana,"1,49"
Asia umaci SK6,0040086,0.281,250ml,Vitasia,1.19,,,4.76,4056489002673,Hrana,"1,49"
Asia umaci SK6,0040086,0.281,250ml,Vitasia,1.19,,,4.76,4056489378907,Hrana,"1,49"
Asia umaci SK6,0040086,0.281,250ml,Vitasia,1.19,,,4.76,4056489378914,Hrana,"1,49"
Merlot del Veneto IGT rosso,0044034,1.5,"1,5l",CASALE AI CAMPI,3.99,,,2.66,4056489222804,Piæe,"3,99"
Flips s kikirikijem,0044294,0.15,150g,Snack Day,0.99,,,6.6,20258085,Hrana,"0,99"
Curry,0045069,0.047,47g,Kania,0.99,,,0.99,20249939,Hrana,"0,99"
Origano usitnjeni,0045073,0.012,12g,Kania,0.99,,,0.99,4056489762218,Hrana,"0,99"
Ganache praline,0047368,0.13,130g,Deluxe,4.19,,,32.23,20272067,Hrana,"4,29"
Vodeni sladoled SK14,0052987,0.696,6x110ml,Bon Gelati,2.99,,,4.53,20289362,Hrana,"2,99"
Korneti 6 kom. SK1,0054742,0.45,6x120ml,Gelatelli,2.99,,,4.15,4335619207868,Hrana,"2,99"
"Lješnjak sjeckani, prženi",0055046,0.2,200g,Belbake,2.99,,,14.95,20509552,Hrana,"2,69"
Ragolds Punjeni bomboni SK5,0055579,0.034,"33,6g",,0.59,,,0.59,4014600112175,Hrana,"0,59"
Kandirano voæe SK1,0055877,0.1,100g,Belbake,0.89,,,8.9,20003456,Hrana,"0,89"
Specijaliteti od kozjeg sira SK30,0058128,0.1,100g,Duc de Coeur,1.71,,,17.1,20462376,Hrana,"1,71"
Specijaliteti od kozjeg sira SK30,0058128,0.1,100g,Duc de Coeur,1.71,,,17.1,20696641,Hrana,"1,71"
Tzatziki,0058153,0.25,250g,Pilos,0.99,,,3.96,4056489199533,Hrana,"0,8"
Secco Bianco,0058528,0.2,"0,2l",Allini,1.19,,,5.95,4304493268524,Piæe,"0,99"
Ledena kava SK6,0058658,0.261,250ml,Milbona,1.19,,,4.76,20036935,Hrana,"1,09"
Punjena predjela SK2 (ATG 150g),0059849,0.27,270g,Eridanous,2.69,,,17.93,20532888,Hrana,"2,59"
Amerièka pizza SK3,0059859,0.44,440g,MCENNEDY,3.29,,,7.48,20543068,Hrana,"2,89"
Amerièka pizza SK3,0059859,0.44,440g,MCENNEDY,3.29,,,7.48,4056489451143,Hrana,"2,89"
Mini èokolade SK2,0059926,0.04,40g,Fin Carré,0.89,,,0.89,20884659,Hrana,"0,89"
Grèki zaèini SK5,0060253,0.041,"35g,40g,50g",Eridanous,0.79,,,15.8,20550103,Hrana,"0,79"
Grèki zaèini SK5,0060253,0.041,"35g,40g,50g",Eridanous,0.79,,,22.57,20656454,Hrana,"0,79"
Grèki zaèini SK5,0060253,0.041,"35g,40g,50g",Eridanous,0.79,,,22.57,4056489644279,Hrana,"0,79"
Grèki zaèini SK5,0060253,0.041,"35g,40g,50g",Eridanous,0.79,,,15.8,4056489723639,Hrana,"0,79"
Grèki zaèini SK5,0060253,0.041,"35g,40g,50g",Eridanous,0.79,,,19.75,4056489723660,Hrana,"0,79"
Grèki zaèini SK5,0060253,0.041,"35g,40g,50g",Eridanous,0.79,,,15.8,4056489723660,Hrana,"0,79"
Ledene praline SK2,0060312,0.07,10x10ml,Deluxe,1.35,,,13.5,20550370,Hrana,"1,59"
Dezodorans SK21,0062781,0.117,200ml,Cien,1.29,,,6.45,20321031,Kozmetika,"1,29"
Dezodorans muški SK15,0062785,0.123,200ml,Cien MEN,1.29,,,6.45,20321116,Kozmetika,"1,29"
Dezodorans muški SK15,0062785,0.123,200ml,Cien MEN,1.29,,,6.45,20354527,Kozmetika,"1,29"
Sredstvo za èišæenje kupaonice SK10,0062791,0.761,750ml,W5,1.85,,,2.47,20265502,Sredstva za èišæenje,"1,85"
"Gouda ribana, dozrijevana 7 tjed.",0062846,0.2,200g,Milbona,2.49,,,12.45,20619848,Hrana,"2,69"
Baguette 6er SK2,0062848,0.75,750g,Trattoria Alfredo,4.99,,,6.65,4056489451167,Hrana,"4,99"
Picco Pizzi šunka/salama SK1,0063013,0.36,360g,Trattoria Alfredo,3.99,,,11.08,4056489442950,Hrana,"3,99"
Chardonnay IGP Terre Siciliane ,0063293,0.75,"0,75l",CORTE AURELIO,3.59,,,4.79,4304493263055,Piæe,"3,49"
Talijanska kuhana šunka,0063350,0.12,120g,Deluxe,2.39,,,19.92,20328009,Hrana,"2,49"
Èokoladne lizalice SK5,0063416,0.15,150g,Favorina,1.59,,,10.6,20336592,Hrana,"1,59"
Transp. sprej za sunèanje ZF 20,0065110,0.221,250ml,Cien Sun,5.49,,,21.96,20277260,Kozmetika,"6,49"
Transp. sprej za sunèanje ZF 20,0065110,0.221,250ml,Cien Sun,5.49,,,21.96,4335619130494,Kozmetika,"6,49"
Papirnati stolnjak 10m,0065189,0.397,1komad,Grillmeister,1.99,,,1.99,20340827,Proizvodi za kuæanstvo,"2,59"
Sok od jabuke 100% XXL,0065368,2.09,2l,Solevita,2.49,,,1.25,20341046,Piæe,"2,49"
Mesni sir na bavarski naèin SK1,0065425,0.4,400g,Alpenfest,3.49,,,8.73,20272319,Hrana,"2,72"
Krema za ruke SK6,0065854,0.109,"125ml,75ml",Cien,1.19,,,15.87,20548612,Kozmetika,"1,19"
Krema za ruke SK6,0065854,0.109,"125ml,75ml",Cien,1.19,,,9.52,20548612,Kozmetika,"1,19"
Krema za ruke SK6,0065854,0.109,"125ml,75ml",Cien,1.19,,,9.52,20864804,Kozmetika,"1,19"
Odstr. laka za nokte bez acet. SK8,0065975,0.173,200ml,Cien,1.99,,,9.95,4056489617433,Kozmetika,"1,99"
Šunka narezana XXL,0065989,0.25,250g,Dulano,3.69,,,14.76,4056489789352,Hrana,"3,69"
Kalifornijske pistacije ,0067958,0.25,250g,Alesto,4.49,,,17.96,20337292,Hrana,"4,39"
Pljeskavice XXL SK1,0068460,0.6,600g,Dulano,4.29,,,7.15,20339579,Hrana,"4,29"
Beauty kompaktni puder SK4,0069825,0.005,"4,5g",Cien,2.25,,,2.25,20009854,Kozmetika,"2,25"
Vafel keksi SK6,0069861,0.4,400g,Sondey,3.29,,,8.23,20036799,Hrana,"3,29"
Sir za roštilj SK1,0070128,0.28,280g,Grillmeister,2.99,,,10.68,20364632,Hrana,"2,99"
Suhi kvasac,0070432,0.042,42g,Belbake,0.75,,,0.75,4335619231344,Hrana,"0,78"
Ledena kava XXL SK1,0070916,0.399,380ml,Milbona,1.29,,,3.39,4304493266391,Hrana,"1,09"
Bitter Aperitiv 11% Vol.,0070927,0.762,"0,7l",Bitterol,3.99,,,5.7,20377014,Piæe,"3,99"
Jumbo flips s kikirikijem,0072794,0.45,450g,Let's have a party!,2.49,,,5.53,20387884,Hrana,"2,49"
Dimljeni losos XXL,0073887,0.22,220g,Nautica,5.69,,,25.86,4335619195585,Hrana,"6,69"
Mješavina povræa s maslacem ,0074143,0.4,400g,Freshona,1.69,,,4.23,4056489762560,Hrana,"1,59"
Kroasan s krem punjenjem SK3,0074867,0.24,5x48g,Maitre Jean-Pierre,2.19,,,9.13,20399412,Hrana,"1,99"
Slani pereci,0075027,0.25,250g,Snack Day,0.95,,,3.8,4056489439998,Hrana,"0,99"
Premium torta SK1,0075239,0.75,750g,Deluxe,7.99,,,10.65,20518936,Hrana,"7,99"
Sladoled SK40,0076562,0.513,1000ml,Bon Gelati,3.99,,,3.99,20348960,Hrana,"3,99"
Sredstvo za èišæenje tepiha,0077359,0.606,600ml,W5,2.29,,,3.82,20338091,Sredstva za èišæenje,"2,29"
Sredstvo za èišæenje tepiha,0077359,0.606,600ml,W5,2.29,,,3.82,4056489242727,Sredstva za èišæenje,"2,29"
Hugo,0077503,0.75,"0,75l",Allini,2.99,,,3.99,4056489237365,Piæe,"2,99"
Èetkica za zube Performance SK5,0077569,0.016,1komad,Dentalux,0.89,,,0.89,20411442,Kozmetika,"0,89"
Grèki jogurt natur,0077784,0.5,4x125g,Milbona,1.99,,,3.98,20367336,Hrana,"1,99"
Tiramisu SK4,0077850,0.16,2x80g,Italiamo,1.59,,,9.94,20401757,Hrana,"1,59"
Vafli od šeæera,0077923,0.55,550g,Sondey,3.39,,,6.16,20061166,Hrana,"3,39"
Vafli od šeæera,0077923,0.55,550g,Sondey,3.39,,,6.16,4056489364689,Hrana,"3,39"
Multivitaminski sok 12%,0078019,2.904,"14x0,2l",Solevita,5.99,,,2.14,20415655,Piæe,"5,69"
Grill umak sort. SK14,0079343,0.359,300ml,Kania,1.99,,,6.63,20542825,Hrana,"1,59"
Lizalice SK 13,0079539,0.135,135g,Sweet Corner,1.99,,,14.74,20386665,Hrana,"1,99"
Romanesco,0082926,0.96,1komad,,2.19,,,2.19,20753245,Hrana,"2,29"
Baby šampinjoni 300g,0083022,0.3,300g,,1.39,,,4.63,20540586,Hrana,"1,39"
Baby šampinjoni 300g,0083022,0.3,300g,,1.39,,,4.63,3858893060239,Hrana,"1,39"
Shiitake,0083055,0.1,100g,,1.69,,,16.9,3859889614795,Hrana,"1,69"
Krumpir 5kg BOKS,0083247,5,5kg,,3.99,,,0.8,20306229,Hrana,"3,99"
Bio krastavac,0084535,0.37,1komad,,1.99,,,1.99,20239756,Hrana,"0,99"
Bio zaèinsko bilje,0084647,0,1komad,,1.69,,,1.69,20934200,Hrana,"1,49"
"Voæni jogurt 2,8% m.m., SK2",0086883,0.15,150g,Pilos,0.37,,,2.47,20158538,Hrana,"0,37"
"Voæni jogurt 2,8% m.m., SK2",0086883,0.15,150g,Pilos,0.37,,,2.47,20280246,Hrana,"0,37"
Sjajilo za obuæu SK3,0087031,0.075,1komad,W5,1.29,,,1.29,20439040,Sredstva za èišæenje,"1,29"
Sjajilo za obuæu SK3,0087031,0.075,1komad,W5,1.29,,,1.29,20439095,Sredstva za èišæenje,"1,29"
Sirup SK26,0087297,0.903,"0,7l",Solevita,1.99,,,2.84,20799823,Piæe,"1,99"
Šampon protiv prhuti SK10,0088436,0.3,300ml,Cien,1.29,,,4.3,20916787,Kozmetika,"1,29"
Rukavice za jednokratnu uporabu SK3,0089720,0.523,100komad,W5,5.99,,,0.06,20454166,Proizvodi za kuæanstvo,"5,99"
Staklena tjestenina,0089804,0.1,100g,Combino,0.65,,,6.5,20441951,Hrana,"0,65"
Sušene rajèice,0091438,0.1,100g,Italiamo,1.79,,,17.9,20487942,Hrana,"1,79"
Gel za tuširanje 3u1 SK16,0091976,0.309,300ml,Cien,1.05,,,3.5,20954871,Kozmetika,"1,05"
Gel za tuširanje 3u1 SK16,0091976,0.309,300ml,Cien,1.05,,,3.5,4056489236245,Kozmetika,"1,05"
Gel za tuširanje 3u1 SK16,0091976,0.309,300ml,Cien,1.05,,,3.5,4056489688129,Kozmetika,"1,05"
Krpe za domaæinstvo SK6,0092429,0.076,"5komad,6komad",W5,0.99,,,0.17,20462482,Proizvodi za kuæanstvo,"1,19"
Krpe za domaæinstvo SK6,0092429,0.076,"5komad,6komad",W5,0.99,,,0.17,4335619105195,Proizvodi za kuæanstvo,"1,19"
Multivitaminski sok XXL,0093728,2.09,2l,Solevita,2.49,,,1.25,20490317,Piæe,"2,49"
"Farmer Cookies SK4, UTZ",0094327,0.2,200g,Sondey,2.29,,,11.45,20452728,Hrana,"2,29"
Edel-/Alpenvollmilchtafeln SK60,0095582,0.1,100g,Fin Carré,1.29,,,12.9,4056489904670,Hrana,"1,29"
Zaèini za kavu SK3,0097017,0.09,90g,Deluxe,2.29,,,25.44,20515140,Hrana,"1,79"
Zaèinsko ulje SK7,0097277,0.12,125ml,Deluxe,2.39,,,19.12,20520199,Hrana,"2,39"
Zaèinsko ulje SK7,0097277,0.12,125ml,Deluxe,2.39,,,19.12,20520205,Hrana,"2,39"
Zaèinska mješavina SK7,0097448,0.047,"40g,45g,50g,55g",Deluxe,2.29,,,57.25,20520120,Hrana,"1,79"
Zaèinska mješavina SK7,0097448,0.047,"40g,45g,50g,55g",Deluxe,2.29,,,45.8,20520137,Hrana,"1,79"
Zaèinska mješavina SK7,0097448,0.047,"40g,45g,50g,55g",Deluxe,2.29,,,50.89,20520168,Hrana,"1,79"
Prosciutto Cotto,0097776,0.1,100g,Italiamo,1.99,,,19.9,20503628,Hrana,"1,99"
Indijski orašèiæi SK12,0097783,0.15,150g,Alesto,2.99,,,19.93,4056489507802,Hrana,"1,99"
o.b. Tamponi SK1,0099299,0.052,"54komad,64komad",,4.29,,,0.08,3574661128672,Toaletne potrepštine,"4,29"
o.b. Tamponi SK1,0099299,0.052,"54komad,64komad",,4.29,,,0.07,3574661128672,Toaletne potrepštine,"4,29"
o.b. Tamponi SK1,0099299,0.052,"54komad,64komad",,4.29,,,0.07,3574661582467,Toaletne potrepštine,"4,29"
Higijenski gel za ruke,0099369,0.01,50ml,Cien,0.89,,,17.8,20488970,Kozmetika,"0,89"
BENGAL Tablete protiv komaraca,0099897,0.033,30komad,,1.49,,,0.05,8008090044074,Proizvodi za kuæanstvo,"1,49"
BENGAL Tablete protiv komaraca,0099897,0.033,30komad,,1.49,,,0.05,8008090603264,Proizvodi za kuæanstvo,"1,49"
BENGAL Nadopuna 45 noæi ,0099898,0.048,35ml,,1.99,,,1.99,8008090603240,Proizvodi za kuæanstvo,"1,99"
"Indijski orašèiæi, prž. i slani XXL",0105268,0.25,250g,Alesto,2.99,,,11.96,20575922,Hrana,"2,89"
Kuhana šunka XXL,0105639,0.25,250g,Dulano,2.55,,,10.2,20586492,Hrana,"3,19"
Vreæica mala,0108162,0.013,1komad,,0.09,,,0.09,20612061,Proizvodi za kuæanstvo,"0,09"
Milkshake SK4,0108408,0.243,230ml,MCENNEDY,0.99,,,4.3,20997977,Hrana,"0,99"
Milkshake SK4,0108408,0.243,230ml,MCENNEDY,0.99,,,4.3,20997984,Hrana,"0,99"
Premium Sol u mlincu SK11,0108674,0.153,"180g,70g",Deluxe,3.59,,,51.29,4056489868941,Hrana,"3,89"
Premium Sol u mlincu SK11,0108674,0.153,"180g,70g",Deluxe,3.59,,,19.94,4056489868941,Hrana,"3,89"
Brioche peciva s mlij. i èok. 8kom.,0108883,0.32,320g,Maitre Jean-Pierre,2.99,,,9.34,20071127,Hrana,"2,99"
Bio riža SK1,0109155,0.5,500g,Golden Sun,1.99,,,3.98,20620387,Hrana,"1,99"
Tekuæi puder SK7,0111947,0.034,30ml,Cien,2.89,,,2.89,20065454,Kozmetika,"2,89"
Tekuæi puder SK7,0111947,0.034,30ml,Cien,2.89,,,2.89,4056489656845,Kozmetika,"2,89"
Maslac za usne SK10,0112665,0.008,"3,3ml",Cien,2.49,,,2.49,20009632,Kozmetika,"2,49"
Maslac za usne SK10,0112665,0.008,"3,3ml",Cien,2.49,,,2.49,20908836,Kozmetika,"2,49"
Maslac za usne SK10,0112665,0.008,"3,3ml",Cien,2.49,,,2.49,20955045,Kozmetika,"2,49"
Maslac za usne SK10,0112665,0.008,"3,3ml",Cien,2.49,,,2.49,20955083,Kozmetika,"2,49"
Draže bomboni voæni ,0113212,0.038,38g,Sweet Corner,0.39,,,0.39,5707312006922,Hrana,"0,39"
Seljaèka šunka XXL,0113512,0.3,300g,Dulano,4.69,,,15.63,20625603,Hrana,"4,69"
Meki kravlji sir za peèenje,0114017,0.35,350g,Eridanous,3.59,,,10.26,20907785,Hrana,"2,69"
Kandirano voæe SK2,0114596,0.1,100g,Belbake,1.69,,,16.9,20688998,Hrana,"1,29"
Sir,0115270,0.175,175g,Alpenfest,2.59,,,14.8,4335619111851,Hrana,"2,49"
"Gumene rukavice, 2 para SK3",0115731,0.066,4komad,W5,0.99,,,0.25,4056489714729,Proizvodi za kuæanstvo,"0,99"
ASC Dimljena pastrva SK1,0116232,0.125,125g,Nautica,3.59,,,28.72,20625146,Hrana,"2,99"
Gel za brijanje,0116573,0.195,200ml,Cien,1.99,,,9.95,4056489814535,Kozmetika,"2,09"
Bio ulje maslinovo eks. djev. ,0118801,0.41,500ml,Primadonna,6.49,,,12.98,4056489095897,Hrana,"6,49"
Bulgur Salata SK5,0119137,0.213,"200g,250g",Chef Select,1.89,,,7.56,20757854,Hrana,"1,79"
Bulgur Salata SK5,0119137,0.213,"200g,250g",Chef Select,1.89,,,9.45,4056489008651,Hrana,"1,79"
Zeleni èaj UTZ SK21,0119798,0.044,"25x1,75g",Lord Nelson,1.59,,,1.59,20097004,Piæe,"1,29"
Mix orašastih plodova XXL,0122317,0.5,500g,Alesto Selection,6.69,,,13.38,20816445,Hrana,"6,29"
Limun/Èokol. desert SK2,0122380,0.475,"450g,500g",Deluxe,3.79,,,7.58,20553036,Hrana,"3,79"
"Pivo 4,9%",0122460,3.018,"6x0,5l",Perlenbacher,5.69,,,1.9,20817183,Piæe,Nije_bilo_u_prodaji_02.05.2025
Tekuæi jogurt  SK8,0122949,0.85,850g,Milbona,1.89,,,2.22,20817374,Hrana,"1,89"
Tekuæi jogurt  SK8,0122949,0.85,850g,Milbona,1.89,,,2.22,4304493270497,Hrana,"1,89"
Èokoladni štapiæi SK5,0124055,0.09,90g,Sondey,1.89,,,21,4056489570295,Hrana,Nije_bilo_u_prodaji_02.05.2025
Kokosovo mlijeko SK1,0124068,0.4,425ml,Freshona,1.59,,,3.74,20561338,Hrana,"1,59"
Punjena èokoladna jaja,0124079,0.065,65g,Favorina,0.89,,,13.69,20851620,Hrana,"0,89"
Mješavina za kolaèe bez glutena SK1,0124109,0.475,"420g,530g",Belbake,2.49,,,5.93,20817237,Hrana,"2,19"
Bio brašno od pira SK2,0124364,1,1kg,Belbake,2.19,,,2.19,20840112,Hrana,"2,19"
Kvinoja SK1,0127163,0.4,400g,Golden Sun,2.89,,,7.23,20897666,Hrana,"2,89"
"Ementaler - tvrdi sir, narezan",0127278,0.4,400g,Milbona,5.19,,,12.98,4056489840428,Hrana,Nije_bilo_u_prodaji_02.05.2025
Krema za ruke Tradition SK5,0128286,0.03,30ml,Cien,1.29,,,1.29,20903169,Kozmetika,"1,29"
Long Lasting gel lak za nokte,0128296,0.011,11ml,Cien Beauty,1.09,,,1.09,20979096,Kozmetika,"1,09"
Debreciner kobasice SK3,0128388,0.28,280g,Alpenfest,2.35,,,8.39,4056489864257,Hrana,"2,99"
Grandioso (desert s vrhnjem) SK6,0128690,0.19,190g,Milbona,0.85,,,4.47,4056489656227,Hrana,Nije_bilo_u_prodaji_02.05.2025
Voæni koktel u sirupu (OM 500g),0129126,0.82,850ml,Freshona,2.55,,,5.1,20927448,Hrana,2.55
Bio kašica laku noæ keks,0131983,0.19,190g,Lupilu,0.95,,,5,4056489894421,Hrana,"1,05"
Gumeni bomboni kisela Cola,0132068,0.3,300g,Sweet Corner,1.79,,,5.97,20490805,Hrana,"1,79"
Djeèji gel za zube SK3,0132312,0.133,100ml,Dentalux,0.85,,,8.5,4056489751106,Kozmetika,"0,89"
Njega za zube SK12,0132608,0.046,"1komad,6komad",Dentalux,1.99,,,1.99,20090500,Kozmetika,"1,99"
Njega za zube SK12,0132608,0.046,"1komad,6komad",Dentalux,1.99,,,1.99,20525118,Kozmetika,"1,99"
Hairvital Regenerator za kosu SK5,0133014,0.248,250ml,Cien,1.49,,,5.96,20978440,Kozmetika,"1,49"
Pacifièke kozice u umaku SK12,0135387,0.1,100g,Vitasia,2.69,,,26.9,4056489237525,Hrana,"2,69"
Tekuæi det. za pr. rublja SK1 27pr.,0136086,1.53,"1,485l",Formil,3.85,,,2.59,40893327,Sredstva za èišæenje,"3,85"
Jednokratne rukavice SK3,0136355,0.373,100komad,W5,5.99,,,0.06,20089368,Proizvodi za kuæanstvo,"5,99"
Prirodni regenerator za kosu SK3,0136838,0.25,250ml,Cien,1.79,,,7.16,4056489254775,Kozmetika,"1,79"
Craft pivo SK1,0137230,0.5,"0,5l",-,1.49,,,2.98,4054500121013,Piæe,"1,29"
Craft pivo SK1,0137230,0.5,"0,5l",-,1.49,,,2.98,4054500140922,Piæe,"1,29"
Craft pivo SK1,0137230,0.5,"0,5l",-,1.49,,,2.98,4054500140939,Piæe,"1,29"
Craft pivo SK1,0137230,0.5,"0,5l",-,1.49,,,2.98,4054500440923,Piæe,"1,29"
Složenac od krumpira ,0139429,0.3,300g,Deluxe,3.29,,,10.97,4056489305033,Hrana,"3,49"
Mini gumeni medvjediæi,0139506,0.3,300g,Favorina,1.69,,,5.63,20184308,Hrana,"1,69"
Kakao s vitaminima RFA,0140050,0.8,800g,Goody Cao,5.49,,,6.86,20083786,Piæe,"4,99"
Kakao s vitaminima RFA,0140050,0.8,800g,Goody Cao,5.49,,,6.86,4334035316826,Piæe,"4,99"
Riblji tapas s umakom SK7,0140211,0.1,100g,Vitasia,2.49,,,24.9,20249748,Hrana,"2,49"
Svježi sir SK16,0140323,0.3,300g,Milbona,2.19,,,7.3,4335619185210,Hrana,"1,99"
Èokoladni piliæi u jajetu,0140568,0.3,300g,Favorina,5.49,,,18.3,20303730,Hrana,"5,49"
Èokoladne bubamare SK1,0141033,0.1,100g,Favorina,2.29,,,22.9,20304492,Hrana,"2,29"
Èokoladni zec SK1,0141301,0.05,50g,Favorina,0.99,,,19.8,4056489016625,Hrana,"0,99"
Èokoladni zec SK1,0141301,0.05,50g,Favorina,0.99,,,19.8,4056489016632,Hrana,"0,99"
Pure Taste Suha hrana za pse SK1,0141821,1.5,"1,5kg",Orlando Pure Taste,4.49,,,2.99,4056489017103,Proizvodi za kuæanstvo,"4,49"
Maslinovo ulje SK4,0141884,0.458,500ml,Primadonna,4.19,,,8.38,4056489017479,Hrana,"5,79"
Mlj. èok. s raznim punjenjem SK1,0144007,0.299,"295g,300g",Fin Carré,4.49,,,15.22,4056489030058,Hrana,"4,49"
Mješavina zaèina SK1,0144360,0.054,"45g,50g,55g,65g",Duc de Coeur,2.19,,,33.69,4056489032021,Hrana,"2,19"
Mješavina zaèina SK1,0144360,0.054,"45g,50g,55g,65g",Duc de Coeur,2.19,,,39.82,4056489032038,Hrana,"2,19"
Mješavina zaèina SK1,0144360,0.054,"45g,50g,55g,65g",Duc de Coeur,2.19,,,39.82,4056489032045,Hrana,"2,19"
Mješavina zaèina SK1,0144360,0.054,"45g,50g,55g,65g",Duc de Coeur,2.19,,,43.8,4056489032052,Hrana,"2,19"
Mješavina zaèina SK1,0144360,0.054,"45g,50g,55g,65g",Duc de Coeur,2.19,,,33.69,4056489032052,Hrana,"2,19"
Prženi lješnjaci,0144497,0.2,200g,Alesto Selection,3.89,,,19.45,20007676,Hrana,"3,89"
Višekratna mrežica za voæe i povræe,0144601,0.015,2komad,-,0.89,,,0.45,2293002000000,Proizvodi za kuæanstvo,"0,89"
Umak za tjesteninu,0145918,0.42,400ml,Duc de Coeur,1.69,,,4.23,4056489096382,Hrana,"1,69"
Mini keksi UTZ SK2,0148645,0.225,"6x37,5g",Sondey,2.69,,,11.96,20434090,Hrana,"2,69"
Proteinski namaz SK1,0148680,0.2,200g,Mister Choc,2.99,,,14.95,4056489167617,Hrana,Nije_bilo_u_prodaji_02.05.2025
Suho voæe Mango,0148837,0.1,100g,Alesto Selection,2.59,,,25.9,4335619202337,Hrana,"2,59"
Hrana za maèke SK1,0149266,0.085,85g,Coshida,0.69,,,8.12,4056489182085,Proizvodi za kuæanstvo,"0,69"
Hrana za pse 400g SK8,0149298,0.4,400g,Orlando Pure Taste,1.55,,,3.88,4335619165588,Proizvodi za kuæanstvo,Nije_bilo_u_prodaji_02.05.2025
Mini kroketi ,0149482,0.5,500g,Harvest Basket,1.59,,,3.18,4056489183679,Hrana,"1,59"
Stem Brew Craft Gin 42%,0149605,0.7,"0,7l",-,10.99,,,15.7,4304493264847,Piæe,"10,99"
Kapsule Gold Lungo,0149952,0.255,"255,2g",Bellarom,7.49,,,29.35,4334035913636,Piæe,"7,49"
Bio pasirana rajèica,0150221,0.7,720ml,Baresa,1.39,,,1.93,4056489201847,Hrana,"1,59"
Premium suha hrana za maèke SK6,0150382,0.8,800g,Coshida Selection,2.79,,,3.49,4056489330547,Proizvodi za kuæanstvo,"2,79"
Vreæica mala 80% reciklirana 50µ,0150623,0.018,1komad,-,0.1,,,0.1,4056489208587,Proizvodi za kuæanstvo,"0,1"
Dezodorans SK16,0150788,0.053,50ml,Cien,0.99,,,19.8,4335619175518,Kozmetika,"1,05"
Dezodorans SK17,0150789,0.052,50ml,Cien,0.99,,,19.8,4335619175471,Kozmetika,"1,05"
High protein jogurt SK4,0150828,0.2,200g,Milbona,0.99,,,4.95,4056489685937,Hrana,"0,99"
Protein Quark SK1,0150835,0.2,200g,Pilos,1.29,,,6.45,4056489216230,Hrana,"1,29"
Montepulciano d'Abruzzo DOP,0151217,0.75,"0,75l",-,3.45,,,4.6,4056489114086,Piæe,"3,49"
Rolica s cimetom ,0151231,0.6,600g,Chef Select,3.49,,,5.82,4056489224426,Hrana,"2,69"
"Tek. deterdž., konc., 28pranja SK5 ",0151372,1.036,1l,Formil,3.99,,,0.14,4056489441779,Sredstva za èišæenje,"3,99"
Deterdžent za pranje rublja 50pr.,0151385,3.75,"3,75kg",Formil Basic,5.69,,,1.52,4056489940319,Sredstva za èišæenje,"5,69"
Japanska mješavina rižinih krekera,0154102,0.25,250g,Alesto,1.99,,,7.96,4056489051749,Hrana,"1,99"
Mljevena kava SK4,0154291,0.25,250g,Bellarom,4.99,,,19.96,4056489182221,Piæe,"4,99"
Zaèini SK1,0154517,0.127,"100g,120g,140g,130g",Kania,1.69,,,12.07,4056489279440,Hrana,"1,69"
Suha hrana za maèke XXL,0154961,3,3kg,Coshida,4.99,,,1.66,4056489790792,Proizvodi za kuæanstvo,Nije_bilo_u_prodaji_02.05.2025
Spužva za pranje posuða SK3,0155075,0.056,6komad,W5,0.85,,,0.14,4056489299080,Proizvodi za kuæanstvo,"0,75"
Spužva za pranje posuða SK3,0155075,0.056,6komad,W5,0.85,,,0.14,4056489865025,Proizvodi za kuæanstvo,"0,75"
Chicken Nuggets bez umaka,0156458,1,1000g,Chef Select,7.99,,,7.99,4056489318408,Hrana,"7,99"
Umaci SK1,0156969,0.2,200g,Let's have a party!,1.39,,,6.95,4056489322900,Hrana,"1,09"
Osvježivaè za hladnjak,0157292,0.04,40g,W5,1.29,,,32.25,4056489849926,Sredstva za èišæenje,"1,29"
Nature Sredst. za pranje posuða SK1,0157353,0.518,500ml,W5,1.59,,,3.18,4056489329398,Sredstva za èišæenje,"1,59"
WC Osvježivaè 2x48g SK10,0157484,0.096,2x48g,W5,1.55,,,16.15,4056489186830,Sredstva za èišæenje,"1,45"
Hrana za maèke SK1,0157510,0.07,70g,Coshida,1.19,,,17,4056489330400,Proizvodi za kuæanstvo,Nije_bilo_u_prodaji_02.05.2025
Hrana za pse SK1,0157519,0.415,415g,Orlando,0.99,,,2.39,4056489330462,Proizvodi za kuæanstvo,"0,99"
Nature Deo Roll-on SK1  ,0158145,0.059,"50ml,75ml",Cien Nature,2.25,,,30,4056489329855,Kozmetika,"2,25"
Nature Šampon za kosu SK1,0158151,0.21,200ml,Cien Nature,2.29,,,11.45,4056489329770,Kozmetika,"2,29"
Tjestenina SK1,0162218,0.5,500g,Deluxe,2.69,,,5.38,4056489291879,Hrana,"2,69"
Rooibos èaj SK16,0162423,0.05,25x2g,Lord Nelson,1.49,,,29.8,20165253,Piæe,"1,29"
Instant kava Gold ,0162590,0.2,200g,Bellarom,7.99,,,39.95,4056489440628,Piæe,"7,19"
Sicilijanski pesto od pistacije,0162809,0.19,190g,Italiamo,2.59,,,13.63,4056489441311,Hrana,"2,69"
Pesto XXL SK1,0162835,0.55,550g,Baresa,3.99,,,7.25,4056489441427,Hrana,"3,99"
Papir za peèenje XXL,0163167,0.218,35komad,Aromata,1.25,,,0.04,4335619285149,Proizvodi za kuæanstvo,"1,25"
Mješavina orašastih plodova,0163315,0.2,200g,Alesto,3.49,,,17.45,4056489449966,Hrana,"2,99"
Jednokratna dvostruka britvica,0163332,0.028,5komad,Cien,0.89,,,0.18,4056489450191,Kozmetika,"0,89"
Men Peterostruka brit. X5+2 nadop.,0163336,0.047,1komad,Cien,4.99,,,4.99,4056489450290,Kozmetika,"4,99"
Veganski falafel,0163486,0.2,200g,Vemondo,1.99,,,9.95,4056489451693,Hrana,"1,99"
Kompletna hrana za maèke SK20,0164210,0.415,415g,Coshida,0.89,,,2.14,4056489142324,Proizvodi za kuæanstvo,"0,89"
Hummus SK2,0164805,0.22,220g,Vemondo,1.19,,,5.41,4056489459514,Hrana,"1,49"
Soja jogurt SK5,0165197,0.5,500g,Vemondo,1.99,,,3.98,4335619096448,Hrana,Nije_bilo_u_prodaji_02.05.2025
BO Pizza Donut Margherita,0165337,0.13,125g,,1.19,,,9.52,4056489467359,Hrana,"1,06"
BO Donut duga,0165727,0.232,232g,,2.99,,,12.89,4056489459194,Hrana,"2,99"
Svježi zrnati sir bez laktoze,5002090,0.2,200g,Milbona,1.49,,,7.45,20628130,Hrana,"1,49"
Cabanossi kobasica SK2,5004039,0.09,90g,Alpenfest,1.59,,,17.67,20984328,Hrana,"1,39"
Cabanossi kobasica SK2,5004039,0.09,90g,Alpenfest,1.59,,,17.67,20984335,Hrana,"1,39"
High protein napitak SK4,5007051,0.35,350g,Milbona,1.39,,,3.97,4335619038622,Hrana,"1,29"
Šunka s medom ili hrenom SK4,5007111,0.15,150g,Deluxe,2.05,,,13.67,4056489246367,Hrana,"2,09"
Kobasica sa sirom,5010094,0.34,340g,Alpenfest,3.29,,,9.68,4056489629894,Hrana,"3,29"
High Protein kefir s voæem SK1,5011912,0.35,350g,Milbona,1.69,,,4.83,4335619038363,Hrana,"1,59"
High Protein Shot SK3,5011916,0.4,4x100g,Milbona,2.39,,,5.98,4335619038530,Hrana,"2,39"
Svježi sir s pestom SK1,5011933,0.15,150g,Deluxe,2.59,,,17.27,20987169,Hrana,"1,99"
Svježi sir s pestom SK1,5011933,0.15,150g,Deluxe,2.59,,,17.27,4335619038042,Hrana,"1,99"
Salafini SK2,5012515,0.08,80g,Deluxe,1.79,,,22.38,4335619223523,Hrana,Nije_bilo_u_prodaji_02.05.2025
Proteinski sir mozzarella SK1,5110136,0.215,"280g,150g",Milbona,2.49,,,8.89,4056489779001,Hrana,"2,29"
Kolaèi SK2,5111625,0.107,"100g,120g",Deluxe,2.46,,,20.5,4056489615873,Hrana,Nije_bilo_u_prodaji_02.05.2025
Kolaèi SK2,5111625,0.107,"100g,120g",Deluxe,2.46,,,20.5,4056489615880,Hrana,Nije_bilo_u_prodaji_02.05.2025
Slane grickalice SK8,5200013,0.185,185g,Hatherwood,1.33,,,7.19,20472306,Hrana,"1,33"
Sir Monterey Jack u listiæima,5200217,0.2,200g,McEnnedy,3.99,,,19.95,20509811,Hrana,"3,99"
Sir Monterey Jack u listiæima,5200217,0.2,200g,McEnnedy,3.99,,,19.95,4056489334576,Hrana,"3,99"
Sir Monterey Jack u listiæima,5200217,0.2,200g,McEnnedy,3.99,,,19.95,4056489711995,Hrana,"3,99"
Cheddar sir u listiæima,5200658,0.25,250g,Hatherwood,2.99,,,11.96,20428785,Hrana,"2,99"
Sirevi SK1,5200709,0.14,140g,Hatherwood,2.99,,,21.36,4056489335795,Hrana,"2,99"
Sirevi SK1,5200709,0.14,140g,Hatherwood,2.99,,,21.36,4056489712053,Hrana,"2,99"
Cheddar sir,5200744,0.25,250g,Milbona,2.99,,,11.96,20575212,Hrana,"2,99"
Britanski Cheddar sir SK3,5200784,0.25,250g,Deluxe,3.79,,,15.16,20575427,Hrana,"3,29"
Cake Angels Ukrasi za tortu SK2,5202468,0.113,"102g,113g,123g",,3.49,,,34.22,5030101027922,Hrana,"3,29"
Cake Angels Ukrasi za tortu SK2,5202468,0.113,"102g,113g,123g",,3.49,,,28.37,5030101027939,Hrana,"3,29"
"Voæni jogurt 2,8% s dražejama SK1",5502699,0.135,135g,Pilos,0.65,,,4.81,20159436,Hrana,"0,65"
Riblji namaz SK6,5502752,0.08,80g,Chef Select,0.89,,,11.13,20857615,Hrana,"0,89"
Carski sir u listiæima SK1,5502819,0.15,150g,Pilos,1.79,,,11.93,20146979,Hrana,"1,79"
Svinjska kobasica XXL,5504270,0.45,450g,Pikok,3.99,,,8.87,20760717,Hrana,"4,59"
Slanina XXL SK1,5505516,0.13,130g,Pikok,1.19,,,9.15,20762759,Hrana,"1,19"
Sapun SK1,5505651,0.1,100g,Cien,0.59,,,5.9,20761653,Kozmetika,"0,59"
Praline SK3,5513447,0.148,148g,Favorina,3.39,,,22.91,4056489119340,Hrana,"3,99"
Osvježivaè zraka SK1,5513690,0.182,300ml,W5,2.8,,,9.33,20012496,Sredstva za èišæenje,Nije_bilo_u_prodaji_02.05.2025
Osvježivaè zraka SK2,5513693,0,75ml,W5,2.85,,,38,20012625,Sredstva za èišæenje,Nije_bilo_u_prodaji_02.05.2025
Punjenje za osvježivaè zraka SK2,5513710,0.152,250ml,W5,2.2,,,8.8,20012519,Sredstva za èišæenje,Nije_bilo_u_prodaji_02.05.2025
Tekuæi sapun SK9,5514468,0.52,500ml,Cien,0.79,,,1.58,20982782,Kozmetika,"0,89"
Tekuæi sapun SK9,5514468,0.52,500ml,Cien,0.79,,,1.58,4056489622505,Kozmetika,"0,89"
Tekuæi sapun SK9,5514468,0.52,500ml,Cien,0.79,,,1.58,4056489622529,Kozmetika,"0,89"
Šleska kobasica XXL,5515532,1.3,"1,3kg",Pikok,8.99,,,6.92,20060848,Hrana,"8,99"
Pašteta SK3,5516355,0.13,130g,Baroni,0.59,,,4.54,4056489587002,Hrana,"0,59"
"Šam., gel i kupka 3u1 SK6",5516395,0.515,500ml,Cien,1.69,,,3.38,4335619008397,Kozmetika,"1,69"
"Lak za nokte ""Valentinovo"" SK2",5518746,0.009,8ml,Cien,0.99,,,0.99,5901801641476,Kozmetika,"0,89"
"Lak za nokte ""Valentinovo"" SK2",5518746,0.009,8ml,Cien,0.99,,,0.99,5901801652441,Kozmetika,"0,89"
Mirisne luèice SK7 ,5519199,0.214,18komad,-,1.59,,,0.09,4056489535973,Proizvodi za kuæanstvo,"1,59"
Mirisne luèice SK7 ,5519199,0.214,18komad,-,1.59,,,0.09,4056489536000,Proizvodi za kuæanstvo,"1,59"
Mirisne luèice SK7 ,5519199,0.214,18komad,-,1.59,,,0.09,4056489662143,Proizvodi za kuæanstvo,"1,59"
Radler Limun Vol. 0%,5519353,0.5,"0,5l",Argus,0.79,,,1.58,20064808,Piæe,"0,75"
Sapun iz Provanse SK10,5603194,0.1,100g,Duc de Coeur,0.79,,,7.9,3511720115181,Kozmetika,"0,79"
Crepes s èokoladnim punjenjem,5607869,0.256,256g,Duc de Coeur,2.19,,,8.55,20057602,Hrana,"2,19"
Salama s lješnjacima,5609639,0.25,250g,Duc de Coeur,3.39,,,13.56,4056489041221,Hrana,"3,39"
Ulje za tijelo i kosu SK1,5616512,0.045,50ml,Cien,4.99,,,99.8,4335619177376,Kozmetika,Nije_bilo_u_prodaji_02.05.2025
Tart s crvenim bobièastim voæem ,5616875,0.47,500g,Duc de Coeur,5.99,,,11.98,4056489727439,Hrana,"5,99"
Premium humus s bijelim tartufima,5617239,0.135,135g,Deluxe,1.99,,,14.74,4056489727361,Hrana,"1,99"
ASC 100 lisnato tijesto,5617591,0.965,965g,Deluxe,5.59,,,5.79,4056489729105,Hrana,"5,59"
Macarons SK2,5621896,0.154,154g,Duc de Coeur,3.7,,,24.03,4335619177338,Hrana,Nije_bilo_u_prodaji_02.05.2025
Francuski sir SK1,5622210,0.168,"150g,170g,200g",,3.65,,,18.25,3492848349002,Hrana,Nije_bilo_u_prodaji_02.05.2025
Crne masline ''Cacerena'' bez košt.,5700055,0.35,370ml,Sol&Mar,0.99,,,6.6,20124700,Hrana,"0,99"
Èaj u limenci SK5,5709383,0.05,50g,Deluxe,2.95,,,59,4056489122500,Piæe,"2,95"
Digestive keksi,5712060,0.4,400g,Sondey,1.29,,,3.23,4056489356042,Hrana,"1,29"
Parfem Amor,5715011,0.085,100ml,Suddenly,5.99,,,59.9,4056489575320,Kozmetika,"5,99"
Mirisni štapiæi za prostor SK11,5717281,0.046,50ml,W5,1.69,,,33.8,4056489801429,Sredstva za èišæenje,"1,69"
Vino blanco semi seco DO Valencia,5717714,0.75,"0,75l",Viajero,3.49,,,4.65,4056489801221,Piæe,"3,49"
Kobasica XXL,5719081,0.21,210g,Sol&Mar,2.99,,,14.24,4056489965183,Hrana,Nije_bilo_u_prodaji_02.05.2025
Fuet SK1,5719775,0.15,150g,Deluxe,2.15,,,14.33,4335619074460,Hrana,"2,15"
Premium gyoza SK 3,5719960,0.162,"170g,154g",Deluxe,3.39,,,19.94,4056489873129,Hrana,Nije_bilo_u_prodaji_02.05.2025
Èoko desert s keksima,5720099,0.21,3x70g,Deluxe,2.99,,,14.24,4335619076440,Hrana,Nije_bilo_u_prodaji_02.05.2025
High Protein jogurt,5720101,0.5,4x125g,Milbona,1.99,,,3.98,4335619076464,Hrana,Nije_bilo_u_prodaji_02.05.2025
Kocke za juhu SK2,5720527,0.72,720g,Kania,4.39,,,6.1,4056489688938,Hrana,"4,39"
Èokoladni novèiæi,6008520,0.15,150g,Favorina,2.15,,,14.33,20264376,Hrana,Nije_bilo_u_prodaji_02.05.2025
Bio napitak od zobi 10%,6008601,1.021,1l,Vemondo,1.19,,,1.19,4056489041320,Hrana,"1,19"
Kuhana šunka sa tartufima,6009593,0.09,90g,Deluxe,1.99,,,22.11,4056489099734,Hrana,"1,99"
Depilacijske trake SK4,6009602,0.057,"16komad,32komad,40komad",Cien,1.99,,,0.06,4056489523550,Kozmetika,"1,99"
Šunka odležana 11 mjeseci,6010126,0.1,100g,Dulano,1.99,,,19.9,4056489162667,Hrana,"1,99"
Svježa tjestenina SK45,6010761,0.25,250g,Chef Select,1.39,,,5.56,20277307,Hrana,"1,39"
Pileæe i pureæe hrenovke,6011366,0.1,100g,Dulano,0.39,,,3.9,4056489230601,Hrana,"0,45"
Burrata bez laktoze,6012306,0.125,125g,Milbona,2.19,,,17.52,4056489420255,Hrana,"2,19"
Grana Padano DOP 9 M,6012429,0.3,300g,Milbona,5.29,,,17.63,4056489420873,Hrana,"5,59"
Kozji sir s pistacijama i lješnj.,6013915,0.18,2x90g,Deluxe,2.59,,,14.39,4056489524816,Hrana,Nije_bilo_u_prodaji_02.05.2025
Dim Sum SK1,6014262,0.2,200g,Vitasia,1.99,,,9.95,4056489631507,Hrana,"1,68"
"Inæuni u maslinovom ulju, ATG: 44g",6015505,0.08,80g,Nixe,2.49,,,56.59,4056489796787,Hrana,"2,39"
Scamorza sir SK6,6015657,0.3,300g,Italiamo,2.79,,,9.3,20622671,Hrana,"2,79"
Zvjezdice punjene parmezanom,6016608,0.25,250g,Deluxe,1.99,,,7.96,4056489891352,Hrana,Nije_bilo_u_prodaji_02.05.2025
Ravioli SK1,6016653,0.2,200g,Chef Select,1.88,,,9.4,4056489797418,Hrana,"1,88"
Svježa punjena tjesteina SK73,6017655,0.25,250g,Deluxe,1.69,,,6.76,4056489891321,Hrana,"1,69"
Stolno bijelo vino,6402929,2,2l,-,3.29,,,1.65,4056489338093,Piæe,"2,79"
Pecivo s nadjevom od cimeta,6403546,0.07,65g,,0.25,,,3.85,5999505833686,Hrana,"0,25"
Voæni prutiæi SK12,6403632,0.15,5x30g,Alesto,1.99,,,13.27,20755249,Hrana,"1,99"
Goldenfood Sv. patka s iznutricama,6404499,1,ca.3 kg,,4.49,,,4.49,2873330000000,Hrana,"2,95"
Knedle s punjenjem od marelice,6404845,0.6,600g,Culinea,2.39,,,3.98,20948177,Hrana,"2,39"
"Sjemenke bundeve, peè., solj., ogu.",6405175,0.1,100g,Alesto,0.99,,,9.9,20948399,Hrana,"1,29"
"Multivit. piæe s hibiskusom 12,5%",6405200,1.5,"1,5l",-,1.49,,,0.99,4304493258990,Piæe,"1,39"
Debreciner kobasice,6405288,0.3,300g,Kuljanka,2.29,,,7.63,4056489667827,Hrana,"2,39"
"Svježi pureæi file, 850g",6406797,0.85,850g,-,8.99,,,10.58,4056489071358,Hrana,"8,99"
"Pureæi batak, cca. 750g",6406798,1,ca. 750g,-,4.19,,,4.19,2706798000000,Hrana,"3,99"
"Pureæi batak, cca. 750g",6406798,1,ca. 750g,-,4.19,,,4.19,2881960000000,Hrana,"3,99"
"Pureæi batak, cca. 750g",6406798,1,ca. 750g,-,4.19,,,4.19,2881968000000,Hrana,"3,99"
"Pureæa krila s kosti, cca. 750g",6406819,1,ca.750g,-,4.19,,,4.19,2706819000000,Hrana,"3,89"
Maslac bez laktoze,6407562,0.25,250g,Milbona,2.89,,,11.56,4056489158028,Hrana,"2,89"
Müsli ploèice banana,6700648,0.03,30g,First Nice,0.29,,,0.29,20123550,Hrana,"0,29"
Müsli ploèice naranèa,6700656,0.035,35g,First Nice,0.2,,,0.2,20190637,Hrana,"0,2"
Miris za auto SK3,6700767,0.007,1komad,W5,0.79,,,0.79,20591151,Sredstva za èišæenje,"0,79"
Paštete,6700776,0.2,10x20g,Deluxe,2.39,,,11.95,20493400,Hrana,"2,39"
Topljeni sir kockice 40%,6700796,0.15,150g,Pilos,1.35,,,9,20493851,Hrana,"1,25"
Komprimat bomboni s okusom voæa,6700890,0.045,45g,Sweet Corner,0.49,,,0.49,20455361,Hrana,"0,49"
Sredstvo za èišæenje SK1,6702336,1.262,"1,2l",W5,1.45,,,1.21,20671822,Sredstva za èišæenje,"1,65"
Zobena kaša s èokoladom,6706566,0.065,65g,Crownfield,0.39,,,6,4056489195863,Hrana,"0,45"
Sirni desert SK2,6707255,0.125,125g,Pilos,0.99,,,7.92,4056489065050,Hrana,"0,99"
Paèja pašteta SK2,6711705,0.18,2x90g,Deluxe,2.55,,,14.17,4056489413554,Hrana,"2,06"
Sladoled od banane u tam. èokol.,6715515,0.038,50ml,Ballino,0.59,,,11.8,4056489725756,Hrana,Nije_bilo_u_prodaji_02.05.2025
Arome za kolaèe SK6,6800344,0.03,30ml,Belbake,0.99,,,33,20468088,Hrana,Nije_bilo_u_prodaji_02.05.2025
Maribel cvjetni med XXL,6900969,1.2,1200g,,4.59,,,3.83,4056489926702,Hrana,Nije_bilo_u_prodaji_02.05.2025
"Travarica 37,5%",6901434,0.95,1l,Alliance,9.99,,,9.99,4304493256415,Piæe,"9,99"
Franck Èaj šumsko voæe,6901462,0.055,55g,,2.29,,,41.64,3858881083813,Piæe,"2,29"
"Peèeni svinjski but, cca. 1kg",6901524,1,cca. 1kg,Okusi zavièaja,5.99,,,5.99,2847160000000,Hrana,"5,99"
"Staropramen Svij. pivo 5%, 4x0,5l",6901538,2,"4x0,5l",,5.79,,,2.9,3850131001875,Piæe,"5,61"
Sušena tjestenina vijak,6901577,1,1kg,Combino,1.45,,,1.45,20662202,Hrana,"1,69"
Èips paprika,6901628,0.04,40g,Snack Day,0.39,,,0.39,20779603,Hrana,"0,39"
Djeèje vlažne maramice XXL SK1,6901653,1.473,3x100komad,Lupilu,2.99,,,0.01,20779238,Proizvodi za kuæanstvo,"2,79"
Tamna èokolada s rižom,6901686,0.2,200g,Fin Carré,3.49,,,17.45,20779610,Hrana,"3,79"
"Captain Morgan White Rum 37,5%",6901711,0.67,"0,7l",,13.89,,,19.84,5000281040899,Piæe,"11,59"
Stock 84 38%,6901714,0.7,"0,7l",,13.99,,,19.99,8000440396383,Piæe,"13,99"
Jim Beam Whiskey 40%,6901717,0.7,"0,7l",,20.02,,,28.6,080686000389,Piæe,"20,02"
Napolitanke XXL SK3,6901722,1,1000g,Tastino,2.59,,,2.59,20779658,Hrana,"2,59"
Permetal Sredstvo za èiš. masnoæe ,6901913,0.685,650ml,,3.05,,,4.69,3850111753596,Sredstva za èišæenje,"2,69"
"Delta Sušeni bakalar, cca.400-1000g",6901922,1,ca. 400-1000g,,59.99,,,59.99,2857560000000,Hrana,"49,9"
"Rosal Lip Balm SK1, 4,8g",6902002,0.005,"4,8g",,0.99,,,0.99,3856007905360,Kozmetika,"0,99"
Barkleys Classic SK10,6902264,0.05,50g,,2.39,,,47.8,8717438742052,Hrana,"2,39"
Dukat b.Aktiv LGG Smoothie SK1,6902278,0.33,330g,,1.99,,,6.03,3850354010999,Hrana,"1,82"
"Puèka kobasica, 750g",6902319,0.75,750g,Pikok,4.69,,,6.25,4056489612025,Hrana,"4,69"
"Mlada teletina za peèenje, cca. 2kg",6902353,1,cca. 2kg,Naša mesnica,,8.89,10.99,8.89,2874960000000,Hrana,"9,99"
"Jaja podni uzgoj, razred L, 10 kom.",6902414,0.68,10komad,Okusi zavièaja,2.99,,,0.3,40894089,Hrana,"2,69"
"Sv. kob. za suš. i peè., cca. 1kg",6902428,1,ca. 1kg,Naša mesnica,6.49,,,6.49,2894560000000,Hrana,"4,99"
"Barcaffe mljevena kava, 400g",6902430,0.4,400g,,8.99,,,22.48,3838471032308,Piæe,"7,99"
Vilma Orahnjaèa/Makovnjaèa SK1,6902471,0.5,500g,,3.99,,,7.98,3859891780013,Hrana,"3,99"
Drniške del. Maran Panceta,6902479,1,cca. 400g,,18.59,,,18.59,2140904000000,Hrana,"18,59"
Drniške del. Maran Panceta,6902479,1,cca. 400g,,18.59,,,18.59,2140908000000,Hrana,"18,59"
Baklava,6902540,0.5,500g,Confiserie Firenze,3.99,,,7.98,4056489316145,Hrana,"3,99"
"Jana Negazirana mineral. voda, 1,5l",6902565,1.5,"1,5l",,0.95,,,0.63,3858884600055,Piæe,"0,95"
Jana Ledeni èaj breskva,6902584,1.5,"1,5l",,1.69,,,1.13,3858884601045,Piæe,"1,69"
"TK Pata. kol. i krakovi, ATG 360g",6902653,0.4,400g,Ocean Sea,3.59,,,9.97,40894331,Hrana,"6,49"
Ekos Biedermeier,6902765,0.17,170g,,2.69,,,15.82,3858889615788,Hrana,"2,69"
Belje Baranjski kulen,6902837,1,cca. 1kg,,23.89,,,23.89,3850257051846,Hrana,"14,99"
Èips rebrasti paprika,6902870,0.15,150g,Snack Day,1.15,,,7.67,40894874,Hrana,"1,15"
Pjenušac Rose,6902876,0.75,"0,75l",Winemakers of Croatia,3.99,,,5.32,4304493258211,Piæe,"3,99"
Pileæi ražnjiæi od filea,6902885,0.45,450g,Naša mesnica,5.29,,,11.76,40894553,Hrana,"5,09"
Grèki jogurt natur,6902968,0.15,150g,Pilos,0.65,,,4.33,4056489610885,Hrana,"0,65"
Grèki jogurt natur,6902968,0.15,150g,Pilos,0.65,,,4.33,40894300,Hrana,"0,65"
Grèki voæni jogurt SK3,6902972,0.15,150g,Pilos,0.75,,,5,4056489316794,Hrana,"0,75"
Juneæa pljeskavica,6903001,0.45,450g,Naša mesnica,4.99,,,11.09,20250621,Hrana,"4,99"
"Palmolive Gel za tuširanje, SK1",6903031,0.517,500ml,,4.49,,,8.98,8714789943893,Kozmetika,"4,25"
Ferrero Rocher Grand,6903049,0.125,125g,,5.19,,,41.52,4008400179728,Hrana,"4,79"
Ferrero Rocher Grand,6903049,0.125,125g,,5.19,,,41.52,8000500373798,Hrana,"4,79"
"Goveði biftek, cca. 2kg",6903089,1,ca. 2kg,Naša mesnica,,24.99,28.99,24.99,2895512000000,Hrana,"28,99"
"Teleæi vrat s kosti, cca. 1kg",6903098,1,ca. 1kg,Naša mesnica,,8.89,10.99,8.89,2869026000000,Hrana,"4,78"
Kinder Èokolada Maxi 10 komada,6903120,0.21,210g,,4.19,,,19.95,4008400221021,Hrana,"3,99"
Dolcela Èokoladni raspucanci,6903157,0.42,420g,,2.99,,,7.12,3856020221546,Hrana,"2,99"
Koko Meso mlade kokoši,6903247,1,"ca. 1,1kg",,2.19,,,2.19,2819439000000,Hrana,"2,19"
Ketchup SK1,6903311,1,1000g,Kania,1.69,,,1.69,4056489610779,Hrana,"1,69"
"Kefir 3,5%",6903366,1,1kg,Pilos,1.69,,,1.69,4304493260160,Hrana,"1,65"
ABC Svježi krem sir s vlascem,6903778,0.1,100g,,1.15,,,11.5,3859888858312,Hrana,"1,05"
"Vreæe za smeæe GASTRO, 240L",6903870,1.054,10komad,Purio,3.29,,,0.33,4056489073505,Proizvodi za kuæanstvo,"3,29"
Roštilj kobasice XXL SK3,6903897,0.7,700g,Pikok,3.49,,,4.99,20779351,Hrana,"3,69"
Mix pita SK1,6904141,0.42,420g,Okusi zavièaja,5.29,,,12.6,4056489074113,Hrana,"4,99"
"Budweiser Svijetlo pivo 5%, 6x0,5l",6904156,3,"6x0,5l",,6.99,,,2.33,8594403352122,Piæe,"6,99"
"Pan Svijetlo pivo 4,8%, 6x0,5l",6904157,3,"6x0,5l",,7.47,,,2.49,3858887581993,Piæe,"7,47"
Dekorativna traka 2m,6904165,0.039,1komad,,1.19,,,1.19,3856023011533,Proizvodi za kuæanstvo,"1,19"
Dekorativna traka 2m,6904165,0.039,1komad,,1.19,,,1.19,3856023011588,Proizvodi za kuæanstvo,"1,19"
Ukrasna vreæica 32x26x12cm,6904180,0.1,1komad,,1.49,,,1.49,3856023010703,Proizvodi za kuæanstvo,"1,45"
Ukrasna vreæica 32x26x12cm,6904180,0.1,1komad,,1.49,,,1.49,3856023055902,Proizvodi za kuæanstvo,"1,45"
Ukrasna vreæica 32x26x12cm,6904180,0.1,1komad,,1.49,,,1.49,3858888911652,Proizvodi za kuæanstvo,"1,45"
Torterie Macaron Mix Božiæ,6904210,0.132,132g,,3.19,,,24.17,3859893398162,Hrana,"3,19"
Debrecinka Pikant,6904211,0.4,400g,Pikok,2.69,,,6.73,4056489073987,Hrana,"2,69"
"Perfa Jaja iz podnog uzgoja,M,bijel",6904234,0.53,10komad,,2.29,,,0.23,3859889055284,Hrana,"2,29"
"Jaja iz podnog uzgoja XXL, razred L",6904263,1.02,15komad,Okusi zavièaja,2.39,,,0.16,4056489075165,Hrana,"2,39"
"Edamer, polutvrdi sir",6904516,1,1kg,-,7.49,,,7.49,3859894087102,Hrana,"7,95"
Dukat Lag. Jutro Traj. ml. bez lak.,6904551,1.032,1l,,1.99,,,1.99,3850354014362,Hrana,"1,99"
"Ožujsko svijetlo pivo 5%, 6x0,5l",6904646,3,"6x0,5l",,7.99,,,2.66,3850131005699,Piæe,"7,67"
BO Polubijeli domaæi kruh,6904897,0.4,400g,,0.59,,,1.48,4053216392731,Hrana,"0,59"
"ESL - Svježe mlijeko 3,2%",6904910,1.03,1l,Okusi zavièaja,0.99,,,0.99,4056489316381,Hrana,"0,99"
Violeta Sredstvo za èišæenje poda ,6904929,0.999,1l,,1.99,,,1.99,3870128017238,Sredstva za èišæenje,"1,45"
BO Tamna kajzerica sa sjemenkama,6904943,0.06,55g,,0.18,,,3.27,3859890755296,Hrana,0.18
Badel Pelinkovac Antique 35%,6904978,0.7,"0,7l",,17.02,,,24.31,3850112110572,Piæe,"17,02"
PIK Jeger,6905002,0.3,300g,,2.12,,,7.07,3850139170832,Hrana,"2,12"
PIK Jeger,6905002,0.3,300g,,2.12,,,7.07,3850139240474,Hrana,"2,12"
PIK Sendviè salama narezana,6905019,0.1,100g,,1.59,,,15.9,3850139181227,Hrana,Nije_bilo_u_prodaji_02.05.2025
BO Burek motani sir,6905439,0.22,220g,,1.19,,,5.41,4052917248064,Hrana,"1,19"
"Zvijezda Majoneza, 620g",6905466,0.62,620g,,5.29,,,8.53,3856015321879,Hrana,"4,99"
Graševina,6905538,2,2l,,3.99,,,2,8594176393506,Piæe,"3,99"
Ledo Šlag smrznuti,6905563,0.11,220ml,,1.49,,,6.77,3850116506623,Hrana,"1,49"
Nivea Gel za tuširanje duopack SK1,6905887,1,2x500ml,,4.99,,,4.99,9005800351544,Kozmetika,"4,99"
RFA Trajno èokoladno mlijeko,6905899,0.2,200ml,Pilos,0.59,,,2.95,4056489317630,Hrana,"0,49"
Fix umaci (43-50g) SK2,6905916,0.046,"43g,50g",Kania,0.49,,,11.4,4056489317449,Hrana,"0,49"
Dorina Èokolada SK1,6905966,0.231,"220g,250g",,4.49,,,20.41,3850102123452,Hrana,"4,49"
Nektar naranèa 50%,6905993,2.06,2l,Solevita,1.79,,,0.9,4056489317340,Piæe,"1,75"
PPK Pašteta SK2,6906081,0.1,100g,,0.69,,,6.9,3858890188561,Hrana,"0,69"
Bio ploèica SK1,7202195,0.03,30g,Alesto,0.89,,,0.89,20962241,Hrana,"0,89"
"Nature jogurt, SK2",7202540,0.53,530g,NOSTJA,2.99,,,5.64,20529512,Hrana,"2,99"
Meat Revolution Gov.burg.sa sirom,7206485,0.25,250g,,3.39,,,13.56,3800216653949,Hrana,"3,39"
Perutnina Ptuj Pileæi narezak SK2,7300183,0.143,"125g,180g",,1.99,,,15.92,3838977024470,Hrana,"1,99"
Delamaris Skuša s povræem u umaku,7300358,0.125,125g,,2.99,,,23.92,3838929567802,Hrana,"1,49"
Tirolska kobasica XXL,7300638,1,1000g,Pikok,4.99,,,4.99,20606510,Hrana,"4,99"
Adria Mljevena kava ,7302139,0.5,500g,-,5.49,,,10.98,20906405,Piæe,Nije_bilo_u_prodaji_02.05.2025
Leone Sladolde na štapiæu SK2,7303384,0.152,"4x60ml,4x70ml",,2.29,,,8.18,3830053876119,Hrana,"2,29"
Leone Sladolde na štapiæu SK2,7303384,0.152,"4x60ml,4x70ml",,2.29,,,8.18,3830053876140,Hrana,"2,29"
Fussili od leæe/slanutka SK1,7702738,0.25,250g,Combino,1.89,,,7.56,20031459,Hrana,"1,89"
Fussili od leæe/slanutka SK1,7702738,0.25,250g,Combino,1.89,,,7.56,4056489206859,Hrana,"1,89"
Gnocchi SK1,7702833,0.5,500g,Italiamo,1.19,,,2.38,20031657,Hrana,"1,19"
Proteinski prutiæ 50% SK7,7703649,0.045,45g,-,1.35,,,1.35,20035594,Hrana,"1,35"
Proteinski prutiæ 50% SK7,7703649,0.045,45g,-,1.35,,,1.35,4056489038597,Hrana,"1,35"
Proteinski prutiæ 50% SK7,7703649,0.045,45g,-,1.35,,,1.35,4056489038610,Hrana,"1,35"
Schwarzwald Sommer Gin 43% Vol.,7704441,0.5,"0,5l",-,7.99,,,15.98,4304493258846,Piæe,"7,99"
Desert SK1,7711590,0.3,300g,Alpenfest,2.49,,,8.3,4056489388425,Hrana,Nije_bilo_u_prodaji_02.05.2025
Lepinja SK1,7713961,0.24,240g,Eridanous,1.59,,,6.63,4056489706106,Hrana,"1,52"
Salvete 3-sloj nogomet SK1,7715992,0.206,40komad,Floralys,0.9,,,0.02,4056489886396,Toaletne potrepštine,"0,9"
Kokice u preklopnoj kutiji SK1,7716490,0.18,180g,MCENNEDY,2.79,,,15.5,4056489887102,Hrana,"2,79"
Dilek Cig SK1,7717569,0.384,384g,,1.59,,,4.14,4036577918536,Hrana,"1,67"
Angel Curl èokolada SK1,7718087,0.15,150g,,4.79,,,31.93,4036577940070,Hrana,"5,22"
Mini kroasan sa sezamom,9000144,1,1kg,Tastino,1.99,,,1.99,20966423,Hrana,"2,19"
Vinarija Èoka Ždrepèeva krv,9000359,1,1l,,4.25,,,4.25,8600102938076,Piæe,"4,25"
Durukan Lizalica,9001418,0.011,"10,5g",,0.19,,,0.19,86933100,Hrana,"0,19"
Pašteta od peradi SK6,9002467,0.095,95g,Pikok Pure,0.99,,,10.42,4056489508274,Hrana,"0,99"
Kore za medene kolaèe,9003205,0.43,430g,,1.99,,,4.63,4056489736028,Hrana,Nije_bilo_u_prodaji_02.05.2025
Luppo Kolaè s pekmezom od višanja,0158580,0.182,182g,,2.79,,,15.33,8691707059037,Hrana,"2,79"
Proteinski Cookies SK3,0158685,0.045,45g,Sondey,1.59,,,1.59,4056489421313,Hrana,"1,59"
Pekmez od šljiva 170%,0158869,0.45,450g,Maribel,2.79,,,6.2,4056489352501,Hrana,"2,69"
Antibakterijski gel za hig. ruku,0159578,0.047,50ml,Cien,0.99,,,19.8,4056489375555,Kozmetika,"0,99"
Mješavine za muffine SK27,0159610,0.325,"310g,340g",Belbake,2.49,,,7.32,20149949,Hrana,"2,19"
High Protein napitak SK1,0160560,0.35,350g,Milbona,1.49,,,4.26,4056489406662,Hrana,"1,49"
Ekstra djevièansko maslinovo ulje,0161031,3,3l,Eridanous,26.89,,,8.96,4056489412472,Hrana,"34,99"
Pasta Bowl SK5,0161221,0.4,400g,Italiamo,2.79,,,6.98,4056489437062,Hrana,"2,79"
Zalogaji pereca Cheddar Cheese,0161400,0.125,125g,MCENNEDY,1.19,,,9.52,4056489417644,Hrana,"1,49"
Vreæice za pseæi izmet [15µ],0161549,0.12,4x20komad,Orlando,1.65,,,0.02,20396084,Proizvodi za kuæanstvo,"1,65"
Mirisni osvježivaè prostora SK18,0161698,0.148,150ml,W5,1.39,,,9.27,4056489232230,Sredstva za èišæenje,"1,69"
Salata s feta sirom SK1,6210993,0.25,250g,Deluxe,2.19,,,8.76,4056489773351,Hrana,"1,91"
Kava s aromom SK1,6211933,0.2,200g,Bellarom,6.49,,,32.45,4335619096677,Piæe,"5,7"
Ruèno raðena èokolada SK2,6400452,0.1,100g,Deluxe,3.19,,,31.9,20489823,Hrana,"3,79"
Ruèno raðena èokolada SK2,6400452,0.1,100g,Deluxe,3.19,,,31.9,20489830,Hrana,"3,79"
"Žute mahune, duboko smrznute",6400610,1,1kg,Freshona,2.35,,,2.35,20165383,Hrana,"2,39"
"Žute mahune, duboko smrznute",6400610,1,1kg,Freshona,2.35,,,2.35,4056489157632,Hrana,"2,39"
Rezana zimska salama,6400913,0.1,100g,Pikok,1.89,,,18.9,20150693,Hrana,"1,89"
Šeæer u prahu,6401081,0.5,500g,Belbake,0.99,,,1.98,5998571551142,Hrana,"0,99"
Mineralna voda negazirana,6401319,2,2l,Saguaro,0.55,,,0.28,4056489830221,Piæe,"0,49"
Poklon paket Nivea Soft Care,6906109,0.308,300ml,,4.39,,,14.63,9005800372983,Kozmetika,"4,39"
Suncokretovo ulje ,6906127,0.92,1l,Vita D'or,1.49,,,1.49,20013592,Hrana,"1,49"
Suncokretovo ulje ,6906127,0.92,1l,Vita D'or,1.49,,,1.49,5997003582617,Hrana,"1,49"
BO Mini somun,6906324,0.08,80g,,0.29,,,3.63,4052917478874,Hrana,"0,29"
"Jaja iz podnog uzgoja, razred M",6906363,1.044,18komad,Okusi zavièaja,5.09,,,0.28,4056489610700,Hrana,"4,19"
Bio sirni namaz SK1,0137564,0.16,160g,Milbona,1.79,,,11.19,20101411,Hrana,"1,79"
Gumeni bomboni mix,0137595,1.2,1200g,Alpenfest,5.39,,,4.49,20101930,Hrana,"4,99"
Spaghetti iz bronèanog kalupa HWG,0137929,0.5,500g,Combino,0.99,,,1.98,20104108,Hrana,"1,05"
"Bio kašica povræe, riža i govedina ",0138003,0.25,250g,Lupilu,1.29,,,5.16,4056489882237,Hrana,"1,29"
Bio kašica tjes. sa šunkom i povræe,0138007,0.22,220g,Lupilu,1.09,,,4.95,4056489882275,Hrana,"1,09"
Kremasti gel za tuširanje SK4,0138047,0.311,300ml,Cien,1.69,,,5.63,20112042,Kozmetika,"1,69"
Kremasti gel za tuširanje SK4,0138047,0.311,300ml,Cien,1.69,,,5.63,4056489868934,Kozmetika,"1,69"
Djeèje pelene mini,0138082,0.89,42komad,Lupilu,4.75,,,0.11,20112264,Toaletne potrepštine,"4,75"
Djeèje pelene mini,0138082,0.89,42komad,Lupilu,4.75,,,0.11,4056489352761,Toaletne potrepštine,"4,75"
Djeèje pelene midi,0138084,1.47,56komad,Lupilu,6.79,,,0.12,20112288,Toaletne potrepštine,"6,79"
Djeèje pelene junior,0138087,1.43,44komad,Lupilu,6.39,,,0.15,20112318,Toaletne potrepštine,"6,39"
Zaèini za kolaèe SK1,0138251,0.025,25g,Belbake,0.99,,,0.99,4056489005711,Hrana,"0,99"
Zaèini za kolaèe SK1,0138251,0.025,25g,Belbake,0.99,,,0.99,4056489005728,Hrana,"0,99"
BO Kruh bijeli,7304900,0.5,500g,,0.75,,,1.5,3838700353143,Hrana,"0,75"
Torte SK2,7306530,0.75,750g,,8.79,,,11.72,3831001686071,Hrana,"8,79"
Mesna štruca,7307252,0.6,600g,Naša mesnica,4.99,,,8.32,4056489937258,Hrana,Nije_bilo_u_prodaji_02.05.2025
Sun Care Marmelada,7307654,0.2,200ml,,7.99,,,39.95,3831070652601,Kozmetika,Nije_bilo_u_prodaji_02.05.2025
SASTELA domaæi kolaèi,7307812,0.35,350g,,4.99,,,14.26,3830062492829,Hrana,Nije_bilo_u_prodaji_02.05.2025
Pileæe mini koktel hrenovke,7308767,0.35,350g,Pikok,1.99,,,5.69,4056489939085,Hrana,Nije_bilo_u_prodaji_02.05.2025
SASTELA Breskvice,7309012,0.31,310g,,6.49,,,20.94,3830062492997,Hrana,Nije_bilo_u_prodaji_02.05.2025
BO Croisant s pistacijama,7309025,0.075,75g,,0.89,,,11.87,3830053009203,Hrana,Nije_bilo_u_prodaji_02.05.2025
"Kras Primorski pršut, ca.1000g",7309126,1,ca.1000g,,14.99,,,14.99,2191269000000,Hrana,Nije_bilo_u_prodaji_02.05.2025
"Kras Domaæi pršut, ca.1000g",7309127,1,ca.1000g,,17.99,,,17.99,2191271000000,Hrana,Nije_bilo_u_prodaji_02.05.2025
"Kras Domaæi pršut, ca.1000g",7309127,1,ca.1000g,,17.99,,,17.99,2191274000000,Hrana,Nije_bilo_u_prodaji_02.05.2025
"Kras Domaæi pršut, ca.1000g",7309127,1,ca.1000g,,17.99,,,17.99,2191275000000,Hrana,Nije_bilo_u_prodaji_02.05.2025
Paloma Kuhinjske brisaèe I love art,7309299,0.859,6x50Blatt,,2.99,,,0.5,3838952036405,Toaletne potrepštine,Nije_bilo_u_prodaji_02.05.2025
Talijanske krokete SK1,7402568,0.28,20x14g,Italiamo,4.39,,,15.68,20959197,Hrana,"4,39"
Svježi macaronsi,7404704,0.144,12x12g,Deluxe,4.39,,,30.49,4056489048824,Hrana,"3,49"
Èoko jaja u kutiji,7406265,0.185,185g,Deluxe,3.99,,,21.57,4056489364856,Hrana,"3,99"
Schogetten SK96,0002838,0.1,100g,,1.75,,,17.5,4000415004408,Hrana,"1,29"
Schogetten SK96,0002838,0.1,100g,,1.75,,,17.5,4000415007706,Hrana,"1,29"
Schogetten SK96,0002838,0.1,100g,,1.75,,,17.5,4000415025304,Hrana,"1,29"
Schogetten SK96,0002838,0.1,100g,,1.75,,,17.5,4000415040109,Hrana,"1,29"
Schogetten SK96,0002838,0.1,100g,,1.75,,,17.5,4000415174903,Hrana,"1,29"
Schogetten SK96,0002838,0.1,100g,,1.75,,,17.5,4000415729202,Hrana,"1,29"
Schogetten SK96,0002838,0.1,100g,,1.75,,,17.5,4000415851705,Hrana,"1,29"
Schogetten SK96,0002838,0.1,100g,,1.75,,,17.5,4000607069208,Hrana,"1,29"
Schogetten SK96,0002838,0.1,100g,,1.75,,,17.5,4000607090004,Hrana,"1,29"
Schogetten SK96,0002838,0.1,100g,,1.75,,,17.5,4000607151002,Hrana,"1,29"
Schogetten SK96,0002838,0.1,100g,,1.75,,,17.5,4000607151200,Hrana,"1,29"
Müsli prutiæi SK50,0002858,0.2,200g,Crownfield,1.65,,,8.25,20422660,Hrana,"1,65"
Müsli prutiæi SK50,0002858,0.2,200g,Crownfield,1.65,,,8.25,20422684,Hrana,"1,65"
"Ferrero Raffaello 15 komada, 150g",0002870,0.15,150g,,4.29,,,28.6,8000500023976,Hrana,"3,99"
Osvježivaè prostora SK8,0151608,0.295,300ml,W5,1.19,,,3.97,4056489226796,Sredstva za èišæenje,"1,19"
Primitivo Puglia IGT,0151636,0.75,"0,75l",-,3.99,,,5.32,4056489927716,Piæe,"3,99"
Grèko predjelo SK1,0151685,0.39,"380g,400g",Eridanous,4.69,,,12.34,4056489231639,Hrana,"3,69"
Lovaèki umak,0151865,0.06,3x20g,Kania,0.99,,,16.5,4056489233336,Hrana,"0,99"
Premium Vodka 42%/40% Vol. SK1,0152018,0.662,"0,7l",,7.09,,,10.13,4304493265349,Piæe,"8,99"
Èokoladna i voæna kaša SK1,0152422,0.375,375g,Crownfield,2.99,,,7.97,4056489238362,Hrana,"2,99"
Pjenušac  suhi,0152678,0.2,"0,2l",Burg Schöneck,1.29,,,6.45,4056489237488,Piæe,"1,29"
Morski plodovi praline,0152734,0.5,500g,J.D. Gross,4.99,,,9.98,4056489249788,Hrana,"6,79"
Premium Sushi SK1,0152782,0.178,"168g,178,5g,185g",select & go,3.79,,,22.56,4056489250180,Hrana,"3,79"
Premium Sushi SK1,0152782,0.178,"168g,178,5g,185g",select & go,3.79,,,21.23,4056489250180,Hrana,"3,79"
Premium Sushi SK1,0152782,0.178,"168g,178,5g,185g",select & go,3.79,,,20.49,4056489250180,Hrana,"3,79"
Premium Sushi SK1,0152782,0.178,"168g,178,5g,185g",select & go,3.79,,,22.56,4056489250197,Hrana,"3,79"
"Svinjska kobasica, delikatesna",0152796,0.65,650g,,3.79,,,5.83,20012816,Hrana,"3,79"
"BO Croissant s nougatom, 85g",0152811,0.09,85g,,0.8,,,9.41,4056489250333,Hrana,0.8
Masline SK4,0153199,0.15,150g,Let's have a party!,2.19,,,14.6,4056489241980,Hrana,"2,29"
Sladoled na štapiæu èokolada,0153324,0.528,16x60ml,Ballino,3.99,,,4.16,4056489259619,Hrana,"3,59"
Kuhana šunka XXL SK7,0153395,0.4,400g,Dulano,3.89,,,9.73,4056489115328,Hrana,"3,99"
Èaj SK1,0153400,0.06,15x4g,Lord Nelson,2.79,,,46.5,4056489262145,Piæe,"2,79"
Wakame salata SK1,0153467,0.1,100g,Vitasia,2.39,,,23.9,4056489262473,Hrana,"1,89"
Mljevena kava SK1,0153488,0.25,250g,Deluxe,6.99,,,27.96,4056489262602,Piæe,"6,99"
Donut Pinky 4kom.,0153773,0.212,212g,,1.99,,,9.39,4056489268338,Hrana,"1,99"
Kozji sir SK2,0169128,0.1,100g,Duc de Coeur,1.99,,,19.9,4056489679226,Hrana,"2,1"
Grickalice za pse SK6,0169319,0.14,"105g,135g,180g",Orlando,0.89,,,4.94,4056489333609,Proizvodi za kuæanstvo,"0,89"
Grickalice za pse SK6,0169319,0.14,"105g,135g,180g",Orlando,0.89,,,4.94,4056489333616,Proizvodi za kuæanstvo,"0,89"
Punjena tjestenina,0169478,0.25,250g,Deluxe,2.89,,,11.56,4056489537434,Hrana,"2,89"
Sauvignon Blanc Pays d'Oc IGP,0074337,0.75,"0,75l",Chevalier de Fauvert,3.99,,,5.32,4056489114444,Piæe,"3,99"
Tjestenina bez glutena SK4,0074516,0.5,500g,free from,1.69,,,3.38,20401108,Hrana,"1,99"
Tjestenina bez glutena SK4,0074516,0.5,500g,free from,1.69,,,3.38,4056489204466,Hrana,"1,99"
Prospero Sparkling Muškat,0173984,0.75,"0,75l",,4.49,,,5.99,8410702054959,Piæe,"4,49"
High Protein puding SK11,0174781,0.2,200g,Milbona,0.99,,,4.95,4056489618911,Hrana,Nije_bilo_u_prodaji_02.05.2025
"Vital pileæi Nuggets, panirani SK1",0175003,0.5,500g,Culinea,6.49,,,12.98,4056489620600,Hrana,"6,49"
"Vital pileæi Nuggets, panirani SK1",0175003,0.5,500g,Culinea,6.49,,,12.98,4056489620617,Hrana,"6,49"
Dj. vodeni sladoled SK12,0175604,0.696,6x110ml,Bon Gelati,3.19,,,4.83,4056489617815,Hrana,"3,19"
Pahuljice s medom i kikirikijem SK1,0176608,0.5,500g,Crownfield,2.09,,,4.18,4056489654339,Hrana,"1,99"
Lak za nokte Cocktail SK2,0177036,0.01,11ml,Cien Beauty,1.29,,,117.27,4056489430858,Kozmetika,"1,29"
Lak za nokte Cocktail SK2,0177036,0.01,11ml,Cien Beauty,1.29,,,117.27,4056489430902,Kozmetika,"1,29"
Smrznuto povræe za tavu SK1,0177323,1,1kg,Freshona,3.29,,,3.29,4056489658641,Hrana,"2,99"
Mješavina zaèina iz Provanse,0178353,0.031,"13g,35g,45g",Duc de Coeur,1.49,,,1.49,4056489666295,Hrana,"1,49"
Toaletni papir 4-sloja,0178482,0.212,16x180Blatt,Floralys,6.29,,,0.39,4056489668824,Toaletne potrepštine,"6,29"
Kuhinjski ubrusi XXL,0178483,1.381,512Blatt,Floralys,4.79,,,0.6,4056489668831,Toaletne potrepštine,"4,79"
Hrskavi muesli XXL SK2,0178772,1,1kg,Crownfield,4.69,,,4.69,4056489665847,Hrana,"4,99"
Bio voæna kašica,0179359,0.1,100g,,0.69,,,6.9,4056489688150,Hrana,Nije_bilo_u_prodaji_02.05.2025
Colgate Pasta za zube Max White SK2,6905610,0.128,75ml,,3.95,,,52.67,8718951050860,Kozmetika,"3,95"
"Pureæa šunka u mrežici, cca. 1kg",6905613,1,ca. 1kg,Pikok,11.99,,,11.99,2868870000000,Hrana,"11,99"
Plidenta Pasta za zube SK2,6905645,0.075,75ml,,2.09,,,27.87,3856007908071,Kozmetika,"2,09"
Podravka Ketchup ljuti,6905684,0.5,500g,,1.69,,,3.38,3850104268915,Hrana,"1,69"
Kraš PreKrašni Kolaèiæi sa noug. p.,6905694,0.22,220g,,1.89,,,8.59,3850102011254,Hrana,"1,89"
Pitroid Spirala neutralnog mirisa,6905737,0.14,10komad,,2.75,,,0.28,3856007902123,Proizvodi za kuæanstvo,"2,75"
BO Domaæi klipiæ punjen šu. i sir.,6905746,0.07,70g,,1.09,,,15.57,3858889618185,Hrana,"0,99"
Borotalco Deo Roll-on Original,6905769,0.05,50ml,,3.69,,,73.8,80453000,Kozmetika,"3,69"
Borotalco Dezod. u spreju Acti.Sea ,6905776,0.09,150ml,,3.49,,,23.27,8002410043594,Kozmetika,"3,69"
Stiegl-Goldbräu Premium svij. pivo,6905817,0.504,"0,5l",,1.88,,,3.76,9003402660088,Piæe,"1,88"
"Svinjski vrat sk, odrezak, ca. 600g",6905821,1,ca. 600g,Naša mesnica,5.79,,,5.79,2862750000000,Hrana,5.79
Gimoka kava u zrnu ,6001026,1,1kg,,12.99,,,12.99,8003012000039,Piæe,"9,99"
Tagliatelle bez glutena,6001116,0.25,250g,Chef Select,2.99,,,11.96,20686338,Hrana,"2,39"
Rižoto SK5,6001161,0.175,175g,Kania,1.09,,,6.23,20499983,Hrana,"1,29"
Punjeni njoki SK8,6001374,0.5,500g,Deluxe,2.39,,,4.78,20450281,Hrana,"2,39"
Pizza sa sirom i smokvama,6001401,0.36,360g,Deluxe,3.19,,,8.86,20570132,Hrana,"3,59"
Kolaè s èokoladnim punjenjem,6001458,0.75,750g,Favorina,6.39,,,8.52,20530754,Hrana,"6,39"
Krokant SK1,6002379,0.1,100g,Italiamo,2.79,,,27.9,20633578,Hrana,"2,79"
Trake za depilaciju tijela/bikini ,6002387,0.086,30komad,Cien,1.99,,,0.07,20968632,Kozmetika,"1,99"
"Bechamel umak 10,5%m.m",6002594,0.527,500ml,Italiamo,1.29,,,2.58,20634308,Hrana,"1,19"
Umak od škampa,6002678,0.3,300g,Deluxe,3.49,,,11.63,20684976,Hrana,"2,69"
Bruschette SK1,6003784,0.15,150g,Italiamo,1.29,,,8.6,20456719,Hrana,"1,79"
Lješnjak krem namaz 13%,6003961,0.75,750g,Choco Nussa,3.79,,,5.05,20593735,Hrana,"3,85"
Lješnjak nougat krema 13%,6003962,0.4,400g,Choco Nussa,2.35,,,5.88,20457105,Hrana,"2,65"
Punjena tjestenina XXL SK1,6004399,0.3,300g,Chef Select,1.49,,,4.97,20849924,Hrana,"1,49"
Bio Tortelloni/ Ravioli SK2,6004521,0.25,250g,Chef Select,2.19,,,8.76,20850654,Hrana,"2,19"
Èokoladni soufflé,6006163,0.2,2x100g,Für Dich,2.79,,,13.95,20002695,Hrana,Nije_bilo_u_prodaji_02.05.2025
Ribani sušeni sir,6006350,0.25,250g,Italiamo,4.29,,,17.16,20048686,Hrana,"4,29"
Veganski medaljoni SK1,6006494,0.25,250g,Vemondo,2.39,,,9.56,20969929,Hrana,"1,89"
Mješavina gljiva SK1,6006955,0.3,"250g,350g",Deluxe,2.69,,,7.69,4056489797609,Hrana,"2,69"
Mješavina gljiva SK1,6006955,0.3,"250g,350g",Deluxe,2.69,,,10.76,4056489797616,Hrana,"2,69"
Pršut Jamon Serrano,5701620,0.24,240g,Sol&Mar,4.99,,,20.79,20645137,Hrana,"4,99"
Fuet extra salama,5701624,0.17,170g,Sol&Mar,1.99,,,11.71,20645076,Hrana,"2,49"
Chorizo extra Sarta salama SK2,5701702,0.2,200g,Sol&Mar,2.69,,,13.45,20879730,Hrana,"2,69"
Kakao rolice XXL,5701753,0.4,400g,Maitre Jean-Pierre,2.15,,,5.38,20478599,Hrana,"2,69"
Biskvit torta SK2,5702871,0.347,"330g,370g",Sol&Mar,1.89,,,5.73,4334035905587,Hrana,"1,89"
Osvježivaè za auto SK1,5702896,0.005,6ml,W5,1.29,,,215,20527181,Sredstva za èišæenje,"1,29"
Podravka Tirolska juha,6906373,0.067,67g,,1.39,,,20.75,3850104006777,Hrana,"1,39"
Vreæe za smeæe 120l s vezicom,6906383,0.421,10komad,Purio,1.69,,,0.17,4056489317579,Proizvodi za kuæanstvo,"1,39"
Nivea Men Cr. Styl.Gel za kosu SK1,6906400,0.15,150ml,,5.79,,,38.6,9005800318349,Kozmetika,"5,79"
Nivea Gel za tuširanje SK1,6906406,0.25,250ml,,2.99,,,11.96,4005808782581,Kozmetika,"2,99"
Nivea Gel za tuširanje SK1,6906406,0.25,250ml,,2.99,,,11.96,9005800223025,Kozmetika,"2,99"
Violeta Baby pelene Junior 5,6906427,2.086,52komad,,14.79,,,0.28,3870128010291,Toaletne potrepštine,"14,79"
Ljetni stakloper,6906433,5.05,5l,,1.99,,,0.4,3858891544601,Proizvodi za kuæanstvo,"1,89"
BO Domaæi Craft kruh sa sjemenkama ,6906465,0.4,400g,,1.79,,,4.48,3859893136689,Hrana,"1,69"
"Kozel Premium Svijetlo pivo 4,8%",6906487,2,"4x0,5l",,5.61,,,2.81,8594404006369,Piæe,"5,61"
"Encian Vitamin D, 30 kapsula",6906528,0.023,30komad,,3.15,,,0.1,3858890101126,Hrana,"3,15"
Mini JAP SK2,6906540,0.097,100ml,Alliance,1.29,,,12.9,20254797,Piæe,"1,19"
Agrolaguna Terra Rossa,6906542,0.75,"0,75l",,7.55,,,10.07,3858881194151,Piæe,"7,55"
"Le Coq Cocktail T-Quila Sunrise 4,7",6906617,0.33,"0,33l",,1.19,,,3.61,4740098090298,Piæe,"1,15"
Spirits of Croatia Teranino 16% ,6906673,0.5,"0,5l",,7.99,,,15.98,3859893222672,Piæe,"7,99"
"Heineken 0,0%",6906705,0.33,"0,33l",,1.35,,,4.09,3830054841802,Piæe,"1,28"
Stari Lisac Cider,6906707,0.505,"0,5l",,1.55,,,3.1,3850103902117,Piæe,"1,55"
Hippis BIO Pouch jab./breskva/š.v.,6906990,0.1,100g,,1.35,,,13.5,4062300278554,Hrana,"1,35"
PIK Pureæa šunka classic,6907014,0.1,100g,,1.89,,,18.9,3850139520316,Hrana,"1,89"
Pik Pureæa šunka mediteranska,6907017,0.1,100g,,1.59,,,15.9,3850139522198,Hrana,"1,59"
Svježi filet brancina,6907049,0.37,370g,Naša ribarnica,11.99,,,32.41,3859893969980,Hrana,"9,99"
Svježa gacka pastrva,6907065,0.55,550g,Naša ribarnica,,4.39,5.69,7.98,4056489611400,Hrana,"5,69"
Svježi filet jadranske orade,6907070,0.3,300g,Naša ribarnica,9.99,,,33.3,4056489611462,Hrana,"8,89"
Pekmez od šljiva,6907109,0.63,630g,Okusi zavièaja,2.99,,,4.75,4056489611509,Hrana,"2,79"
Džem od višnje,6907111,0.63,630g,Okusi zavièaja,2.69,,,4.27,4056489611523,Hrana,"2,49"
Nila Tek.deterdžent 50 pranja SK1,6907141,2.7,"2,7l",,8.99,,,3.33,3850105169631,Sredstva za èišæenje,"9,29"
Arf Cream Tekuæi abraziv SK1,6907145,0.4,400ml,,2.15,,,5.38,3850105181626,Sredstva za èišæenje,"2,15"
Dove Dezodorans SK1,6907175,0.15,150ml,,5.19,,,34.6,8720181291715,Kozmetika,"5,35"
Rexona Dezodorans SK1,6907181,0.15,150ml,,4.69,,,31.27,8711600350212,Kozmetika,"4,69"
The Garden Brewery - American Pale ,6907184,0.45,"0,44l",,1.85,,,4.2,3858893811572,Piæe,"1,85"
ADK Ljetni stakloper,6907202,5.1,5l,,1.99,,,0.4,3858887316021,Proizvodi za kuæanstvo,"1,99"
'z bregov Protein puding karamela,6907262,0.18,180g,,1.09,,,6.06,3850108040890,Hrana,"1,09"
Nektar od višnje 50%,6410784,1,1l,Solevita,2.49,,,2.49,4056489500261,Piæe,"1,99"
Goldenfood File paèjih prsa,6410893,1,"ca0,4-0,6kg",,10.99,,,10.99,2898033000000,Hrana,"9,99"
Goldenfood File paèjih prsa,6410893,1,"ca0,4-0,6kg",,10.99,,,10.99,2898036000000,Hrana,"9,99"
Goldenfood Svj. paèji batak-zabatak,6410895,1,"ca0,4-0,6kg",,8.99,,,8.99,2898053000000,Hrana,"8,99"
Kompot od šljiva ATG 395g,6413912,0.7,720ml,Freshona,1.49,,,3.77,4056489828723,Hrana,"1,49"
Kikiriki,6414470,0.5,500g,Alesto,2.29,,,4.58,4056489829638,Hrana,Nije_bilo_u_prodaji_02.05.2025
"Pureæa prsa, narezana",6415570,0.25,250g,Pikok,1.69,,,6.76,4335619088887,Hrana,"1,49"
Èokoladni Cruffin 4kom.,6417059,0.36,4komad,,2.69,,,0.67,5999097001296,Hrana,Nije_bilo_u_prodaji_02.05.2025
HELL Black Cherry Multipack,6418049,1.05,4x250ml,,2.99,,,11.96,5999571057108,Piæe,Nije_bilo_u_prodaji_02.05.2025
"Kuhano vino s rumom 14,5%Vol.",6500200,0.75,750ml,Deluxe,3.79,,,5.05,20430498,Piæe,"4,79"
Haringa SK1,6512117,0.26,260g,Ocean Sea,2.19,,,8.42,4056489834052,Hrana,Nije_bilo_u_prodaji_02.05.2025
Haringa SK1,6512117,0.26,260g,Ocean Sea,2.19,,,8.42,4056489834083,Hrana,Nije_bilo_u_prodaji_02.05.2025
Topljeni sir u listiæima,0146567,0.4,400g,Milbona,2.99,,,7.48,4056489105442,Hrana,"2,99"
"Mars,Snickers,Twix,Bou.Minis SK2",0147829,0.275,275g,,3.59,,,13.05,5000159474054,Hrana,"3,59"
Bella Caffe DG Caffe Effi. Box Esp.,0142600,0.096,96g,Bellarom,3.99,,,41.56,20357924,Piæe,"3,79"
Èaj u piramida vreæicama UTZ SK47,0143058,0.038,"20x1,4g,20x1,8g",Deluxe,1.99,,,1.99,20410292,Piæe,"1,99"
Èaj u piramida vreæicama UTZ SK47,0143058,0.038,"20x1,4g,20x1,8g",Deluxe,1.99,,,1.99,4056489024279,Piæe,"1,99"
MSC Surimi štapiæi,0143164,0.25,250g,Ocean Sea,1.59,,,6.36,4056489025115,Hrana,"1,59"
Pan. pil. innerfile Cornf. panada,6904316,1,ca.500g,Gourmet,9.25,,,9.25,2835165000000,Hrana,"9,25"
"Èokoladne napolitanke, UTZ",6904333,0.37,370g,Sondey,1.99,,,5.38,4056489073635,Hrana,"1,99"
"Svježe pile, cca. 2kg",6904372,1,ca. 2kg,,3.18,,,3.18,2146200000000,Hrana,"3,19"
"Svježe pile, cca. 2kg",6904372,1,ca. 2kg,,3.18,,,3.18,2146203000000,Hrana,"3,19"
"Svježe pile, cca. 2kg",6904372,1,ca. 2kg,,3.18,,,3.18,2146209000000,Hrana,"3,19"
"Dimljena šunka s kosti, cca. 6kg",6904437,1,ca. 6kg,Pikok,5.49,,,5.49,2845191000000,Hrana,"4,89"
"Dimljena šunka s kosti, cca. 6kg",6904437,1,ca. 6kg,Pikok,5.49,,,5.49,2845198000000,Hrana,"4,89"
"Dimljena šunka s kosti, cca. 6kg",6904437,6,ca. 6kg,Pikok,5.49,,,5.49,2845191000000,Hrana,"4,89"
"Dimljena šunka s kosti, cca. 6kg",6904437,6,ca. 6kg,Pikok,5.49,,,5.49,2845194000000,Hrana,"4,89"
Kuhinjski ubrusi Maxi 2-slojni,6904460,1.146,1komad,Floralys,3.79,,,3.79,4056489074526,Toaletne potrepštine,"3,69"
"Gumeni bomboni, voæni, kiseli",0133242,0.3,300g,Sugarland,1.79,,,5.97,40879277,Hrana,"1,79"
Kornet od višnje,0133265,0.45,6x120ml,Gelatelli Selection,4.29,,,5.96,20531348,Hrana,"4,49"
Tijesto za pizzu XXL,0133682,0.55,550g,Chef Select & You,1.85,,,3.36,4056489412328,Hrana,"1,85"
Eukaliptus-mentol bomboni XXL,0134012,0.36,360g,Amanie,1.79,,,4.97,40892191,Hrana,"1,29"
"Kroketi, smrznuti SK4",0134726,0.75,750g,Alpenfest,2.49,,,3.32,4056489135975,Hrana,Nije_bilo_u_prodaji_02.05.2025
O'Plant Biljni napitak riža,6906730,1.04,1l,,1.99,,,1.99,3856020249939,Hrana,"1,99"
Ukrasna vreæica 32x26x12cm,6906786,0.08,1komad,,1.45,,,1.45,3856023029132,Proizvodi za kuæanstvo,"1,45"
Ukrasna vreæica 32x26x12cm,6906786,0.08,1komad,,1.45,,,1.45,3856023049628,Proizvodi za kuæanstvo,"1,45"
Ukrasna vreæica 32x26x12cm,6906786,0.08,1komad,,1.45,,,1.45,3856023060500,Proizvodi za kuæanstvo,"1,45"
Ukrasna vreæica 32x26x12cm,6906786,0.08,1komad,,1.45,,,1.45,3856023060517,Proizvodi za kuæanstvo,"1,45"
Ukrasna vreæica 32x26x12cm,6906786,0.08,1komad,,1.45,,,1.45,3856023060524,Proizvodi za kuæanstvo,"1,45"
Cappuccino (RFA) SK2,6906884,0.2,200g,Bellarom,2.29,,,11.45,4056489611189,Piæe,"1,99"
Cappuccino (RFA) SK2,6906884,0.2,200g,Bellarom,2.29,,,11.45,4056489611875,Piæe,"1,99"
Vesh Tekuæi deterdžent Power Gel C.,6906914,3.138,3l,,9.99,,,3.33,3870128033856,Sredstva za èišæenje,"9,99"
Violeta Baby vlažne maramice SC,6906918,1.159,3x56Blatt,,4.29,,,0.03,3870128018198,Toaletne potrepštine,"4,29"
Mardešiæ Jadr. srd. u s.ulju s kap.,6906972,0.09,90g,,0.99,,,11,3859891129713,Hrana,"1,09"
Zamjenski ulošci za lampione XXL,5524403,0.54,4x1komad,-,3.49,,,3.49,4334035966885,Proizvodi za kuæanstvo,"3,49"
Šleska kobasica,5525217,0.55,550g,Pikok,4.49,,,8.16,4056489184652,Hrana,"4,49"
Hrenovke od mesa svinjskog buta,5525684,0.25,250g,Pikok,1.89,,,7.56,4056489185413,Hrana,"1,89"
Karamele s vrhnjem ,5525738,0.3,300g,Sweet Corner,1.89,,,6.3,4056489185338,Hrana,"1,85"
Sred. za posuða u gelu koncen. SK4,5528354,0.918,900ml,W5,1.49,,,1.66,4056489259763,Sredstva za èišæenje,"1,49"
Sred. za posuða u gelu koncen. SK4,5528354,0.918,900ml,W5,1.49,,,1.66,4056489259770,Sredstva za èišæenje,"1,49"
Sreds. za pranje posuða balsam SK1,5528497,0.51,500ml,W5,0.99,,,1.98,4056489261094,Sredstva za èišæenje,"0,99"
"Crni èaj Selection SK1, 40x1,5g",5528847,0.073,"40x1,5g,40x2g",Lord Nelson,1.19,,,14.88,4056489261391,Piæe,"1,19"
Arapska i latinoameri. tortilla SK1,5530970,0.25,250g,Chef Select,2.59,,,10.36,4335619142718,Hrana,"2,59"
Voæni èaj SK1,5531343,0.04,20x2g,Lord Nelson,1.19,,,1.19,4056489184447,Piæe,"1,19"
Vlažni bioraz. toaletni papir SK1  ,5531980,0.2,60komad,Floralys,0.79,,,0.01,4056489284543,Proizvodi za kuæanstvo,"0,79"
"Pureæi filet XXL, cca. 1-1,5 kg",5533555,1,"ca.1-1,5kg",RZEZNIK,8.19,,,8.19,2835553000000,Hrana,"7,75"
"Pureæi filet XXL, cca. 1-1,5 kg",5533555,1,"ca.1-1,5kg",RZEZNIK,8.19,,,8.19,2894254000000,Hrana,"7,75"
Žele od višnje/naranèe u èok. SK2,5535118,0.19,190g,Mister Choc,1.99,,,10.47,4056489304036,Hrana,"1,79"
Žele od višnje/naranèe u èok. SK2,5535118,0.19,190g,Mister Choc,1.99,,,10.47,4056489304043,Hrana,"1,79"
Bob Snail voæne rolice SK6,5538170,0.03,30g,,1.19,,,1.19,4820219340591,Hrana,"1,19"
Mahune,5539740,0.45,450g,Kuljanka,1.49,,,3.31,4056489880950,Hrana,"1,49"
Mlijeèna èokolada,5543089,0.1,100g,Favorina,0.89,,,8.9,4056489536895,Hrana,"0,89"
Mlijeèna èokolada,5543089,0.1,100g,Favorina,0.89,,,8.9,4335619142596,Hrana,"0,89"
Svinjska potrbušina peèena,5545654,1,cca. 400g,Kuljanka,7.99,,,7.99,2848032000000,Hrana,"9,79"
Svinjska potrbušina peèena,5545654,1,cca. 400g,Kuljanka,7.99,,,7.99,2848037000000,Hrana,"9,79"
Svinjska potrbušina peèena,5545654,1,cca. 400g,Kuljanka,7.99,,,7.99,2848038000000,Hrana,"9,79"
Svinjska potrbušina peèena,5545654,1,cca. 400g,Kuljanka,7.99,,,7.99,2848039000000,Hrana,"9,79"
Roleski Bel.-taj. crveni umak SK1 ,5547064,0.315,"290g,340g",,1.06,,,3.66,5901044028331,Hrana,"1,06"
"Tjest. s umakom, pire krumpir SK2",5547537,0.051,"50g,51g",Kania,1.19,,,23.33,4056489717294,Hrana,Nije_bilo_u_prodaji_02.05.2025
Keksi Choco Nussa,0187528,0.172,172g,Sondey,1.99,,,11.57,4056489816089,Hrana,"1,99"
Tablete za pranje posuða All in 1,0189516,1.02,60x17g,W5,6.99,,,6.85,4056489845812,Sredstva za èišæenje,"6,99"
Mediteranski zaèini SK2,0189653,0.027,"16g,27g,28g,30g,35g",Italiamo,1.59,,,58.89,20046378,Hrana,"1,59"
Mediteranski zaèini SK2,0189653,0.027,"16g,27g,28g,30g,35g",Italiamo,1.59,,,56.79,20046385,Hrana,"1,59"
Mediteranski zaèini SK2,0189653,0.027,"16g,27g,28g,30g,35g",Italiamo,1.59,,,53,20046385,Hrana,"1,59"
Desertni specijaliteti SK20,0190983,0.16,2x80g,Deluxe,2.49,,,15.56,4056489758969,Hrana,"2,49"
Keksi,0190989,0.25,250g,Hatherwood,3.29,,,13.16,4056489853930,Hrana,Nije_bilo_u_prodaji_02.05.2025
Šeæerna dekoracija Uskrs SK33,0192649,0.027,"11g,12g,16g,25g,4x25g",Belbake,1.99,,,124.38,4056489442264,Hrana,"1,99"
Šeæerna dekoracija Uskrs SK33,0192649,0.027,"11g,12g,16g,25g,4x25g",Belbake,1.99,,,180.91,4056489865643,Hrana,"1,99"
Šeæerna dekoracija Uskrs SK33,0192649,0.027,"11g,12g,16g,25g,4x25g",Belbake,1.99,,,180.91,4056489865711,Hrana,"1,99"
"Cider jabuka 4,5%",0193099,0.33,"0,33l",Woodgate,0.99,,,3,4056489877332,Piæe,"0,99"
Pizza sa šparogama i pršutom,0193217,0.39,390g,Italiamo,3.99,,,10.23,20824174,Hrana,"3,99"
Zamjenski ulošci za britvicu,0193291,0.021,4komad,Cien,4.59,,,1.15,4056489874003,Kozmetika,"4,59"
Mekani sir s punjenjem SK10,0193570,0.188,"180g,195g",Deluxe,2.69,,,14.94,20276492,Hrana,"2,69"
Mekani sir s punjenjem SK10,0193570,0.188,"180g,195g",Deluxe,2.69,,,13.79,20276492,Hrana,"2,69"
"Bio kašica s mrkvom, krum., i pile.",0193630,0.19,190g,Lupilu,0.95,,,5,4056489882190,Hrana,"0,95"
Punjeni Mochis SK1,0193909,0.18,6x30g,Deluxe,3.99,,,22.17,4056489883166,Hrana,"3,99"
Uskršnje dekoracije SK2,0194164,0.123,"120g,130g",Belbake,2.49,,,20.75,4056489884439,Hrana,"2,49"
Uskršnje dekoracije SK2,0194164,0.123,"120g,130g",Belbake,2.49,,,19.15,4056489884439,Hrana,"2,49"
Edamame SK1,0194604,0.15,150g,Vitasia,1.59,,,10.6,4056489889762,Hrana,"1,39"
Hummus SK43,0194606,0.2,200g,Vitasia,1.19,,,5.95,4056489889779,Hrana,"1,19"
Univerzalna krpa od mikrovla. SK10,0085302,0.063,"2komad,3komad",W5,1.56,,,0.78,20431846,Proizvodi za kuæanstvo,"2,35"
Univerzalna krpa od mikrovla. SK10,0085302,0.063,"2komad,3komad",W5,1.56,,,0.78,20431860,Proizvodi za kuæanstvo,"2,35"
Univerzalna krpa od mikrovla. SK10,0085302,0.063,"2komad,3komad",W5,1.56,,,0.52,4056489920564,Proizvodi za kuæanstvo,"2,35"
Pag 91 Morska sol krupna ,6907874,1,1kg,,0.49,,,0.49,3859888817036,Hrana,"0,49"
Heineken Silver svijetlo pivo 4%,6907878,1.32,"4x0,33l",,4.61,,,3.49,3850103902483,Piæe,"4,61"
Heineken Silver svijetlo pivo 4%,6907878,1.32,"4x0,33l",,4.61,,,3.49,3850103902490,Piæe,"4,61"
Margo Nova Margarin 50%,6907925,0.4,400g,,2.19,,,5.48,3856015327253,Hrana,"1,99"
Prime Napitak Meta Moon,6907946,0.53,"0,5l",,2.19,,,4.38,850040427110,Piæe,"2,19"
Dolcela Vanilin šeæer,6907959,0.048,6x8g,,0.99,,,0.99,3856020258726,Hrana,"0,99"
BO Burek s mesom,6907962,0.21,210g,,1.49,,,7.1,4052917882848,Hrana,"1,49"
Spirits of Croatia Smokovaèa 20% v.,6907989,0.5,"0,5l",,5.79,,,11.58,3858894860081,Piæe,"5,79"
Podravka Kokošja pašteta Gold,6908001,0.095,95g,,0.89,,,9.37,3856020263720,Hrana,"0,89"
Voli Voli Suha hrana za pse govedin,6908030,13,13kg,,9.99,,,0.77,3859893822711,Proizvodi za kuæanstvo,"9,49"
Sunlove Uljni gel za tuširanje SK1,6908054,0.256,250ml,,1.99,,,7.96,3850177003758,Kozmetika,"2,59"
Dolcela Fritule,6908077,0.25,250g,,1.99,,,7.96,3856020246570,Hrana,"1,99"
Sensodyne Premium Pasta za zube SK1,6908198,0.075,75ml,,5.49,,,73.2,5054563103789,Kozmetika,"4,49"
Durex Kondomi SK1,6908219,0.019,6komad,,5.99,,,1,5997321774909,Toaletne potrepštine,"5,99"
Jabuka crvena 2kg,0080230,2,2kg,,2.19,,,1.1,20241919,Hrana,"1,99"
Kruška 1kg,0080281,1,1kg,,1.89,,,1.89,20241926,Hrana,"2,19"
"Jabuka crvena, Gala",0080317,1,1kg,,,1.19,1.69,1.19,4056489919759,Hrana,"1,49"
Grožðe mix 500g,0080475,0.5,500g,,2.49,,,4.98,4051762666733,Hrana,Nije_bilo_u_prodaji_02.05.2025
"Grožðe bijelo 500g, bez koštica",0080505,0.5,500g,,2.49,,,4.98,20250263,Hrana,"2,19"
Ananas,0080611,1.655,1komad,,2.22,,,2.22,4335619266773,Hrana,"2,49"
Ananas,0080611,1.655,1komad,,2.22,,,2.22,7441029614480,Hrana,"2,49"
Avokado 700g,0080619,0.7,700g,,2.69,,,3.84,20462062,Hrana,"3,29"
Kivi gold,0080690,0,3Stk.,,1.79,,,1.79,20250294,Hrana,Nije_bilo_u_prodaji_02.05.2025
Physalis,0080735,0.1,100g,,,0.49,1.29,4.9,20437763,Hrana,"1,29"
Physalis,0080735,0.1,100g,,,0.49,1.29,4.9,7700040000109,Hrana,"1,29"
Physalis,0080735,0.1,100g,,,0.49,1.29,4.9,7709990240436,Hrana,"1,29"
Borovnica 125g,0080820,0.125,125g,,1.49,,,11.92,3859889652391,Hrana,"1,49"
Borovnica 125g,0080820,0.125,125g,,1.49,,,11.92,8425697101250,Hrana,"1,49"
Malina 125g,0080835,0.125,125g,,2.29,,,18.32,20175818,Hrana,"2,29"
Malina 200g,0080837,0.2,200g,,3.29,,,16.45,20615116,Hrana,Nije_bilo_u_prodaji_02.05.2025
Bio naranèa 1kg,0081532,1,1kg,,1.99,,,1.99,20240257,Hrana,"1,99"
Bio jabuka crvena 600g,0081559,0.6,600g,,1.99,,,3.32,20489212,Hrana,"1,99"
Bio borovnica,0081685,0.125,125g,,2.49,,,19.92,3858893253457,Hrana,"1,99"
Salata Iceberg,0082031,0.366,1komad,,1.49,,,1.49,3859889267304,Hrana,"1,39"
Matovilac,0082051,0.125,125g,,1.29,,,10.32,20305871,Hrana,"1,29"
Matovilac,0082051,0.125,125g,,1.29,,,10.32,3859893446276,Hrana,"1,29"
Rotkvica,0082273,0.25,250g,,0.79,,,3.16,20625160,Hrana,"0,79"
Rajèica koktel 250g,0082410,0.25,250g,,,1.09,1.29,4.36,20250379,Hrana,"1,49"
Rajcica koktel 500g,0082411,0.5,500g,,2.49,,,4.98,3859889267434,Hrana,"2,49"
Paprika mini mix 150g,0082669,0.15,150g,,1.19,,,7.93,3859893446207,Hrana,"1,29"
Rolana panceta,5206547,0.18,180g,Deluxe,3.49,,,19.39,20889449,Hrana,"3,49"
High Protein Cheddar SK2,5228205,0.171,"160g,180g",Milbona,2.39,,,14.94,4056489851875,Hrana,Nije_bilo_u_prodaji_02.05.2025
Kobasica,5309363,0.1,100g,,1.29,,,12.9,5099337900539,Hrana,"1,29"
"Slatko-kiseli umak, 250ml",5500222,0.27,270g,Grill&Fun,1.99,,,7.37,20545222,Hrana,"1,99"
Prutiæi punjeni èokoladom RFA,5500248,0.28,280g,Sondey,1.59,,,5.68,4052917124139,Hrana,"1,55"
Kocke za juhu SK6,5500632,0.12,120g,Kania,0.75,,,6.25,20420628,Hrana,"0,75"
Sapun SK1,5500714,0.1,100g,-,0.39,,,3.9,20819866,Kozmetika,"0,39"
Aluminijska folija 10 µ,5501064,0.144,1komad,Aromata,2.29,,,2.29,20121327,Proizvodi za kuæanstvo,"2,29"
Tonik,5501198,2.077,2l,Freeway,1.45,,,0.73,4056489446576,Piæe,"1,39"
Punjeni dumplings losos SK2,5501285,0.35,350g,Deluxe,1.79,,,5.11,20586133,Hrana,"1,79"
"BIO ""Perfa Najsretnija jaja""",6907307,0.44,6komad,,1.69,,,1.69,3859889056458,Hrana,"1,69"
Naturel mini Classic dvopek,6907308,0.12,120g,,1.39,,,11.58,3858889361593,Hrana,"1,39"
Ledo Pan. rib. štapiæi 100% filet,6907389,0.45,450g,,3.99,,,8.87,3850116058177,Hrana,"3,79"
Ledo osliæ bez glave HUBBSI,6907391,0.4,400g,,2.99,,,7.48,3850116048659,Hrana,"2,99"
Baby vlažne maramice sensitiv,6907414,415,80komad,Lupilu,1.29,,,0.02,4056489612063,Proizvodi za kuæanstvo,"1,29"
Kuhane kozice,6907486,0.25,250g,Naša ribarnica,3.59,,,14.36,4056489612292,Hrana,"3,59"
Svježi pagar,6907487,1,ca. 500g,Naša ribarnica,14.99,,,14.99,2896370000000,Hrana,"11,99"
Svježi pagar,6907487,1,ca. 500g,Naša ribarnica,14.99,,,14.99,2896374000000,Hrana,"11,99"
Svježi pagar,6907487,1,ca. 500g,Naša ribarnica,14.99,,,14.99,4056489612315,Hrana,"11,99"
Dar Vegan Desert èok. i lješnjak,6907510,0.5,4x125g,,1.99,,,3.98,3850108028102,Hrana,"1,99"
"Šibenska pivovara Cvita, IPA 5,2% ",6907521,0.5,"0,5l",,1.65,,,3.3,3857500050984,Piæe,"1,99"
Badem cijeli,6907559,0.3,300g,,2.99,,,9.97,8671020170107,Hrana,"2,99"
Lino Èokolino Protein,6907563,0.35,350g,,4.49,,,12.83,3856020264789,Hrana,"4,79"
Aranžmani Mirna & Princ,6907569,1.41,1komad,,32.99,,,32.99,3858889015946,Proizvodi za kuæanstvo,"32,99"
Marinirana pileæa krila,6907588,0.5,500g,Naša mesnica,2.79,,,5.58,4061461471194,Hrana,"2,79"
"Lješnjak cijeli, 300g",6907608,0.3,300g,,3.99,,,13.3,3858893921202,Hrana,"3,99"
Aranžman križ Maja i Eleonora SK1,6907617,0.95,1komad,,19.99,,,19.99,3858892744123,Proizvodi za kuæanstvo,"19,99"
Labona Blonde Ale,6907647,0.33,"0,33l",,1.69,,,5.12,0725765147875,Piæe,"1,69"
Labona Porter,6907648,0.33,"0,33l",,1.69,,,5.12,0725765147882,Piæe,"1,69"
Palmolive Tekuæi sapun SK1,6907657,0.519,500ml,,2.99,,,5.98,8718951508187,Kozmetika,"2,99"
Ajax Sredstvo za èišæenje kuæ. SK1,6907666,1.3,1300ml,,3.89,,,2.99,8718951358768,Sredstva za èišæenje,"4,39"
Dorina Èokolada extra mlijeèna,6907795,0.22,220g,,1.99,,,9.05,3850102008599,Hrana,"1,99"
Dorina Èokolada s keksom,6907796,0.22,220g,,1.99,,,9.05,3850102008797,Hrana,"1,99"
Deterdžent u krutom stanju,6907806,0.1,1komad,,4.79,,,4.79,3857500138606,Sredstva za èišæenje,"4,79"
Donat Mg gazirana mineralna voda,6907848,3,"6x0,5l",,7.29,,,2.43,3838471041874,Piæe,"7,29"
Poklon paket Nivea Men Sensitive,6907866,0.37,350ml,,6.99,,,19.97,9005800372266,Kozmetika,"6,99"
"'z bregov Svježe mlijeko 3,2% m.m.",6901019,1,1l,,1.49,,,1.49,3850108011845,Hrana,"1,49"
Èvarci XXL,6901026,0.3,300g,Okusi zavièaja,4.99,,,16.63,20661137,Hrana,"4,29"
Lino èokolino,6901035,1.8,"1,8kg",,9.49,,,5.27,3850104235863,Hrana,"7,96"
Kinder Bueno White 3 pak.,6901036,0.117,3x39g,,3.49,,,29.83,8000500121436,Hrana,"3,19"
Kinder Èokolada 12 komada,6901037,0.15,150g,,2.39,,,15.93,8000500141601,Hrana,"1,99"
Buket Pup Ruža,6901068,0.059,1komad,,3.69,,,3.69,3858892743669,Proizvodi za kuæanstvo,"3,69"
"Jaja podni uzgoj, razred M, 10 kom.",6901107,0.58,10komad,Okusi zavièaja,2.89,,,0.29,4056489926641,Hrana,"2,49"
"'z bregov Jogurt 2,8% m.m.",6901294,1.75,"1,75l",,2.99,,,1.71,3850108031263,Hrana,"2,99"
"'z bregov Jogurt 2,8% m.m.",6901294,1.75,"1,75l",,2.99,,,1.71,3850108037265,Hrana,"2,99"
Sprej za peèenje,0120538,0.178,200ml,Belbake,2.79,,,13.95,20771553,Hrana,"2,79"
Gumeni bomboni cola,0120821,0.3,300g,Sweet Corner,1.79,,,5.97,20724085,Hrana,"1,79"
BO Lisnato s marelicom i ricottom,0120960,0.1,90g,,,0.55,0.59,6.11,20786595,Hrana,"0,55"
Kokošja juha s tjesteninom,0121217,0.066,66g,Kania,0.69,,,10.45,20800048,Hrana,"0,69"
Kobasica SK2,0121534,0.168,"150g,180g",Grillmeister,1.35,,,7.5,20805371,Hrana,"1,49"
Njegujuæe ulje za nokte,0121890,0.011,11ml,Cien,1.59,,,1.59,20872458,Kozmetika,"1,59"
Kolaèiæi s maslacem,0179501,0.75,750g,Favorina,7.03,,,9.37,20026523,Hrana,"7,03"
Magnezij direkt u gran. s ok. brus.,0179590,0.03,20komad,Optisana,1.99,,,0.1,4056489694427,Hrana,"1,99"
Cantuccini XXL SK4,0179716,0.5,500g,Italiamo,2.99,,,5.98,4056489697381,Hrana,"2,99"
Tvrdi bomboni SK1,0180452,0.095,"80g, 100g",Amanie,,0.75,1.09,9.38,4056489713333,Hrana,"1,09"
Tvrdi bomboni SK1,0180452,0.095,"80g, 100g",Amanie,,0.75,1.09,7.5,4056489713357,Hrana,"1,09"
"Ulošci s Aloe Vera, SK1",0180483,0.167,"20komad,24komad,28komad",Siempre,2.09,,,0.09,4056489713586,Toaletne potrepštine,"2,09"
Hrana za maèke XXL SK2,0180681,2.4,24x100g,Coshida,6.99,,,2.91,20262693,Proizvodi za kuæanstvo,"6,99"
Ekstra džem miješano voæe,0181095,0.45,450g,Maribel,2.59,,,5.76,4056489719700,Hrana,"2,59"
Osvj. prostora gel perle SK1,0181540,0.11,110g,Air by W5,1.59,,,14.45,4335619105591,Sredstva za èišæenje,1.59
BO Èokoladni donut,0182155,0.056,56g,,0.59,,,10.54,4056489737919,Hrana,Nije_bilo_u_prodaji_02.05.2025
Q10 + Vitamin C Dnevna krema SK1,0182905,0.049,50ml,Cien,2.89,,,57.8,4056489638735,Kozmetika,"2,89"
Mix orašasti plodovi i voæe SK2,0183851,0.2,200g,Alesto Selection,2.59,,,12.95,20815394,Hrana,"2,39"
Easy snack XXL SK1,0183860,0.725,"700g,750g",Chef Select,6.99,,,9.99,4056489754985,Hrana,"6,99"
Cappuccino liker 17%,0184256,0.683,"0,7l",Romanetti,9.49,,,13.56,4056489763123,Piæe,"7,59"
Žvakaæe gume Ice Cubes,0184399,0.092,92g,Jetgum,1.99,,,1.99,4056489645016,Hrana,Nije_bilo_u_prodaji_02.05.2025
Medvjediæ s èokoladnim punjenjem,0184766,0.18,180g,Sondey,2.49,,,13.83,4056489516835,Hrana,Nije_bilo_u_prodaji_02.05.2025
Leone sladoled SK1,0185400,0.52,4x130ml,,2.99,,,5.75,3830083670923,Hrana,Nije_bilo_u_prodaji_02.05.2025
Leone sladoled SK1,0185400,0.52,4x130ml,,2.99,,,5.75,3830083670930,Hrana,Nije_bilo_u_prodaji_02.05.2025
Bezalkoholno pšenièno pivo,0185799,0.512,"0,5l",Perlenbacher,0.79,,,1.58,4304493270664,Piæe,"0,69"
Proteinska ploèica SK6,0185837,0.045,45g,Sportyfeel,1.39,,,1.39,4056489789864,Hrana,Nije_bilo_u_prodaji_02.05.2025
Marshmallow hoops,0166205,0.4,400g,MCENNEDY,2.59,,,6.48,4056489486039,Hrana,"2,59"
Sardine u suncokretovom ulju,0166976,0.375,3x125g,XXL,2.79,,,7.44,4056489495079,Hrana,"2,79"
Hummus XXL SK1,0167094,0.3,300g,Chef Select,1.39,,,4.63,4056489550396,Hrana,"1,39"
Princes Krafne SK5,0167106,0.4,400g,MCENNEDY,5.59,,,13.98,4056489495635,Hrana,"5,59"
Juha na talijanski naèin SK2,0167235,0.4,400ml,Italiamo,1.39,,,3.48,20450229,Hrana,"1,39"
Juha na talijanski naèin SK2,0167235,0.4,400ml,Italiamo,1.39,,,3.48,20450236,Hrana,"1,39"
Tekuæi deterdžent (F) 30 pranja SK1,0167396,1.521,"1,5l",Formil,3.59,,,2.39,4056489497196,Sredstva za èišæenje,"3,59"
Apéritif kutija,0168188,0.425,425g,Duc de Coeur,4.82,,,11.34,20831448,Hrana,Nije_bilo_u_prodaji_02.05.2025
Lagani snackovi SK8,0168202,0.25,250g,Culinea,2.79,,,11.16,4056489387893,Hrana,"2,79"
Mesni sir XXL SK1,0168204,0.492,"450g,500g",Dulano,3.99,,,8.87,4056489520290,Hrana,"3,99"
Jogurt SK17,0168449,0.175,175g,Milbona,0.89,,,5.09,4056489404989,Hrana,"0,89"
BO Muffin od tri vrste èokolade,0129313,0.1,100g,,0.99,,,9.9,20937416,Hrana,"0,99"
Windel Adventski kalendar SK15,0130060,0.075,75g,,1.78,,,23.73,4006613002079,Hrana,"1,06"
Petit Brie,0130224,0.5,500g,Duc de Coeur,5.59,,,11.18,4056489203469,Hrana,"5,59"
Claudel/Istara Sirni specijaliteti,0130333,0.195,"150g,200g,220g",,3.19,,,21.27,3228024090303,Hrana,"2,99"
"'z bregov Kefir 3,5% m.m.",6903406,1,1kg,,2.59,,,2.59,3850108030532,Hrana,"2,52"
"'z bregov Kefir 3,5% m.m.",6903406,1,1kg,,2.59,,,2.59,3850108037531,Hrana,"2,52"
"Šokaèka kobasica, narezak",6903464,0.1,100g,Okusi zavièaja,,1.39,1.99,13.9,20251673,Hrana,"1,89"
ABC Svježi krem sir èili,6903472,0.1,100g,,1.15,,,11.5,3850257060695,Hrana,"1,05"
Podravka Sjeckana rajèica,6903509,0.39,390g,,1.99,,,5.1,3850104220616,Hrana,"1,99"
Multivita Direct SK6,6903521,0.03,30g,,4.59,,,4.59,3856016810211,Hrana,"4,59"
Multivita Direct SK6,6903521,0.03,30g,,4.59,,,4.59,3858881248052,Hrana,"4,59"
Multivita Direct SK6,6903521,0.03,30g,,4.59,,,4.59,3858881248069,Hrana,"4,59"
Multivita Direct SK6,6903521,0.03,30g,,4.59,,,4.59,3858881248816,Hrana,"4,59"
Pik Debrecinka,6903594,0.44,440g,,3.49,,,7.93,3850139330977,Hrana,"3,49"
Duracell Basic K5 SK2,6903598,0.095,5komad,,6.49,,,1.3,5000394090019,Proizvodi za kuæanstvo,"6,49"
Nivea Sun P&M hid.sp. za sunè. ZF30,6903614,0.2,200ml,,14.99,,,74.95,5025970022840,Kozmetika,"14,99"
President mladi kajmak,6903655,0.25,250g,,4.49,,,17.96,8606002112684,Hrana,"3,99"
"Krem sladoled štapiæ, badem",0001035,0.084,6x120ml,Bon Gelati,5.99,,,8.32,4056489223368,Hrana,"4,99"
Draže bomboni SK2,0001074,0.016,16g,Amanie,0.39,,,0.39,20378561,Hrana,"0,39"
Tekuæi deterdžent 44pr. SK4,0207266,2.237,"2,2l",Formil,4.89,,,2.22,4056489915355,Sredstva za èišæenje,"4,89"
Tekuæi deterdžent 44pr. SK4,0207266,2.237,"2,2l",Formil,4.89,,,2.22,4335619092235,Sredstva za èišæenje,"4,89"
Sladoled SK12,0207510,0.445,750ml,Italiamo,2.79,,,3.72,20294519,Hrana,"2,79"
Salama sa sirom SK1,0207984,0.12,120g,Duc de Coeur,2.19,,,18.25,4335619031555,Hrana,Nije_bilo_u_prodaji_02.05.2025
Djeèje pelene maxi,0208361,2.18,84komad,Lupilu,10.59,,,0.13,4335619036260,Toaletne potrepštine,"10,59"
Djeèje pelene junior,0208362,2.19,72komad,Lupilu,10.39,,,0.14,4335619036277,Toaletne potrepštine,"10,39"
Riblji Tapas SK33,0208479,0.1,100g,El Tequito,2.49,,,24.9,4335619036758,Hrana,"2,13"
Riblji Tapas SK33,0208479,0.1,100g,El Tequito,2.49,,,24.9,4335619036765,Hrana,"2,13"
Liker Creme Brulee 15% Vol.,0210063,0.489,"0,5l",,4.79,,,9.58,4304493269828,Piæe,"4,79"
XXL Maslac od kikirikija SK1,0210066,1,1kg,Maribel,5.39,,,5.39,4335619010970,Hrana,"5,39"
Tekuæi sapun,0210532,0.733,750ml,Cien,1.29,,,1.72,4335619057920,Kozmetika,Nije_bilo_u_prodaji_02.05.2025
Kapsule za kavu Ristretto XXL,0210584,0.285,285g,Bellarom,8.99,,,31.54,4335619058088,Piæe,"6,99"
Veganski narezak SK3,0211121,0.125,125g,Vemondo,1.99,,,15.92,4335619063013,Hrana,"1,69"
Halloween Snack SK3,0211566,0.1,100g,Halloween,1.59,,,15.9,4335619278851,Hrana,Nije_bilo_u_prodaji_02.05.2025
"Käsewelt gouda, cca.3kg",0211915,1,ca. 3kg,,5.99,,,5.99,2802211034250,Hrana,"5,99"
"Käsewelt gouda, cca.3kg",0211915,1,ca. 3kg,,5.99,,,5.99,2802212000000,Hrana,"5,99"
"Käsewelt gouda, cca.3kg",0211915,1,ca. 3kg,,5.99,,,5.99,2802213000000,Hrana,"5,99"
"Käsewelt gouda, cca.3kg",0211915,1,ca. 3kg,,5.99,,,5.99,2802215000000,Hrana,"5,99"
"Käsewelt gouda, cca.3kg",0211915,1,ca. 3kg,,5.99,,,5.99,2802216000000,Hrana,"5,99"
Ženska jed. britvica s 2 oštrice,0211979,0.114,20komad,Cien,3.19,,,0.16,4335619073593,Kozmetika,Nije_bilo_u_prodaji_02.05.2025
Hrskavi muesli XXL SK3,0213241,1,1kg,Crownfield,5.09,,,5.09,4335619082991,Hrana,"5,99"
Osvježivaè zraka Limun,0213528,1.04,2x1komad,W5,2.99,,,6.64,4335619083714,Sredstva za èišæenje,Nije_bilo_u_prodaji_02.05.2025
Ribani sir Cheddar i Mozzarella,0214376,0.2,200g,MCENNEDY,2.19,,,10.95,4335619092563,Hrana,"2,69"
Premium voæni namaz SK2,0214377,0.42,420g,Maribel,2.99,,,7.12,4056489955160,Hrana,"2,79"
Tablete za pranje posuða,0215014,1.02,60x17g,W5,6.99,,,6.85,4335619185265,Sredstva za èišæenje,"6,99"
Premium salama SK6,0215152,0.1,100g,Deluxe,2.49,,,24.9,20331122,Hrana,"1,99"
Krem sir SK84,0215272,0.125,125g,Milbona,1.99,,,15.92,4335619101043,Hrana,"1,99"
Cola,0215316,0.518,"0,5l",Freeway,0.75,,,1.5,4056489527855,Piæe,"0,75"
Punjena premium tjestenina SK9,0215573,0.25,250g,Deluxe,2.19,,,8.76,4056489884798,Hrana,"2,69"
Punjena tjestenina SK1,0215713,0.25,250g,Alpenfest,1.99,,,7.96,4056489290384,Hrana,"1,79"
Veganski njoki SK1,0215733,0.5,"400g,600g",Vemondo,1.29,,,3225,4056489706298,Hrana,"1,29"
Bio bezglutenski bageti SK4,0215912,0.18,180g,Tastino,2.59,,,14.39,4056489472612,Hrana,"2,59"
Štapiæi za dentalnu njegu pasa SK1,0216941,0.27,270g,Orlando,1.49,,,5.52,4056489069652,Proizvodi za kuæanstvo,"1,49"
"Tekuæi jogurt 0,5%",6908236,1,1kg,Pilos,1.39,,,1.39,4056489926238,Hrana,"1,39"
Nivea Sun Essential krema za lice,6908293,0.05,50ml,,12.99,,,259.8,42449027,Kozmetika,"12,99"
Nivea Body Milk SK1,6908305,0.39,400ml,,6.65,,,16.63,4005808237029,Kozmetika,"6,65"
Nivea Body Milk SK1,6908305,0.39,400ml,,6.65,,,16.63,9005800286778,Kozmetika,"6,65"
Kraš Tortica Lino Lada,6908320,0.021,21g,,0.55,,,0.55,3850102008735,Hrana,"0,55"
Tata Mata Pileæa hrenovka,6908331,0.5,500g,,1.99,,,3.98,3858890933178,Hrana,"1,99"
"Pivac rol. peè. odojak, cca 1,5kg",6908360,1,"ca. 1,5kg",,6.55,,,6.55,2137811000000,Hrana,"7,99"
Ricola SK2,6908383,0.04,40g,,1.59,,,1.59,7610700015513,Hrana,"1,59"
Ricola SK2,6908383,0.04,40g,,1.59,,,1.59,7610700923092,Hrana,"1,59"
Dalmatinska panceta narezak,6908415,0.25,250g,Okusi zavièaja,4.59,,,18.36,4056489926122,Hrana,"3,99"
"Toaletni papir 4-sloja, 10x180lis.",6908421,0.2,10x180Blatt,Floralys,3.99,,,0.4,4056489611318,Toaletne potrepštine,"3,69"
Štrukani Vintage pelinkovac 26% vol,6908453,0.5,"0,5l",,7.99,,,15.98,3859894287007,Piæe,"5,99"
Orangina,6908466,0.33,"0,33l",,0.99,,,3,3857500011015,Piæe,"0,99"
Ledo Lignja Patagonijska oèišæena,6908490,0.4,400g,,7.49,,,18.73,3850116877341,Hrana,Nije_bilo_u_prodaji_02.05.2025
Libresse Maxi Night wing hig.ul.,6908563,0.198,20komad,,2.85,,,0.14,7322540576450,Toaletne potrepštine,"2,85"
Maska za lice 2x8ml SK2,0098722,0.017,1komad,Cien,0.59,,,0.59,4056489309062,Kozmetika,"0,59"
Nescafe Dolce Gusto Barista 30kom,0000516,0.21,210g,,8.99,,,42.81,7613036830119,Piæe,"8,99"
Nescafé Gold,0000525,0.38,380g,,17.98,,,47.32,8445290820662,Piæe,"15,89"
Gillette Gel za brijanje SK,0000533,0.237,240ml,,5.29,,,22.04,7702018405015,Kozmetika,"5,29"
Gillette Blue3 Jed.brit. 9+3gratis,0000534,0.134,12komad,,13.45,,,1.12,8700216148092,Kozmetika,"13,45"
Always Ultra Quattro ulošci SK,0000536,0.165,"40komad,24komad,28komad,20komad",,4.99,,,0.21,4015400489764,Toaletne potrepštine,"4,99"
Always Ultra Quattro ulošci SK,0000536,0.165,"40komad,24komad,28komad,20komad",,4.99,,,0.25,8006540211380,Toaletne potrepštine,"4,99"
Always Ultra Quattro ulošci SK,0000536,0.165,"40komad,24komad,28komad,20komad",,4.99,,,0.25,8700216171342,Toaletne potrepštine,"4,99"
Always Dailies Dnevni ulošci SK,0000537,0.123,"52komad,44komad,58komad",,2.99,,,0.07,8006540791394,Toaletne potrepštine,"2,99"
Always Dailies Dnevni ulošci SK,0000537,0.123,"52komad,44komad,58komad",,2.99,,,0.06,8006540791394,Toaletne potrepštine,"2,99"
Syoss šampon Keratin,0000581,0.44,400ml,Henkel,4.79,,,11.98,9000101277050,Kozmetika,Nije_bilo_u_prodaji_02.05.2025
"Gliss Šampon, 250 ml Full hair wond",0000605,0.259,250ml,,2.39,,,9.56,9000101749175,Kozmetika,Nije_bilo_u_prodaji_02.05.2025
Old Spice gel za tuš. i šam. WhiteW,0000609,1.049,1l,,5.99,,,5.99,8006540818862,Kozmetika,"5,99"
Ariel kapsule All in One,0000619,0.951,50komad,,19.49,,,0.39,8700216764285,Sredstva za èišæenje,Nije_bilo_u_prodaji_02.05.2025
Èipi Èips SK1,0000629,0.195,"190g,200g",,2.99,,,14.95,3856021300646,Hrana,"2,99"
Ariel praš. za pranje rub. + Ult. O,0000658,3.3,"3,3kg",,17.99,,,5.45,8006540940761,Sredstva za èišæenje,"17,99"
Carefree dnevni ulošci cotton feel ,0000677,0.2,100komad,,3.89,,,0.04,3574661690346,Toaletne potrepštine,"3,89"
Gillette Simply Venus jedn. brit.,0000687,0.078,6komad,,6.99,,,1.17,7702018426201,Kozmetika,"6,65"
Lenor omekšivaè Spring Awake 71pr.,0000703,1.491,"1,49l",,6.55,,,0.09,8700216724074,Sredstva za èišæenje,Nije_bilo_u_prodaji_02.05.2025
Schauma šampon SK2,0000720,0.77,750ml,Henkel,6.99,,,9.32,9000101681246,Kozmetika,"6,99"
Gliss regenerator Colour Perfector,0000726,0.2,250ml,Henkel,2.79,,,13.95,9000100218023,Kozmetika,"2,79"
Gillette Britvice Fusion5 Sport,0000787,0.444,6komada,,21.59,,,3.6,8700216193375,Kozmetika,Nije_bilo_u_prodaji_02.05.2025
"Fanta Orange, 2x2l",0000799,4.14,2x2l,,3.99,,,9.98,5449000322326,Piæe,Nije_bilo_u_prodaji_02.05.2025
Old Spice Deo stik 50ml/Gel za tuši,0000800,0.055,"50ml,250ml",,6.29,,,125.8,8006530006972,Kozmetika,Nije_bilo_u_prodaji_02.05.2025
Kellogg’s Trésor Choco Nut,0000830,0.41,410g,,4.19,,,10.22,5053827199568,Hrana,"4,19"
Mlijeèni desert SK21,0001004,0.515,900ml,Bon Gelati,3.99,,,4.43,20582593,Hrana,"3,49"
"Filet lososa s kožom, cca. 200-400g",0124551,1,ca. 200-400g,-,,14.99,19.99,14.99,2895636000000,Hrana,"19,99"
Balkanski sir SK1,0125611,0.15,150g,NOSTJA,1.79,,,11.93,20872281,Hrana,"1,79"
Mini Mozzarella (OGT) SK5,0125645,0.125,125g,Milbona,1.45,,,11.6,20851743,Hrana,"1,39"
Skyr (jogurt) voæni SK1,0125984,0.15,150g,Pilos,0.95,,,6.33,20881061,Hrana,"0,95"
"Èokolada s medom, soli i bademima ",0126078,0.2,200g,Fin Carré,3.49,,,17.45,20884604,Hrana,"3,49"
Mlijeèna èokolada s lješnjakom,0126585,0.3,300g,Fin Carré,4.59,,,15.3,20892302,Hrana,"4,99"
Hrana za pse [SC] SK6,0126679,0.15,150g,Orlando Gourmet,0.65,,,4.33,20861353,Proizvodi za kuæanstvo,"0,65"
Hrana za pse [SC] SK6,0126679,0.15,150g,Orlando Gourmet,0.65,,,4.33,20861377,Proizvodi za kuæanstvo,"0,65"
Hrana za pse [SC] SK6,0126679,0.15,150g,Orlando Gourmet,0.65,,,4.33,4056489014386,Proizvodi za kuæanstvo,"0,65"
Tamna i bijela èok. s lješnj. SK43,0126770,0.1,100g,Fin Carré,1.99,,,19.9,20815356,Hrana,"1,69"
Maska za kosu SK2,0126801,0.3,300ml,Cien,2.49,,,8.3,4056489254690,Kozmetika,"2,49"
Lisnato tijesto divlji losos SK2,0195291,0.3,300g,Deluxe,3.99,,,13.3,4056489905455,Hrana,"3,39"
Lisnato tijesto divlji losos SK2,0195291,0.3,300g,Deluxe,3.99,,,13.3,4335619101326,Hrana,"3,39"
Baby vlažne maramice 99% voda,0195945,0.411,80komad,Lupilu,1.59,,,0.02,4056489916475,Proizvodi za kuæanstvo,"1,59"
Bio djeèja kašica laku noæ s grizom,0196261,0.19,190g,Lupilu,0.95,,,5,4056489918219,Hrana,"0,95"
Maramice za èišæenje lica SK2,0197694,0.167,2x25komad,Cien,1.59,,,0.03,4056489916314,Proizvodi za kuæanstvo,"1,59"
High Protein Pizza SK5,0198603,0.367,"354g,379g",Trattoria Alfredo,3.19,,,9.01,4056489754138,Hrana,"3,99"
Milch-Schnitte 5er breskva,0198857,0.14,140g,,1.99,,,14.21,80822158,Hrana,"1,99"
"Radler grejp 2,5% Vol.",0199932,0.5,"0,5l",Perlenbacher,0.95,,,1.9,4304493270053,Piæe,"0,79"
Kruh od cjelovitog zrna,0199935,0.5,500g,Tastino,1.89,,,3.78,4056489954774,Hrana,"1,69"
Kizakura sake,0200028,0.18,"0,18l",,2.93,,,16.28,4901410013597,Piæe,"2,93"
Veganska pizza Margherita,0201995,0.34,340g,Vemondo,1.59,,,4.68,4056489988137,Hrana,"1,79"
Bou.MarsMil.SnickerTwiMin SK5,0203889,0.227,227g,,3.99,,,17.58,5000159560696,Hrana,"3,59"
Punjeni krumpiriæi SK2,0204922,0.28,280g,MCENNEDY,3.99,,,14.25,4335619012905,Hrana,Nije_bilo_u_prodaji_02.05.2025
Punjeni krumpiriæi SK2,0204922,0.28,280g,MCENNEDY,3.99,,,14.25,4335619012912,Hrana,Nije_bilo_u_prodaji_02.05.2025
Beauty Shot Collagen,0204923,0.155,150ml,Solevita,0.69,,,4.6,4304493269798,Hrana,"0,89"
Svježi sok od jabuke 100% XXL,0205129,1.568,"1,5l",Solevita,2.79,,,1.86,4304493270084,Hrana,"2,69"
XXL Zaèin za salatu u limenci SK1,0205405,0.154,"140g,155g,160g,165g",Kania,2.39,,,14.94,4335619015227,Hrana,"2,99"
XXL Zaèin za salatu u limenci SK1,0205405,0.154,"140g,155g,160g,165g",Kania,2.39,,,14.48,4335619015227,Hrana,"2,99"
Chow Mein rezanci XXL,0205523,0.5,500g,Vitasia,1.99,,,3.98,4335619015487,Hrana,Nije_bilo_u_prodaji_02.05.2025
Ledena kava SK21,0205565,0.261,250ml,Milbona,0.95,,,3.8,20682873,Hrana,"0,67"
Šampon protiv prhuti SK2,0206574,0.411,400ml,Cien,1.59,,,3.98,4056489827184,Kozmetika,"1,59"
Šampon za kosu SK6,0206652,0.412,400ml,Cien,1.99,,,4.98,4056489994268,Kozmetika,"1,99"
Regenerator za kosu SK7,0206654,0.321,330ml,Cien,2.29,,,6.94,4056489994299,Kozmetika,"2,29"
Californien Zinfandel rosé ,0206816,0.75,"0,75l",Cimarosa,3.49,,,4.65,4335619013704,Piæe,"3,49"
Sprizz 5% Vol.,0206961,0.246,"0,25l",-,0.99,,,3.96,4304493270183,Piæe,"0,99"
Voæni mousse XXL SK5,5550523,0.2,200g,Freshona,0.99,,,4.95,4056489584421,Hrana,"0,99"
Veganska kobasica,5552100,0.2,200g,Vemondo,2.99,,,14.95,4056489716754,Hrana,"2,99"
Mlij. èok. kik. i grožð./draže SK2,5553479,0.1,100g,,1.09,,,10.9,5904358566629,Hrana,"1,19"
Trièetvrtmasni maslac,5553952,0.2,200g,Pilos,1.85,,,9.25,5904951006034,Hrana,"1,79"
"Gel za tuširanje, SK2",5554705,1.025,1l,Cien,1.59,,,1.59,4056489783718,Kozmetika,"1,89"
Gotovo jelo SK2,5555400,0.4,400g,Kuljanka,2.19,,,5.48,4056489784708,Hrana,"2,19"
Topljeni sir u listiæima SK1,5557931,0.25,250g,Pilos,1.99,,,7.96,5901126014115,Hrana,"1,99"
"Gel za tuširanje XXL za muš., SK2",5559508,1,1000ml,Cien,1.59,,,1.59,4056489878711,Kozmetika,"1,59"
Jogurt na grèki naèin,5560826,1,1kg,Pilos,3.19,,,3.19,5900969002495,Hrana,Nije_bilo_u_prodaji_02.05.2025
Piæe od više vrsta voæa SK1,5561128,0.411,"0,4l",Solevita,1.19,,,2.98,4335619008267,Piæe,"0,99"
Pereci srcoliki,5563649,0.2,200g,Für Dich,0.79,,,3.95,4335619006829,Hrana,Nije_bilo_u_prodaji_02.05.2025
Kava 3u1 s okusima SK1,5565763,0.17,10x17g,Bellarom,1.69,,,9.94,4335619035072,Piæe,Nije_bilo_u_prodaji_02.05.2025
Good Food Vafli od riže SK1,5566003,0.1,100g,,0.79,,,7.9,5900125000594,Hrana,"0,79"
Deterdžent za posuðe SK1,5568840,1.538,"1,5l",W5,1.59,,,1.06,4335619095106,Sredstva za èišæenje,Nije_bilo_u_prodaji_02.05.2025
Voæni sapun SK2,5568852,0.09,90g,Cien,0.35,,,3.89,4335619189515,Kozmetika,"0,35"
"Micelarna voda, tonik za lice SK2",5572059,0.404,400ml,Cien,2.65,,,6.63,4335619191259,Kozmetika,Nije_bilo_u_prodaji_02.05.2025
Cappuccino Sticks SK1,5582298,0.156,"10x14,2g, 10x17g",Bellarom,1.69,,,11.9,4056489618751,Piæe,Nije_bilo_u_prodaji_02.05.2025
Latte Sticks SK1,5582302,0.166,"8x18,5g, 8x23g",Bellarom,1.69,,,11.42,4056489686170,Piæe,Nije_bilo_u_prodaji_02.05.2025
Latte Sticks SK1,5582302,0.166,"8x18,5g, 8x23g",Bellarom,1.69,,,9.18,4056489686170,Piæe,Nije_bilo_u_prodaji_02.05.2025
Flammkuchen,5601582,0.35,350g,Chef Select,3.29,,,9.4,20085018,Hrana,Nije_bilo_u_prodaji_02.05.2025
Gotova jela s tjesteninom SK51,0013144,0.75,750g,Chef Select,4.99,,,6.65,4335619084926,Hrana,Nije_bilo_u_prodaji_02.05.2025
Kikiriki u tijestu,0013257,0.2,200g,Alesto,1.59,,,7.95,20005702,Hrana,"1,59"
Handcooked chips SK2,6903902,0.125,125g,Snack Day,1.29,,,10.32,20251635,Hrana,"1,29"
Aquafresh djeèja pasta za zube SK2,6903927,0.05,50ml,,2.89,,,57.8,5908311862049,Kozmetika,"2,59"
Sljeme Èajna pašteta u ovitku,6903931,0.1,100g,,0.89,,,8.9,3850139230109,Hrana,"0,89"
Pasta za zube Triple action,6903953,0.154,100ml,,2.69,,,26.9,7891024132074,Kozmetika,"2,69"
Eva Tuna salata Kus Kus,6903961,0.16,160g,,1.99,,,12.44,3856020217730,Hrana,"1,99"
Uljni gel za tuširanje SK3,6903972,0.26,250ml,Cien,1.95,,,7.8,4056489073741,Kozmetika,"1,95"
Nestlé NAN 2,6904055,0.8,800g,,19.49,,,24.36,7613034089984,Hrana,"19,49"
Ferrero Nutellino namaz,6904067,0.03,30g,,0.79,,,0.79,80768937,Hrana,"0,79"
"Kiseli kupus glavica, cca. 1kg",6904118,1,ca 1kg,Okusi zavièaja,1.99,,,1.99,2143900013027,Hrana,"1,79"
"Kiseli kupus glavica, cca. 1kg",6904118,1,ca 1kg,Okusi zavièaja,1.99,,,1.99,2891890000000,Hrana,"1,79"
The Natural Krema za lice SK1,6904123,0.05,50ml,,5.19,,,103.8,3859893507137,Kozmetika,"5,19"
Spritz-Bitter ,0170882,1.512,1komad,-,12.99,,,17320,4056489559238,Piæe,"13,39"
Omekšivaè 80 pranja SK2,0170888,1.998,2l,Doussy,2.99,,,0.04,4056489982975,Sredstva za èišæenje,"2,99"
Omekšivaè 80 pranja SK2,0170888,1.998,2l,Doussy,2.99,,,0.04,4056489982999,Sredstva za èišæenje,"2,99"
Voæni jogurt 14% SK18,0171402,0.15,150g,Vitasia,0.69,,,4.6,4056489570622,Hrana,"0,69"
Poklon set lak za nokte,0171702,0.066,3komad,Cien,1.99,,,1.99,4056489572688,Kozmetika,"1,99"
Poklon set lak za nokte,0171702,0.066,3komad,Cien,1.99,,,1.99,4056489572701,Kozmetika,"1,99"
Tek. det. za pranje osj. rublja SK7,0172545,1.521,"1,5l",Formil,3.75,,,2.5,4056489441694,Sredstva za èišæenje,"3,75"
Štapiæi za pse,0173483,0.72,4x180g,Orlando,3.69,,,5.13,4056489601258,Proizvodi za kuæanstvo,"3,09"
Punjeni vafli SK1,7407754,0.32,4x80g,Confiserie Firenze,3.69,,,11.53,4056489569206,Hrana,"3,39"
Mini Muffins SK2,7409394,0.225,225g,MCENNEDY,2.39,,,10.62,4056489986546,Hrana,Nije_bilo_u_prodaji_02.05.2025
Mješavina pahuljica,7500874,0.5,500g,Crownfield,0.75,,,1.5,20837082,Hrana,"0,75"
Namaz od povræa SK1,7503072,0.115,115g,Vemondo,1.09,,,9.48,4056489067733,Hrana,"1,09"
Grill tofu SK3,7504328,0.18,180g,Grillmeister,0.99,,,5.5,4056489068846,Hrana,"0,87"
Protein Quark s okusom SK4,7504701,0.15,150g,Milbona,0.99,,,6.6,4056489069218,Hrana,Nije_bilo_u_prodaji_02.05.2025
Protein Quark s okusom SK4,7504701,0.15,150g,Milbona,0.99,,,6.6,4056489069232,Hrana,Nije_bilo_u_prodaji_02.05.2025
Èaj od ðumbira SK2,7505446,0.05,"49,5g",Lord Nelson,1.39,,,1.39,4056489332565,Piæe,"1,39"
Proteinska ploèica 35% SK1,7508189,0.08,80g,Optisana,1.29,,,16.13,4056489529101,Hrana,Nije_bilo_u_prodaji_02.05.2025
Proteinska ploèica 35% SK1,7508189,0.08,80g,Optisana,1.29,,,16.13,4056489529118,Hrana,Nije_bilo_u_prodaji_02.05.2025
Tofu XXL SK1,7509037,0.36,2x180g,Vemondo,1.79,,,4.97,4056489529743,Hrana,"1,69"
Premium punjene datulje SK1,7511270,0.1,100g,Deluxe,3.99,,,39.9,4056489855927,Hrana,"3,99"
Prutiæi od svježeg sira,7600000,0.04,40g,Pilos,0.39,,,0.39,20720261,Hrana,"0,59"
"Džiugas tvrdi sir, cca. 1kg",7604195,1,ca. 1kg,,9.89,,,9.89,2145202000000,Hrana,"9,89"
Štapiæi od Cheddar sira,7608499,0.08,80g,,1.49,,,18.63,4770299401111,Hrana,"1,49"
Knedle na bavarski naèin SK2,7700378,0.4,400g,Alpenfest,2.79,,,6.98,20249533,Hrana,"2,19"
Viljamovka 40% Vol.,7700911,0.667,"0,7l",Zünftler,12.99,,,18.56,4304493258259,Piæe,"12,49"
Tortelloni/Njoki od krumpira SK7,7701351,0.348,"250g,500g",Combino,1.19,,,4.76,20830991,Hrana,"1,19"
Sirup jabuka,6904697,1.12,1l,Solevita,,1.75,2.49,1.75,4304493259379,Piæe,"2,19"
Sirup borovnica,6904700,1.12,1l,Solevita,,1.75,2.49,1.75,4304493259409,Piæe,"2,19"
Èips rebrasti slani,6904743,0.25,250g,Snack Day,1.69,,,6.76,4056489316138,Hrana,"1,59"
Toaletni papir 3-sloja 16x150 list.,6904746,1.52,16komad,Floralys,3.25,,,0.2,3838952028165,Toaletne potrepštine,"3,25"
Kompot od šljive (OM 340g),6904756,0.68,720ml,Okusi zavièaja,1.29,,,3.79,4056489316152,Hrana,"1,29"
BO Pizza trokut sir-šunka,6904765,0.15,150g,,1.39,,,9.27,5999006980391,Hrana,"1,39"
Omekšivaè Blue Legend,6904767,3.992,4l,Doussy,2.99,,,0.75,4056489074533,Sredstva za èišæenje,"2,99"
Hig. štapiæi za uši papirnati ,6904782,0.11,300komad,Cien,0.89,,,0,4056489075172,Toaletne potrepštine,"1,05"
Fileti jadran. inæuna u masli.ulju,6904797,0.1,100g,Okusi zavièaja,2.19,,,21.9,4056489316213,Hrana,"2,39"
"Kefir 3,5% XXL",6904860,1.5,"1,5kg",Pilos,1.89,,,1.26,4056489316305,Hrana,"1,89"
"Kefir 3,5% XXL",6904860,1.5,"1,5kg",Pilos,1.89,,,1.26,4056489316862,Hrana,"1,89"
Dekorativna/Saten mašna SK1,6908954,0.001,1komad,,1.69,,,1.69,3856023025011,Proizvodi za kuæanstvo,"1,69"
"Jaja, razred L, 10kom.",6909000,0.068,10komad,,2.89,,,0.29,3859889820813,Hrana,"2,59"
Proteini.si Oat Cake Banana choc.,6909022,0.06,60g,,0.95,,,15.83,3830084724069,Hrana,"0,99"
"Salvete 2-slojne, više boja SK1",6909111,0.166,50Blatt,Floralys,0.99,,,0.99,4335619246201,Toaletne potrepštine,Nije_bilo_u_prodaji_02.05.2025
Shake Mirisni štapiæi s difuz. SK1,6909174,0.225,1komad,,4.99,,,4.99,3858892142646,Sredstva za èišæenje,"4,99"
Svježi jadranski brancin oèišæeni,6909204,0.72,720g,Naša ribarnica,,8.99,12.49,12.49,4056489926610,Hrana,"10,99"
Bebimil Hrana za dojenèad 3,6909236,0.5,500g,,8.49,,,16.98,9007253104920,Hrana,"8,49"
Raid ljepljive trake protiv muha,6909244,0.054,4komad,,2.75,,,2.75,4000290001608,Proizvodi za kuæanstvo,"2,75"
Èileanske suhe šljive bez koštica,5508657,0.2,200g,Alesto,1.49,,,7.45,20859954,Hrana,"1,49"
Svinjske hrenovke XXL,5508889,1,1kg,Kuljanka,6.59,,,6.59,20901769,Hrana,"6,59"
Adventski kalendar,5512509,0.075,75g,,1.09,,,14.53,4048912135102,Hrana,"1,09"
Aranžmani SK3,6908586,1.25,1komad,,24.99,,,24.99,3858892741337,Proizvodi za kuæanstvo,"24,99"
Mr. Brownie Blondie sa belg. èoko.,6908601,0.2,200g,,2.59,,,12.95,8411037892308,Hrana,"2,59"
Mr. Brownie Brownie sa belg. èoko.,6908602,0.2,200g,,2.59,,,12.95,8411037800037,Hrana,"2,59"
Boom Box Zobeni napitak Barista,6908608,1,1l,,2.89,,,2.89,3858890478778,Hrana,"2,49"
Johnnie Walker Bl. L. Wh. + 2 èaše,6908626,0.7,"0,7l",,28.99,,,41.41,5000267196626,Piæe,"22,99"
Ekos Mini kremšnite,6908636,0.27,270g,,3.39,,,12.56,3858889619243,Hrana,"2,89"
Peèeni but narezak,6908657,0.2,200g,Okusi zavièaja,2.99,,,14.95,4056489926382,Hrana,Nije_bilo_u_prodaji_02.05.2025
Svj. filet dom. dužièaste pastrve,6908664,0.4,400g,Naša ribarnica,5.99,,,14.98,4056489926412,Hrana,"7,99"
Voli Voli Suha hrana za pse govedin,6908666,9,3kg,,3.39,,,1130,3859893822513,Proizvodi za kuæanstvo,Nije_bilo_u_prodaji_02.05.2025
Ira Buket Ruža/Hortenzija SK2,6908700,0.01,1komad,,4.99,,,4.99,3856023052369,Proizvodi za kuæanstvo,Nije_bilo_u_prodaji_02.05.2025
Faks Deterdžent za rublje lavanda,6908749,4.875,4.875kg,,12.99,,,2.66,3850105179654,Sredstva za èišæenje,Nije_bilo_u_prodaji_02.05.2025
Ira Buket Krizantema/Gerber SK2,6908752,0.04,1komad,,2.99,,,2.99,3856023043268,Proizvodi za kuæanstvo,Nije_bilo_u_prodaji_02.05.2025
Ferrero Rocher Premium bijela èoko.,6908883,0.09,90g,,1.99,,,22.11,8000500359884,Hrana,"1,79"
Tic Tac 100 komada SK1,6908888,0.054,54g,,1.89,,,35,8000500428702,Hrana,"1,99"
Tek. det.za pranje rublja SK2 44pr.,0217088,2.288,"2,2l",-,3.99,,,1.81,4056489997900,Sredstva za èišæenje,"3,99"
Punjene praline s kremom od karam.,0217428,0.2,200g,Favorina,3.08,,,15.4,4335619111974,Hrana,"3,08"
Pjena za èišæenje lica SK1,0217980,0.209,200ml,Cien,2.39,,,11.95,4335619113589,Kozmetika,"2,99"
Kapsule za kavu lješnjak,0219421,0.055,55g,Bellarom,2.19,,,39.82,4335619128941,Piæe,Nije_bilo_u_prodaji_02.05.2025
Piramida kozjeg krem ??sira SK2,0219555,0.15,150g,Deluxe,1.99,,,13.27,4335619195516,Hrana,"1,99"
Tortelloni XXL SK8,0219620,0.5,500g,Chef Select,2.35,,,4.7,20488444,Hrana,"2,35"
Miris za perilicu posuða 3x4ml SK2,0219681,0.012,3x4ml,W5,1.39,,,115.83,4335619129894,Sredstva za èišæenje,"1,39"
"Hrana za pse, govedina",0220155,1.25,1250g,Bellosan,1.59,,,1.27,4335619134799,Proizvodi za kuæanstvo,"1,59"
Uskršnje èokoladice u mreži,0220747,0.07,70g,Favorina,0.99,,,14.14,4335619136847,Hrana,Nije_bilo_u_prodaji_02.05.2025
Veganski puding SK1,0221396,0.2,200g,Vemondo,1.29,,,6.45,4335619149564,Hrana,Nije_bilo_u_prodaji_02.05.2025
Ginato Clem. Or&Neb Grape Ita.Gin,0221691,0.57,"0,7l",,13.99,,,19.99,5060434132093,Piæe,"13,99"
Mediteranska predjela SK2,0224178,0.403,"410g,390g",Let's have a party!,4.99,,,12.17,20337537,Hrana,"4,59"
Vafel rolice SK7,0224327,0.4,400g,MCENNEDY,3.99,,,9.98,4335619173231,Hrana,Nije_bilo_u_prodaji_02.05.2025
Salata od tune SK11,0224802,0.22,220g,Nixe,2.59,,,11.77,4335619175273,Hrana,"2,27"
Salata od tune SK11,0224802,0.22,220g,Nixe,2.59,,,11.77,4335619195257,Hrana,"2,27"
Sladoled bez šeæera,0225699,0.29,500ml,Gelatelli,3.49,,,6.98,4335619195172,Hrana,Nije_bilo_u_prodaji_02.05.2025
Miješani morski plodovi,5901082,0.8,800g,Deluxe,13.99,,,17.49,20656249,Hrana,"11,89"
BO Croissant Brioche,5902901,0.1,100g,,1.19,,,11.9,20765255,Hrana,"1,19"
Vrganji,6000066,0.3,300g,Deluxe,3.39,,,11.3,20341299,Hrana,"3,39"
Svježi tortelloni SK4,6000079,0.25,250g,Deluxe,1.69,,,6.76,20284510,Hrana,"1,69"
Le Sfoglie lisnati keksi,6000123,0.225,225g,Italiamo,1.89,,,8.4,20166168,Hrana,"1,79"
Svježe punjena tjestenina SK6,6000209,0.25,250g,Chef Select,1.49,,,5.96,20284527,Hrana,"1,49"
Croissant s èokoladnom kremom,6000213,0.5,500g,Confiserie Firenze,2.99,,,5.98,20254094,Hrana,"2,99"
Svježi tortelloni SK8,6000250,0.25,250g,Deluxe,1.35,,,5.4,20329204,Hrana,"1,35"
Svježi tortelloni SK8,6000250,0.25,250g,Deluxe,1.35,,,5.4,4056489042433,Hrana,"1,35"
Kukuruzni snack,1001523,0.1,100g,Mister Choc,2.15,,,21.5,4335619266605,Hrana,Nije_bilo_u_prodaji_02.05.2025
Falafel,1001682,0.2,200g,Vemondo,1.99,,,9.95,4335619295087,Hrana,Nije_bilo_u_prodaji_02.05.2025
Keks s maslacem,1002372,0.25,250g,Favorina,1.75,,,7,4335619274976,Hrana,Nije_bilo_u_prodaji_02.05.2025
Lak za nokte SK19,1002964,0.011,11ml,Cien Beauty,0.99,,,0.99,4335619149205,Kozmetika,Nije_bilo_u_prodaji_02.05.2025
Deterdžent za posuðe SK4,1003287,2.044,2l,W5,2.69,,,1.35,4056489988199,Sredstva za èišæenje,Nije_bilo_u_prodaji_02.05.2025
Mirisna svijeæa u èaši,1003560,0.411,411g,Livarno,5.99,,,5.99,4335619288850,Proizvodi za kuæanstvo,Nije_bilo_u_prodaji_02.05.2025
Mirisna svijeæa u èaši,1003560,0.411,411g,Livarno,5.99,,,5.99,4335619288867,Proizvodi za kuæanstvo,Nije_bilo_u_prodaji_02.05.2025
Mirisne luèice SK1,1003574,0.432,36komad,Livarno,2.99,,,0.08,4335619289666,Proizvodi za kuæanstvo,Nije_bilo_u_prodaji_02.05.2025
Vege. indijsko gotovo jelo SK1,1003872,0.4,400g,Vitasia,2.79,,,6.98,4335619167407,Hrana,Nije_bilo_u_prodaji_02.05.2025
Kukuruzni krekeri SK1,1006126,0,450g,MCENNEDY,3.59,,,7.98,4335619201118,Hrana,Nije_bilo_u_prodaji_02.05.2025
Termo vreæica,1007522,0.111,1komad,-,0.89,,,0.89,4335619326729,Proizvodi za kuæanstvo,Nije_bilo_u_prodaji_02.05.2025
Voda s okusom SK3,1008386,0.51,500ml,Sportyfeel,1.89,,,3.78,4304493272095,Piæe,Nije_bilo_u_prodaji_02.05.2025
Voda s okusom SK3,1008386,0.51,500ml,Sportyfeel,1.89,,,3.78,4304493272101,Piæe,Nije_bilo_u_prodaji_02.05.2025
Ritter Sport Èok. s oraš. plo. SK2,1009479,0.1,100g,,2.49,,,24.9,4000417703002,Hrana,Nije_bilo_u_prodaji_02.05.2025
Hrana za maèke SK1,1010427,1.6,16x100g,Coshida,5.49,,,3.43,4335619311473,Proizvodi za kuæanstvo,Nije_bilo_u_prodaji_02.05.2025
Hrana za pse SK1,1010430,1.65,11x150g,Orlando,5.29,,,3.21,4335619311442,Proizvodi za kuæanstvo,Nije_bilo_u_prodaji_02.05.2025
Mokra hrana za pse SK1,1011226,2.7,9x300g,Orlando,6.99,,,2.59,4335619288966,Proizvodi za kuæanstvo,Nije_bilo_u_prodaji_02.05.2025
"Dimljeni losos, 150g",1012240,0.15,150g,,4.99,,,33.27,4335619358119,Hrana,Nije_bilo_u_prodaji_02.05.2025
Haringa u marinadi SK2,1012251,0.5,500g,Nautica,2.68,,,5.36,4056489618157,Hrana,Nije_bilo_u_prodaji_02.05.2025
Èokoladni mousse SK1,1013924,0.4,400g,Deluxe,4.59,,,11.48,20506421,Hrana,Nije_bilo_u_prodaji_02.05.2025
Cheesecake SK2,1013942,0.16,2x80g,Deluxe,3.18,,,19.88,4056489133667,Hrana,Nije_bilo_u_prodaji_02.05.2025
Boom Box Smoothie jab.ban.mal.kup.,6909266,0.2,200g,,1.89,,,9.45,3856027802021,Hrana,"1,69"
Hohes C Voæni sok 100% Red Multi,6909278,1,1l,,1.95,,,1.95,5998815124224,Piæe,Nije_bilo_u_prodaji_02.05.2025
Hohes C Voæni sok 100% Multivitami,6909279,1,1l,,1.95,,,1.95,5998815159127,Piæe,Nije_bilo_u_prodaji_02.05.2025
Nivea Men Losion poslije brij. SK1,6909304,0.1,100ml,,7.59,,,75.9,4005808228706,Kozmetika,Nije_bilo_u_prodaji_02.05.2025
Nivea Men Losion poslije brij. SK1,6909304,0.1,100ml,,7.59,,,75.9,9005800313252,Kozmetika,Nije_bilo_u_prodaji_02.05.2025
"Toaletni papir, 2sl.",6909315,1.35,20x170Blatt,Floralys,3.99,,,0.2,4335619246560,Toaletne potrepštine,Nije_bilo_u_prodaji_02.05.2025
Malvasia Rubicone,6909334,1,1l,,4.99,,,4.99,3857500162021,Piæe,Nije_bilo_u_prodaji_02.05.2025
Dove Gel za tuširanje SK1,6909364,0.4,400ml,,4.29,,,10.73,8720181313448,Kozmetika,Nije_bilo_u_prodaji_02.05.2025
Dove Gel za tuširanje SK1,6909369,0.45,450ml,,4.29,,,9.53,8720181471599,Kozmetika,Nije_bilo_u_prodaji_02.05.2025
Sudocrem,6909384,0.125,125g,,8.25,,,66,3850114243674,Kozmetika,Nije_bilo_u_prodaji_02.05.2025
Pavloviæ Aranžman SK1,6909387,0.615,1komad,,9.99,,,9.99,3859889398343,Proizvodi za kuæanstvo,Nije_bilo_u_prodaji_02.05.2025
Meggle Zrnati sir natur,6909402,0.18,180g,,1.29,,,7.17,8594007096033,Hrana,Nije_bilo_u_prodaji_02.05.2025
Nestea šumsko voæe,6909452,1.5,1.5l,,1.45,,,0.97,5900334017970,Piæe,Nije_bilo_u_prodaji_02.05.2025
Delicia Pasta Penne Rigate,6909480,0.5,500g,,0.49,,,0.98,6221022000104,Hrana,Nije_bilo_u_prodaji_02.05.2025
Nestlé Nescafe 2u1/3u1,0005074,0.137,"80g, 140g, 155g",,2.99,,,21.36,7613032868505,Piæe,"2,99"
Nestlé Nescafe 2u1/3u1,0005074,0.137,"80g, 140g, 155g",,2.99,,,19.29,7613032868505,Piæe,"2,99"
Nestlé Nescafe 2u1/3u1,0005074,0.137,"80g, 140g, 155g",,2.99,,,19.29,7613033866357,Piæe,"2,99"
Nestlé Nescafe 2u1/3u1,0005074,0.137,"80g, 140g, 155g",,2.99,,,19.29,7613034025333,Piæe,"2,99"
Nestlé Nescafe 2u1/3u1,0005074,0.137,"80g, 140g, 155g",,2.99,,,19.29,7613036842365,Piæe,"2,99"
Nestlé Nescafe 2u1/3u1,0005074,0.137,"80g, 140g, 155g",,2.99,,,37.38,7613036844475,Piæe,"2,99"
Nestlé Nescafe 2u1/3u1,0005074,0.137,"80g, 140g, 155g",,2.99,,,19.29,7613036844475,Piæe,"2,99"
"BO Kruh s krumpirom, 400g",0005083,0.4,400g,,1.15,,,2.88,3859890733584,Hrana,"1,15"
Lokum SK7,6200065,0.4,400g,Eridanous,1.99,,,4.98,4056489466239,Hrana,"1,99"
Tzatziki,6200076,0.25,250g,Eridanous,1.59,,,6.36,20258702,Hrana,"1,49"
Pasta od maslina SK3,6200222,0.18,212ml,Eridanous,1.09,,,5.14,4056489126294,Hrana,"1,09"
Halva s pistacijom,6200382,0.25,250g,Eridanous,2.49,,,9.96,4056489906063,Hrana,Nije_bilo_u_prodaji_02.05.2025
Kremasti grèki jogurt SK1,6202953,1,1kg,Eridanous,2.95,,,2.95,20211172,Hrana,"3,19"
Pržene sjemenke bundeve,6206537,0.2,200g,Eridanous,1.79,,,8.95,4056489125730,Hrana,Nije_bilo_u_prodaji_02.05.2025
Pita kruh,6206570,0.65,650g,Eridanous,2.39,,,3.68,4056489380900,Hrana,"2,39"
Feta sir u marinadi,6207924,0.2,200g,Eridanous,4.49,,,22.45,4056489264873,Hrana,"4,49"
Feta sir u marinadi,6207924,0.2,200g,Eridanous,4.49,,,22.45,4056489264880,Hrana,"4,49"
"BO Lovaèki kruh SUS, 400g",0004863,0.4,400g,,1.05,,,2.63,3859890755159,Hrana,"1,05"
"Dalmatinska peèenica, narezak",0004870,0.1,100g,Okusi zavièaja,2.29,,,22.9,20539252,Hrana,"2,29"
"Dalmatinska panceta, narezak",0004871,0.1,100g,Okusi zavièaja,2.25,,,22.5,20539269,Hrana,"2,25"
"Dalmatinska panceta, narezak",0004871,0.1,100g,Okusi zavièaja,2.25,,,22.5,4056489612391,Hrana,"2,25"
Kiselo vrhnje 20% m.m.,0004896,0.4,400g,Pilos,1.65,,,4.13,20538743,Hrana,"1,65"
Knorr Umaci SK1,0004901,0.336,750ml,,1.49,,,0.75,4000400117700,Hrana,"1,49"
Knorr Umaci SK1,0004901,0.336,750ml,,1.49,,,0.5,4038700117021,Hrana,"1,49"
Knorr Umaci SK1,0004901,0.336,750ml,,1.49,,,0.75,8714100790281,Hrana,"1,49"
Knorr Umaci SK1,0004901,0.336,750ml,,1.49,,,0.5,8714100790298,Hrana,"1,49"
Knorr Umaci SK1,0004901,0.336,750ml,,1.49,,,0.75,8720182078889,Hrana,"1,49"
Gel za poslije sunèanja Aloe Vera,0024987,0.254,250ml,Cien Sun,2.49,,,9.96,4056489368380,Kozmetika,"2,49"
Losion za sunèanje sensitive ZF50,0025002,0.15,150ml,Cien Sun,4.99,,,33.27,4056489368779,Kozmetika,"4,99"
Uskršnje èokoladne figure SK3,0025220,0.1,100g,Favorina,1.79,,,17.9,20627058,Hrana,"1,79"
Francuski Camembert,0025288,0.25,250g,Milbona,2.99,,,11.96,20127107,Hrana,"2,99"
Potpuna hrana za pse SK21,0025323,1.24,1240g,Orlando,1.89,,,1.52,4056489142348,Proizvodi za kuæanstvo,"1,89"
Kremasti sapun SK4,0025359,0.15,150g,Cien,0.79,,,5.27,20229795,Kozmetika,"0,79"
"Krušovice Pivo 4,2%",6905096,2,"4x0,5l",,5.61,,,2.81,8594009922699,Piæe,"5,61"
Lino Pillows Milk,6905116,0.5,500g,,4.99,,,9.98,3850104263613,Hrana,"4,99"
Meri Merino det. Col. 75pranj.,6905163,4.613,"4,5l",,5.99,,,1.33,3850111105722,Sredstva za èišæenje,"5,69"
Shake Mirisne granule za ormar SK1,6905239,0.038,1komad,,1.89,,,1.89,3859890779285,Proizvodi za kuæanstvo,"1,89"
Shake Miris za auto SK3,6905246,0.06,1komad,,2.99,,,2.99,3859890779018,Proizvodi za kuæanstvo,"2,99"
PP Orahovica Svježi šaran odrezak,6905274,0.45,450g,,,3.59,5.19,7.98,3858889832239,Hrana,"4,99"
Indomie Instant juha okus piletina,6905279,0.35,5x70g,,2.09,,,5.97,0089686170115,Hrana,"2,09"
"File otkoštenog zabatka, cca. 500g",6905305,1,ca. 500g,Naša mesnica,6.99,,,6.99,2868826000000,Hrana,"6,99"
Proteini.si Zero sirup èokolada,6905324,0.32,320ml,,4.39,,,13.72,3830069175046,Hrana,"4,39"
"Pommes Frites, 3,5kg XXL",0051008,3.5,"3,5kg",Harvest Basket,4.89,,,1.4,20281205,Hrana,"4,89"
Krema za njegu lica SK13,0051058,0.052,50ml,Cien,1.85,,,37,4056489236078,Kozmetika,"1,75"
Krema za njegu lica SK13,0051058,0.052,50ml,Cien,1.85,,,37,4335619111806,Kozmetika,"1,75"
Gouda u listiæima XXL,0051104,1,1000g,Milbona,8.49,,,8.49,4056489805335,Hrana,"8,99"
Razlièiti deserti SK15,0092516,0.475,450g,Deluxe,3.79,,,7.58,4056489193173,Hrana,"3,49"
Razlièiti deserti SK15,0092516,0.475,450g,Deluxe,3.79,,,8.42,4056489571742,Hrana,"3,49"
Razlièiti deserti SK15,0092516,0.475,450g,Deluxe,3.79,,,7.58,4056489571742,Hrana,"3,49"
Šampon za kosu Professional SK1,0092853,0.267,250ml,Cien,2.19,,,8.76,20460853,Kozmetika,"2,19"
Šampon za kosu Professional SK1,0092853,0.267,250ml,Cien,2.19,,,8.76,4056489235057,Kozmetika,"2,19"
Regenerator za kosu SK1 ,0092854,0.2,200ml,Cien,1.99,,,9.95,4056489235071,Kozmetika,"2,19"
Tuna fileti u sunc. ulju (ATG 650g),0092952,0.9,900g,Nixe,7.99,,,12.29,20461331,Hrana,"7,99"
Talijanski pesto SK6,0092972,0.19,190g,Deluxe,1.69,,,8.89,20482282,Hrana,"2,29"
Talijanski pesto sort. SK2,0092973,0.19,190g,Deluxe,1.79,,,9.42,20621421,Hrana,"1,69"
Kinder Djed Božiænjak,0009469,0.75,75g,,2.75,,,36.67,4008400510125,Hrana,Nije_bilo_u_prodaji_02.05.2025
Old Spice Gel za tuširanje,0009584,0.421,400ml,,3.85,,,9.63,4084500978973,Kozmetika,"3,85"
Umak na azijski naèin SK4,6600131,0.25,250ml,Vitasia,1.99,,,7.96,20121440,Hrana,"1,99"
Amerièki sladoled SK16,6601570,0.43,"485ml,500ml",Gelatelli,3.89,,,7.78,20396169,Hrana,"3,99"
Amerièki sladoled SK16,6601570,0.43,"485ml,500ml",Gelatelli,3.89,,,7.78,20396183,Hrana,"3,99"
Tradicionalni meki karamel SK2,6603272,0.35,350g,Hatherwood,2.99,,,8.54,20305611,Hrana,"2,99"
Soft cookies SK1,6605177,0.225,225g,MCENNEDY,2.59,,,11.51,20978037,Hrana,"2,59"
UFO Keksi,6608053,0.185,185g,Sondey,2.25,,,12.16,4056489340256,Hrana,"2,39"
Hrskavi muesli SK1,6700459,0.35,350g,Crownfield,1.75,,,5,20310615,Hrana,"2,05"
Franck Cappuccino SK2,6902087,0.143,"112g,144g,160g",,2.59,,,17.99,3858881088337,Piæe,"2,95"
Široki rezanci s jajima,6902115,0.4,400g,Okusi zavièaja,1.39,,,3.48,4056489317111,Hrana,"1,29"
"Kraš Tortica, èokoladna",6902161,0.025,25g,,0.55,,,0.55,3850102320011,Hrana,"0,55"
Kraš Griotte,6902165,0.204,204g,,6.59,,,32.3,3850102125821,Hrana,"5,49"
Kraš Ki-Ki voæna karamela ,6902166,0.1,100g,,1.29,,,12.9,3850102516704,Hrana,"1,29"
"Filet osliæa, Hubbsi",6902168,0.5,500g,Ocean Sea,4.79,,,9.58,20781064,Hrana,"4,79"
Jameson Irish Whisky 40 %,6902183,0.7,"0,7l",,23.99,,,34.27,5011007003005,Piæe,"22,99"
BO Beskvasni kruh sa sjemenkama,6909522,0.4,400g,,1.59,,,3.98,3858884927213,Hrana,Nije_bilo_u_prodaji_02.05.2025
Buket Božur SK1,6909540,0.04,1komad,,2.99,,,2.99,3856023043190,Proizvodi za kuæanstvo,Nije_bilo_u_prodaji_02.05.2025
Ira Grana Dekorativna 62 cm SK1,6909551,0.043,1komad,,2.99,,,2.99,3856023052802,Proizvodi za kuæanstvo,Nije_bilo_u_prodaji_02.05.2025
Ira Buket Dalia 31 cm SK1,6909555,0.045,1komad,,2.99,,,2.99,3856023052932,Proizvodi za kuæanstvo,Nije_bilo_u_prodaji_02.05.2025
Ira Mix cvijeæa u cem. posudi SK1,6909562,0.89,1komad,,19.99,,,19.99,3856023057425,Proizvodi za kuæanstvo,Nije_bilo_u_prodaji_02.05.2025
Ira Vodootporni aranžman SK1,6909588,0.7,1komad,,18.99,,,18.99,3856023057739,Proizvodi za kuæanstvo,Nije_bilo_u_prodaji_02.05.2025
PIK Kulen salama narezak,6909635,0.8,100g,,2.19,,,21.9,3850139012132,Hrana,Nije_bilo_u_prodaji_02.05.2025
Ekos green Kiseli kupus glavica,6909637,1,"ca. 1,5kg",,1.99,,,1.99,2133704028181,Hrana,Nije_bilo_u_prodaji_02.05.2025
Perla Salata od hobotnice,6909664,0,210g,,5.99,,,28.52,3858892089187,Hrana,Nije_bilo_u_prodaji_02.05.2025
Pivac Okrajci hamburger slanine,6909668,1,cca. 800g,,3.99,,,3.99,2105234000000,Hrana,Nije_bilo_u_prodaji_02.05.2025
Pivac Okrajci hamburger slanine,6909668,1,cca. 800g,,3.99,,,3.99,2846917000000,Hrana,Nije_bilo_u_prodaji_02.05.2025
"Svježa grdobina, oèišæena, cca.500g",6909671,1,cca. 500g,Naša ribarnica,13.99,,,13.99,2846543000000,Hrana,Nije_bilo_u_prodaji_02.05.2025
"Svježa grdobina, oèišæena, cca.500g",6909671,1,cca. 500g,Naša ribarnica,13.99,,,13.99,2846547000000,Hrana,Nije_bilo_u_prodaji_02.05.2025
Ekos Cheesecake,6909677,0.32,320g,,5.99,,,18.72,3858885860175,Hrana,Nije_bilo_u_prodaji_02.05.2025
Puding od vanilije sa šlagom,6909712,0.175,175g,,0.39,,,2.23,3858883520279,Hrana,Nije_bilo_u_prodaji_02.05.2025
Indomie Instant juha okus spec.,6909719,0.75,10x70g,,2.89,,,4.13,3858889367557,Hrana,Nije_bilo_u_prodaji_02.05.2025
Svinjski but b.k. komad,6909726,1,"cca. 7,5 kg",Naša mesnica,2.99,,,2.99,2846582000000,Hrana,Nije_bilo_u_prodaji_02.05.2025
Svinjski but b.k. komad,6909726,1,"cca. 7,5 kg",Naša mesnica,2.99,,,2.99,2846586000000,Hrana,Nije_bilo_u_prodaji_02.05.2025
z bregov Protein-mlij. nap. vanil.,6909749,0.3,300ml,,1.49,,,4.97,3850108023978,Hrana,Nije_bilo_u_prodaji_02.05.2025
"Èvrsto masno tkivo, cca. 5kg",6909755,1,cca. 5kg,-,2.29,,,2.29,2846675000000,Hrana,Nije_bilo_u_prodaji_02.05.2025
"Èvrsto masno tkivo, cca. 5kg",6909755,1,cca. 5kg,-,2.29,,,2.29,2846679000000,Hrana,Nije_bilo_u_prodaji_02.05.2025
Seitan dimljeni,6909757,0.2,200g,,2.99,,,14.95,3859894407238,Hrana,Nije_bilo_u_prodaji_02.05.2025
Kebab Seitan,6909758,0.2,200g,,2.99,,,14.95,3859894407221,Hrana,Nije_bilo_u_prodaji_02.05.2025
Faks Flüssigwaschmittel Universal,6909764,4.5,"4,5l",,15.99,,,15.99,3850105191366,Sredstva za èišæenje,Nije_bilo_u_prodaji_02.05.2025
Pepsi Zero,6909780,3.15,"2x1,5l",,1.89,,,0.63,8606003341878,Piæe,Nije_bilo_u_prodaji_02.05.2025
BO Domaæi miješani kruh,6909802,0.4,400g,,0.68,,,1.7,3858894930432,Hrana,Nije_bilo_u_prodaji_02.05.2025
Kinder èokolada Maxi Dark&Milk,6909823,0.21,210g,,3.99,,,19,8000500301852,Hrana,Nije_bilo_u_prodaji_02.05.2025
Tradicionalno dimljena peèenica,6909833,1,cca. 400g,Naša mesnica,9.99,,,9.99,2846832000000,Hrana,Nije_bilo_u_prodaji_02.05.2025
Delicato Delicatoball,7008874,0.24,240g,,2.99,,,12.46,7315360061503,Hrana,Nije_bilo_u_prodaji_02.05.2025
Šlag od zobenih pahuljica,7103752,0.255,250ml,Vemondo,1.19,,,4.76,4056489597926,Hrana,"1,19"
Pita SK1,0226407,0.265,"270g,260g",Deluxe,3.09,,,11.88,4335619197718,Hrana,Nije_bilo_u_prodaji_02.05.2025
Sredstvo za èišæenje SK1,0226541,0.767,750ml,W5,1.99,,,2.65,4335619201286,Sredstva za èišæenje,Nije_bilo_u_prodaji_02.05.2025
WC osvježivaè SK1,0227478,0.144,3x48g,W5,2.09,,,14.51,4335619207769,Sredstva za èišæenje,Nije_bilo_u_prodaji_02.05.2025
WC osvježivaè SK3,0227480,0.144,3x48g,W5,2.09,,,14.51,4335619207790,Sredstva za èišæenje,Nije_bilo_u_prodaji_02.05.2025
Osvježivaè za WC SK4,0227481,0.144,3x48g,W5,1.99,,,13.82,4335619227484,Sredstva za èišæenje,Nije_bilo_u_prodaji_02.05.2025
Chicken Nuggets,0227516,0.75,750g,Chef Select,6.99,,,9.32,4335619207967,Hrana,Nije_bilo_u_prodaji_02.05.2025
Mlijeèni namaz okusa Bueno,0227863,0.4,400g,Mister Choc,3.19,,,7.98,4335619215399,Hrana,Nije_bilo_u_prodaji_02.05.2025
Sladoledni specijalitet špageti,0228023,0.243,370ml,Gelatelli,2.59,,,7,4335619215887,Hrana,Nije_bilo_u_prodaji_02.05.2025
GGN/MSC Premium Sushi SK20,0228627,0.178,"168g,178,5g,185g",select & go,4.99,,,27.96,4335619221628,Hrana,"3,79"
GGN/MSC Premium Sushi SK20,0228627,0.178,"168g,178,5g,185g",select & go,4.99,,,29.7,4335619221642,Hrana,"3,79"
Uskršnja jaja za djecu SK1,0117114,0.18,180g,Favorina,2.49,,,13.83,20759551,Hrana,"2,49"
Kikiriki u èokoladi SK1,0117288,0.25,250g,Favorina,2.99,,,11.96,20696757,Hrana,"3,39"
Kikiriki u èokoladi SK1,0117288,0.25,250g,Favorina,2.99,,,11.96,20696764,Hrana,"3,39"
Premium bademi SK2,0117329,0.2,200g,Favorina,2.89,,,14.45,20702564,Hrana,"2,99"
"Parmezan Reggiano, 22 mj. doz.",0117679,0.1,100g,Deluxe,3.79,,,37.9,20702267,Hrana,"2,89"
Djevièansko maslinovo ulje iz Grèke,0117821,0.687,750ml,Deluxe,7.99,,,10.65,20706784,Hrana,"8,99"
WC Gel s aplikatorom SK2,5503572,0.075,75ml,W5,1.99,,,26.53,,Sredstva za èišæenje,"1,99"
Persil Deterdžent 110 pranja,0000147,6.6,"6,6kg",Henkel,23.99,,,3.63,,Sredstva za èišæenje,"23,99"
Hrana za maèke SK3,1012361,0.4,400g,Coshida,1.19,,,2.98,,Proizvodi za kuæanstvo,Nije_bilo_u_prodaji_02.05.2025
Rama Margarin Classic,6907753,0.4,400g,,1.09,,,2.73,,Hrana,"1,09"
Mini lubenica,0080537,1,1kg,,1.69,,,1.69,,Hrana,"1,99"
Šljiva okrugla rinfuza,0080410,1,1kg,,3.99,,,3.99,,Hrana,"3,69"
Rajèica,0082416,1,1kg,,2.69,,,2.69,,Hrana,"2,79"
Lopatica s kožom u mreži,7307476,1,ca. 600g,,5.79,,,5.79,,Hrana,"5,79"
Mješavina za tart SK1,0021592,0.513,"490g,535g",Duc de Coeur,2.29,,,4.28,,Hrana,"2,29"
Krastavac salatar,0082231,0.433,1komad,,1.49,,,1.49,,Hrana,"0,89"
Mediteranska predjela SK1,0067706,0.4,"390g,410g",Italiamo,4.49,,,10.95,,Hrana,"4,49"
Dinja žuta,0080550,1,1kg,,1.49,,,1.49,,Hrana,"1,99"
"Heinz majoneza Top Down, 800ml",0200353,0.775,800ml,,3.99,,,4.99,,Hrana,Nije_bilo_u_prodaji_02.05.2025
Grèki umaci od rajèica,6200698,0.29,290g,Eridanous,2.25,,,7.76,,Hrana,"2,25"
Pepsi Zero,0009474,3,"2x1,5l",,1.89,,,0.63,,Piæe,Nije_bilo_u_prodaji_02.05.2025
Mladi luk,0082236,0.141,1komad,,0.79,,,0.79,,Hrana,"0,79"
Krumpir batat rinfuza,0080755,1,1kg,,1.99,,,1.99,,Hrana,"1,99"
"Ledeni èaj limun sa šeæerom 1,5l",0000026,1.5,"1,5l",Freeway,1.25,,,0.83,4056489071303,Piæe,"1,05"
"Ledeni èaj limun sa šeæerom 1,5l",0000026,1.5,"1,5l",Freeway,1.25,,,0.83,4304493256941,Piæe,"1,05"
Milka Èoko zalogaj,0000040,0.032,32g,,0.4,,,0.4,90426230,Hrana,"0,4"
"Gazirano piæe limun, 2l",0000041,2.076,2l,Freeway,1.29,,,0.65,4304493261396,Piæe,"1,29"
Nescafé Cappuccino 8 kom. BA,0000067,0.444,"108g, 112g",,3.99,,,35.63,8445291532045,Piæe,Nije_bilo_u_prodaji_02.05.2025
Lenor Omekšivaè 60 pranja Spring A.,0000085,1.8,"1,8l",,5.57,,,3.09,8001841375489,Sredstva za èišæenje,"5,57"
Lenor Omekšivaè F. Wind 60 pranja,0000086,0.84,840ml,,6.85,,,0.11,8006540241233,Sredstva za èišæenje,"6,85"
Lenor Omekšivaè Sensitive 64pranja,0000118,1.6,"1,6l",,3.19,,,1.99,8006540889879,Sredstva za èišæenje,"3,19"
Nescafé Gold Crema,0000125,0.19,190g,Nestlé,9.49,,,49.95,8445290503565,Piæe,"8,99"
Persil Tek. deter. Color 44 pranja,0000140,2.05,"1,98l",Henkel,15.29,,,7.72,9000101568363,Sredstva za èišæenje,"15,29"
Milka Snjegoviæ,0000322,0.05,50g,,1.25,,,1.25,7622210644725,Hrana,"1,39"
Perwoll Tekuæi deter. Black 73 pr.,0000332,4.12,"4,015l",Henkel,9.35,,,2.33,9000101576009,Sredstva za èišæenje,"9,35"
Silan Omekšivaè Sensitive 60 pranja,0000336,1.32,"1,32l",,4.79,,,3.63,9000101590159,Sredstva za èišæenje,"4,79"
Milka Uskršnji mix ,0000338,0.126,126g,,2.64,,,20.95,7622210739797,Hrana,"2,64"
Head & Shoulders šampon SK,0000344,0.516,500ml,,6.59,,,13.18,8700216305303,Kozmetika,"6,59"
Gillette Fusion Sport brijaè i zamj,0000346,0.039,1komad,,15.69,,,15.69,8700216075190,Kozmetika,"13,19"
Pedigree Pseæe poslastice sort SK2,0000347,0.133,"123g,200g,77g",Mars,1.79,,,14.55,9003579302545,Proizvodi za kuæanstvo,"1,79"
Pedigree Pseæe poslastice sort SK2,0000347,0.133,"123g,200g,77g",Mars,1.79,,,8.95,9003579302545,Proizvodi za kuæanstvo,"1,79"
Gillette Venus Smooth brijaè+patro.,0000371,0.039,1komad,,10.99,,,10.99,8700216074995,Kozmetika,"10,99"
Gillette Venus Smooth brijaè+patro.,0000371,0.039,1komad,,10.99,,,10.99,8700216090254,Kozmetika,"10,99"
Gillette Mach3 sport brijaè+patrone,0000373,0.039,1komad,,10.99,,,10.99,8700216075183,Kozmetika,"10,99"
Felix Fantastic Hrana za maèke,0000378,9.18,18x85g,,8.99,,,5.88,8445290494245,Proizvodi za kuæanstvo,"8,99"
Bref WC Power Aktiv Eucalyptus,0000396,0.25,5x50g,Henkel,5.99,,,23.96,9000101592368,Sredstva za èišæenje,"5,99"
Monster Energy Drink Ultra Paradise,0000420,0.5,"0,5l",Coca-Cola,1.45,,,2.9,5060896621609,Piæe,"1,45"
Old Spice Gel za tuširanje Wolftho.,0000437,0.711,675ml,,4.75,,,7.04,8006540280249,Kozmetika,"4,39"
Old Spice Deostick Wolfthorn,0000438,0.099,85ml,,4.99,,,58.71,8006540319697,Kozmetika,"4,39"
Doritos Sweet Chilli,0000449,0.17,170g,,2.29,,,13.47,8606017379386,Hrana,"2,29"
Silan Omekšivaè Sensitive 130pr.,0000451,2.86,"2,86l",Henkel,5.99,,,2.09,9000101590128,Sredstva za èišæenje,"5,99"
Wei?er R. tekuæi deterdžent Orchid,0000477,4.649,"4,5l",,17.99,,,4,9000101563870,Sredstva za èišæenje,Nije_bilo_u_prodaji_02.05.2025
Èeš. kob. Polièan/Paprika SK2,0001109,0.1,100g,Pikok,1.49,,,14.9,20073657,Hrana,"1,49"
Kornet jagoda,0001183,0.07,120ml,Ballino,0.59,,,4.92,20252243,Hrana,"0,59"
Sladoled vanilija s grožðicama,0001189,0.5,1l,Ballino,2.99,,,2.99,20072452,Hrana,"2,99"
Sladoled èokolada-vrhnje,0001216,0.46,1l,Ballino,2.39,,,2.39,20218225,Hrana,"2,39"
Nescafé Classic,0001252,0.2,200g,Nestlé,9.99,,,49.95,7891000088982,Piæe,"8,99"
"XXL Tekuæi jogurt 2,8% m.m.",0001294,1.5,"1,5kg",Pilos,1.69,,,1.13,4056489316831,Hrana,"1,69"
"Svijetlo pivo 4,0%",0001346,0.5,"0,5l",Argus,0.75,,,1.5,4304493257160,Piæe,"0,75"
Svinjski odresci od buta,0001385,0.6,600g,Naša mesnica,4.19,,,6.98,20315559,Hrana,"4,19"
Potpuna suha hrana za pse,0001462,2,2kg,Bellosan,2.79,,,1.4,4056489714750,Proizvodi za kuæanstvo,"3,29"
"BO Kajzerica SUS, 60g",0001478,0.06,60g,,0.13,,,2.17,3859888751286,Hrana,"0,13"
"Vranac, kvalitetno crno vino",0001483,0.998,1l,,2.35,,,2.35,3899003001438,Piæe,"2,35"
"Vranac, kvalitetno crno vino",0001483,0.998,1l,,2.35,,,2.35,5310140008688,Piæe,"2,35"
Rolana lopatica s kožom,0001545,1,"cca.1,3kg",Pikok,5.69,,,5.69,2800356007641,Hrana,"4,95"
Kiselo vrhnje 20% m.m.,0001557,0.18,180g,Pilos,0.79,,,4.39,20156084,Hrana,"0,69"
"Jogurt èvrsti 3,2% m.m.",0001566,0.18,180g,Pilos,0.37,,,2.06,3859889264402,Hrana,"0,37"
"Tekuæi jogurt 2,8% m.m.",0001572,0.18,180g,Pilos,0.37,,,2.06,20156138,Hrana,"0,37"
"Tekuæi jogurt 2,8% m.m.",0001572,0.18,180g,Pilos,0.37,,,2.06,20539962,Hrana,"0,37"
"Sirela Ribanac, 40g",0001610,0.04,40g,,1.49,,,1.49,3850355007608,Hrana,"1,49"
"b.Aktiv s LGG natur, 150g",0001614,0.15,150g,,0.79,,,5.27,3850354019121,Hrana,"0,65"
Èajna kobasica narezak,0001726,0.1,100g,Pikok,1.59,,,15.9,40894805,Hrana,"1,59"
"Voæni jogurt 1,8%, SK45, SK46",0001798,0.25,250g,Milbona,0.79,,,3.16,20039363,Hrana,"0,79"
Gratinirani ribani sir SK12,0001833,0.2,200g,Milbona,1.99,,,9.95,20143114,Hrana,"1,59"
Namaz od vrhnja SK21,0001889,0.2,200g,Milbona,,1.09,1.79,5.45,20064464,Hrana,"1,55"
Svježa pileæa krila,0001915,1,ca. 500g,Naša mesnica,,2.99,4.19,2.99,2852001000000,Hrana,"4,19"
Svježa pileæa krila,0001915,1,ca. 500g,Naša mesnica,,2.99,4.19,2.99,2852002000000,Hrana,"4,19"
Svježa pileæa krila,0001915,1,ca. 500g,Naša mesnica,,2.99,4.19,2.99,2891986000000,Hrana,"4,19"
Svježa pileæa krila,0001915,1,ca. 500g,Naša mesnica,,2.99,4.19,2.99,2891987000000,Hrana,"4,19"
"Grana Padano DOP, ribani sir",0001926,0.1,100g,Milbona,2.39,,,23.9,20001223,Hrana,"2,29"
Puding od vanilije,0001960,0.2,200g,Pilos,0.45,,,2.25,4056489109693,Hrana,"0,49"
Mljeveni crni papar,0002095,0.1,100g,Kania,1.39,,,13.9,20919627,Hrana,"1,79"
"Bellarom Minas mljevena kava, 500g",0002160,0.5,500g,Bellarom,6.99,,,13.98,4056489317760,Piæe,"6,79"
Fritt Voæne karamele SK22,0002167,0.07,70g,,0.99,,,14.14,4000607000010,Hrana,"0,99"
Fritt Voæne karamele SK22,0002167,0.07,70g,,0.99,,,14.14,4000607536007,Hrana,"0,99"
Fritt Voæne karamele SK22,0002167,0.07,70g,,0.99,,,14.14,4000607562105,Hrana,"0,99"
Nescafé Cappuccino sort.,0002183,0.135,"112g,148g",Nestlé,4.19,,,28.31,5011546477633,Piæe,"4,19"
Nescafé Cappuccino sort.,0002183,0.135,"112g,148g",Nestlé,4.19,,,30.81,7613034172181,Piæe,"4,19"
Nescafé Cappuccino sort.,0002183,0.135,"112g,148g",Nestlé,4.19,,,28.31,7613034172181,Piæe,"4,19"
Nescafé Cappuccino sort.,0002183,0.135,"112g,148g",Nestlé,4.19,,,37.41,7613035705746,Piæe,"4,19"
Kiara Kristal šeæer 1kg ,0002220,1,1kg,,0.99,,,0.99,3859888567030,Hrana,"0,99"
"Brašno TIP 550 glatko, 5kg",0002223,5,5kg,Belbake,3.58,,,0.72,4056489612353,Hrana,"3,58"
"Krušne mrvice, 500g",0002234,0.5,500g,Belbake,0.95,,,1.9,20156633,Hrana,"0,99"
Okruglice za juhu,0002235,0.2,200g,Kania,0.99,,,4.95,20003241,Hrana,"0,89"
Vanilin šeæer,0002240,0.08,80g,Belbake,0.59,,,7.38,20003326,Hrana,"0,49"
Riža okruglog zrna Originario,0002273,1,1kg,Golden Sun,1.99,,,1.99,20054816,Hrana,"1,99"
Fusilli od durum pšenice 500g,0002298,0.5,500g,Combino,1.09,,,2.18,20003470,Hrana,"1,09"
"Nutella, 400g ",0002346,0.4,400g,,4.69,,,11.73,80135876,Hrana,"4,39"
"Gavriloviæ Jetrena pašteta, 100g",0002437,0.1,100g,,1.55,,,15.5,3858881221543,Hrana,"1,49"
"Bijeli grah, OM 240g",0002495,0.4,425ml,Freshona,0.59,,,2.46,20166069,Hrana,"0,69"
"Džem od jagode, 450g",0002602,0.45,450g,Maribel,2.69,,,5.98,20000653,Hrana,"2,59"
"Fanta Orange, 2l",0002667,2.07,2l,Coca-Cola,2.39,,,1.2,5449000006011,Piæe,"2,28"
"Mini piškote, UTZ",0002725,0.25,250g,Tastino,1.39,,,5.56,20076092,Hrana,"1,35"
Èajni kolutiæi,0002729,0.4,400g,Sondey,1.79,,,4.48,20029968,Hrana,"1,79"
"Soft cake naranèa, 150g",0002742,0.15,150g,Tastino,1.19,,,7.93,20051716,Hrana,"1,15"
Milka Èokolada sort.,0002911,0.279,"250g, 276g, 300g",,5.99,,,19.97,7622200004614,Hrana,"5,99"
Milka Èokolada sort.,0002911,0.279,"250g, 276g, 300g",,5.99,,,21.7,7622202273919,Hrana,"5,99"
Milka Èokolada sort.,0002911,0.279,"250g, 276g, 300g",,5.99,,,19.97,7622202273919,Hrana,"5,99"
Milka Èokolada sort.,0002911,0.279,"250g, 276g, 300g",,5.99,,,19.97,7622210012500,Hrana,"5,99"
Milka Èokolada sort.,0002911,0.279,"250g, 276g, 300g",,5.99,,,23.96,7622210273369,Hrana,"5,99"
Milka Èokolada sort.,0002911,0.279,"250g, 276g, 300g",,5.99,,,19.97,7622210273437,Hrana,"5,99"
Milka Èokolada sort.,0002911,0.279,"250g, 276g, 300g",,5.99,,,23.96,7622210702555,Hrana,"5,99"
Milka Èokolada sort.,0002911,0.279,"250g, 276g, 300g",,5.99,,,23.96,7622210702593,Hrana,"5,99"
Milka Èokolada sort.,0002911,0.279,"250g, 276g, 300g",,5.99,,,19.97,7622210702593,Hrana,"5,99"
Milka Èokolada sort.,0002911,0.279,"250g, 276g, 300g",,5.99,,,19.97,9012200001245,Hrana,"5,99"
"Biskvit SK2, SK13, SK20, SK23 400g",0002940,0.4,400g,Confiserie Firenze,2.49,,,6.23,20006334,Hrana,"2,69"
"Biskvit SK2, SK13, SK20, SK23 400g",0002940,0.4,400g,Confiserie Firenze,2.49,,,6.23,20139766,Hrana,"2,69"
"Biskvit rolada SK3, 300g",0002945,0.3,300g,Tastino,1.59,,,5.3,5310115000235,Hrana,"1,59"
"Biskvit rolada SK3, 300g",0002945,0.3,300g,Tastino,1.59,,,5.3,5319990225511,Hrana,"1,59"
Vermouth bijeli 15% Vol.,0002995,1,1l,Romanetti,5.49,,,5.49,4304493258198,Piæe,"5,29"
Kompletna hrana za maèke SK19,0003002,0.1,100g,Coshida,0.39,,,3.9,20106744,Proizvodi za kuæanstvo,"0,45"
Kompletna hrana za maèke SK19,0003002,0.1,100g,Coshida,0.39,,,3.9,20106751,Proizvodi za kuæanstvo,"0,45"
"Cedevita Instant nap. naranèa, 1kg",0003013,1,1000g,,6.69,,,6.69,3858884879888,Piæe,"6,39"
Potpuna hrana za pse SK1,0003024,10,10kg,Orlando,11.89,,,1.19,20100162,Proizvodi za kuæanstvo,"11,89"
Potpuna suha hrana za pse s inulin.,0003025,3,3kg,Orlando Gourmet,5.49,,,1.83,4056489142676,Proizvodi za kuæanstvo,"5,49"
Šampon za svakodne. pranje kose SK6,0003034,0.515,500ml,Cien,1.39,,,2.78,4056489235620,Kozmetika,"1,39"
Pro Vitamin šam. za njegu kose SK13,0003035,0.31,300ml,Cien,1.29,,,4.3,20250904,Kozmetika,"1,29"
Pro Vitamin šam. za njegu kose SK13,0003035,0.31,300ml,Cien,1.29,,,4.3,20250911,Kozmetika,"1,29"
Pro Vitamin šam. za njegu kose SK13,0003035,0.31,300ml,Cien,1.29,,,4.3,20919368,Kozmetika,"1,29"
Pjena za kosu SK8,0003050,0.22,250ml,Cien,1.33,,,5.32,4335619134393,Kozmetika,1.33
Lak za kosu SK11,0003054,0.31,400ml,Cien,1.98,,,4.95,20160401,Kozmetika,1.98
Lak za kosu SK11,0003054,0.31,400ml,Cien,1.98,,,4.95,20220419,Kozmetika,1.98
Lak za kosu SK11,0003054,0.31,400ml,Cien,1.98,,,4.95,4056489233084,Kozmetika,1.98
Pjena za brijanje sensitive,0003108,0.294,300ml,Cien MEN,1.59,,,5.3,20220518,Kozmetika,"1,59"
Losion poslije brijanja SK15,0003114,0.092,100ml,Cien MEN,2.39,,,23.9,20278656,Kozmetika,"2,39"
Losion poslije brijanja SK15,0003114,0.092,100ml,Cien MEN,2.39,,,23.9,4056489238461,Kozmetika,"2,39"
Losion poslije brijanja SK15,0003114,0.092,100ml,Cien MEN,2.39,,,23.9,4056489582434,Kozmetika,"2,39"
Losion poslije brijanja SK15,0003114,0.092,100ml,Cien MEN,2.39,,,23.9,4056489582458,Kozmetika,"2,39"
Èetkice za zube classic SK6,0003116,0.034,2komad,Dentalux,0.85,,,0.43,20010973,Kozmetika,"0,85"
Masline punjene s paprikom,0003122,0.81,720ml,Baresa,3.15,,,7.5,20064525,Hrana,"3,19"
"Tekuæina za ispiranje usta, SK15",0003125,0.508,500ml,Dentalux,1.45,,,2.9,20006921,Kozmetika,"1,45"
Tekuæe sred. za osvjež. WC-a SK23,0003185,0.165,3x55ml,W5,1.45,,,8.79,4056489868873,Sredstva za èišæenje,"1,45"
Univerzalne krpe,0003302,0.115,2komad,W5,1.29,,,0.65,20099886,Proizvodi za kuæanstvo,"1,19"
"Alkalna baterija 1,5V AA",0003332,0.19,8komad,Aerocell,1.99,,,0.25,4056489847694,Proizvodi za kuæanstvo,"1,99"
"Lino Èokolino, 1kg",0003402,1,1kg,,8.99,,,8.99,3850104225451,Hrana,"8,99"
"Studenac Gazirana mine. voda, 1,5l",0003465,1.5,"1,5l",,0.89,,,0.59,3850104057281,Piæe,"0,89"
Cola gazirano piæe sa sladilom,0003609,2,2l,Freeway,0.99,,,0.5,4056489159148,Piæe,"0,89"
Gazirano piæe naranèa sa sladilom,0003610,2,2l,Freeway,0.99,,,0.5,4056489159131,Piæe,"0,89"
Palette Int. Color Creme boja SK4,0003664,0.11,1komad,Henkel,4.25,,,4.25,3838824159133,Kozmetika,"5,25"
Axe Dezodorans u spreju Africa,0003696,0.15,150ml,,4.89,,,32.6,8712561119627,Kozmetika,"4,55"
Amaretto 28% Vol.,0003743,0.764,"0,7l",Armilar,5.49,,,7.84,4304493262294,Piæe,"5,49"
"Èokoladne banane, 300g",0003750,0.3,300g,Mister Choc,2.25,,,7.5,20029845,Hrana,"2,59"
"Coca Cola Zero, 2l",0003782,2,2l,Coca-Cola,2.39,,,1.2,5449000131843,Piæe,"2,25"
"Bellarom Minas mljevena kava, 200g",0003892,0.2,200g,Bellarom,3.49,,,17.45,20193836,Piæe,"3,19"
"Trajno mlijeko 2,8% m.m.",0003904,1.031,1l,Pilos,0.75,,,0.75,20177126,Hrana,"0,79"
"Trajno mlijeko 2,8% m.m.",0003904,1.031,1l,Pilos,0.75,,,0.75,3859892277017,Hrana,"0,79"
"Trajno mlijeko 2,8% m.m.",0003904,1.031,1l,Pilos,0.75,,,0.75,3859892277710,Hrana,"0,79"
"Trajno mlijeko 2,8% m.m.",0003904,1.031,1l,Pilos,0.75,,,0.75,9066000783900,Hrana,"0,79"
Pesto SK17,0003914,0.19,190g,Baresa,1.85,,,9.74,20425555,Hrana,"1,85"
Riža dugozrnata 5% loma,0003941,1,1kg,Golden Sun,1.59,,,1.59,20189921,Hrana,"1,59"
Pro Vitamin balzam za kosu SK9,0003947,0.299,300ml,Cien,1.49,,,4.97,20189051,Kozmetika,"1,49"
Pro Vitamin balzam za kosu SK9,0003947,0.299,300ml,Cien,1.49,,,4.97,4056489176367,Kozmetika,"1,49"
Pro-Vitamin Šampon 2u1 SK3,0003948,0.311,300ml,Cien,1.49,,,4.97,20253981,Kozmetika,"1,49"
"Trajno mlijeko 1,5%",0003979,1.034,1l,Pilos,0.95,,,0.95,20037321,Hrana,"0,95"
Kinder Pingui 4x30g,0004451,0.12,4x30g,,2.69,,,22.42,8000500119716,Hrana,"2,39"
Red Bull Sugarfree ,0004579,0.252,"0,25l",,1.69,,,6.76,90162800,Piæe,"1,39"
Johnson's Baby Ulje/Losion sort. ,0004627,0.5,500ml,,6.19,,,12.38,8002110341341,Kozmetika,"6,19"
SCHAUMA DRY ŠAMPON 150 ml CLEAN,0004772,0.092,150ml,,2.99,,,19.93,9000101213980,Kozmetika,Nije_bilo_u_prodaji_02.05.2025
Gouda 45% m.m.,0004821,0.7,700g,,5.99,,,8.56,3858888595708,Hrana,"5,99"
Svježi posni sir,0004947,0.5,500g,Okusi zavièaja,1.75,,,3.5,4056489925514,Hrana,"1,75"
Leæa SK1,0004964,0.5,500g,Campo Largo,1.49,,,2.98,20214456,Hrana,"1,29"
Gouda komad,0004984,0.4,400g,Pilos,3.95,,,9.88,20093341,Hrana,"3,95"
Edamer komad,0004985,0.25,250g,Pilos,2.69,,,10.76,20093358,Hrana,"2,69"
Carski sir komad,0004986,0.25,250g,Pilos,,1.85,2.59,7.4,20980429,Hrana,"2,59"
"Argeta Kokošja pašteta SK2, 95g",0005140,0.095,95g,,1.49,,,15.68,3838471038287,Hrana,"1,39"
"Argeta Kokošja pašteta SK2, 95g",0005140,0.095,95g,,1.49,,,15.68,3838471042475,Hrana,"1,39"
"Argeta Kokošja pašteta SK2, 95g",0005140,0.095,95g,,1.49,,,15.68,3838975567009,Hrana,"1,39"
"PPK Mesni narezak, 100g",0005349,0.1,100g,,0.79,,,7.9,3858881617056,Hrana,"0,79"
Kokice s okusom maslaca,0005364,0.1,100g,California,0.37,,,3.7,20248222,Hrana,"0,37"
"Suha svinjska peèenica, cca. 400g",0005471,1,ca. 400g,Okusi zavièaja,14.99,,,14.99,2800536000000,Hrana,"14,99"
Svježa pileæa jetra i srca,0005595,0.5,500g,Naša mesnica,1.59,,,3.18,3831006610323,Hrana,"1,59"
Svježa pileæa jetra i srca,0005595,0.5,500g,Naša mesnica,1.59,,,3.18,4056489074182,Hrana,"1,59"
Svježi pileæi filet,0005607,1,ca. 500g,Naša mesnica,7.39,,,7.39,2852027000000,Hrana,"7,39"
Svježi pileæi filet,0005607,1,ca. 500g,Naša mesnica,7.39,,,7.39,2856070000000,Hrana,"7,39"
Svježi pileæi filet,0005607,1,ca. 500g,Naša mesnica,7.39,,,7.39,2891924000000,Hrana,"7,39"
Axe gel za tuširanje sort.,0005639,0.257,250ml,,2.49,,,9.96,8710447276570,Kozmetika,"2,99"
Axe gel za tuširanje sort.,0005639,0.257,250ml,,2.49,,,9.96,8710447279793,Kozmetika,"2,99"
Axe gel za tuširanje sort.,0005639,0.257,250ml,,2.49,,,9.96,8717163947685,Kozmetika,"2,99"
Tic Tac SK5,0005761,0.018,18g,,0.79,,,0.79,80800019,Hrana,"0,79"
Tic Tac SK5,0005761,0.018,18g,,0.79,,,0.79,80834649,Hrana,"0,79"
Kulen/ Zimska salama SK5,0005829,0.3,300g,Pikok,3.25,,,10.83,20448233,Hrana,"3,89"
Nivea Dezodorans roler SK1,0005958,0.052,50ml,,3.95,,,79,42241560,Kozmetika,"3,95"
Nivea Dezodorans roler SK1,0005958,0.052,50ml,,3.95,,,79,9005800390178,Kozmetika,"3,95"
"Juneæi æevapèiæi, 450g",0006095,0.45,450g,Naša mesnica,5.39,,,11.98,20476274,Hrana,"4,99"
"Tortina SK1, 300g",0006147,0.3,300g,Tastino,1.99,,,6.63,20476137,Hrana,"1,99"
Njoki s nadj. slanina-brie/sir SK1,0006148,0.5,500g,Italiamo,2.39,,,4.78,20305109,Hrana,"2,49"
Graševina kvalitetno bijelo vino,0006241,0.986,1l,Winemakers of Croatia,4.99,,,4.99,4304493256804,Piæe,"3,49"
"Smirnoff Vodka 37,5%",0006252,0.68,"0,7l",,16.59,,,23.7,5011013400157,Piæe,"16,59"
Ritter Sport SK17,0006343,0.1,100g,Ritter,2.39,,,23.9,4000417260000,Hrana,"1,79"
Ritter Sport SK17,0006343,0.1,100g,Ritter,2.39,,,23.9,4000417294005,Hrana,"1,79"
Ritter Sport SK17,0006343,0.1,100g,Ritter,2.39,,,23.9,4000417300003,Hrana,"1,79"
Ritter Sport SK17,0006343,0.1,100g,Ritter,2.39,,,23.9,4000417306005,Hrana,"1,79"
Èips slani,0006374,0.25,250g,Snack Day,1.69,,,6.76,20538996,Hrana,"1,59"
Dimljena peèenica narezak,0006396,0.1,100g,Pikok,1.49,,,14.9,20491895,Hrana,"1,49"
Hren SK2,0006427,0.189,"185g,190g",Kania,1.19,,,6.26,20359508,Hrana,"1,19"
"Svježa pileæa leða, cca. 750g",0006457,1,ca. 750g,Naša mesnica,1.69,,,1.69,2852032000000,Hrana,"1,69"
"Svježa pileæa leða, cca. 750g",0006457,1,ca. 750g,Naša mesnica,1.69,,,1.69,3858890930443,Hrana,"1,69"
"Svježa pileæa prsa, bk sk, cca 500g",0006488,1,ca. 500g,Naša mesnica,5.99,,,5.99,2852051000000,Hrana,"5,89"
Svježi pileæi batak,0006489,1,ca. 500g,Naša mesnica,4.09,,,4.09,2852019000000,Hrana,"4,09"
Svježi pileæi batak,0006489,1,ca. 500g,Naša mesnica,4.09,,,4.09,2864890000000,Hrana,"4,09"
Svježi pileæi batak,0006489,1,ca. 500g,Naša mesnica,4.09,,,4.09,2891965000000,Hrana,"4,09"
"Dalmatinski pršut, narezak",0006594,0.1,100g,Okusi zavièaja,2.99,,,29.9,20492533,Hrana,"2,99"
"Svježi pileæi zabatak, cca. 500g",0006675,1,ca. 500g,Naša mesnica,4.09,,,4.09,2852040000000,Hrana,"4,09"
"Svježi pileæi zabatak, cca. 500g",0006675,1,ca. 500g,Naša mesnica,4.09,,,4.09,2891971000000,Hrana,"4,09"
"Svježi pileæi zabatak, cca. 500g",0006675,1,ca. 500g,Naša mesnica,4.09,,,4.09,2891975000000,Hrana,"4,09"
"Mentol bomboni, 100g",0006684,0.1,100g,Amanie,0.59,,,5.9,20492137,Hrana,"0,59"
"Nutella, 1kg",0006686,1,1kg,,9.99,,,9.99,8000500166819,Hrana,"9,49"
"Pileæi mix za juhu, cca. 500g",0006735,1,ca. 500g,Naša mesnica,2.99,,,2.99,2891121000000,Hrana,"2,69"
Nivea Sun Djeèji losion ZF50+,0007522,0.2,200ml,,15.99,,,79.95,4005808430208,Kozmetika,"15,99"
"Jaja razred M, klasa A, 30 komada",0008481,1.74,30komad,,4.59,,,0.15,3858884994901,Hrana,"4,59"
"Odojak s glavom, cca. 2,3kg",0008752,1,"ca. 2,3kg",Naša mesnica,,4.49,5.49,4.49,2874920000000,Hrana,"7,99"
"Odojak s glavom, cca. 2,3kg",0008752,1,"ca. 2,3kg",Naša mesnica,,4.49,5.49,4.49,2887520000000,Hrana,"7,99"
"Pinot crni, kvalitetno crno vino",0008925,0.745,"0,75l",Winemakers of Croatia,5.49,,,7.32,4056489611585,Piæe,"5,49"
"Pinot crni, kvalitetno crno vino",0008925,0.745,"0,75l",Winemakers of Croatia,5.49,,,7.32,4304493256651,Piæe,"5,49"
Kokice za mikrovalnu peænicu,0009015,0.3,3x100g,Snack Day,1.39,,,4.63,20404536,Hrana,"1,39"
Sanitar original + fresh lavanda,0009016,1.431,1400ml,,3.99,,,2.85,3850111504228,Sredstva za èišæenje,"3,29"
"Ajvar SK2, 370ml",0009020,0.35,350g,Kania,1.89,,,5.4,20492281,Hrana,"1,89"
Srdele u sunc. ulju,0009039,0.1,100g,Okusi zavièaja,1.06,,,10.6,20538101,Hrana,"1,19"
"Lasagne Bolognese, svinjetina",0009098,1,1kg,Chef Select,5.29,,,5.29,20002589,Hrana,"5,29"
Aquafresh Èet. za zube Flex Medium,0009165,0.042,3x1komad,,2.45,,,0.82,5054563124272,Kozmetika,"2,45"
Coca Cola Zero 5+1 gratis,0009263,1.98,"6x0,33l",Coca-Cola,5.19,,,2.62,5000112652871,Piæe,"5,25"
Lampion SK7,0009364,0.29,290g,-,1.99,,,1.99,20251659,Proizvodi za kuæanstvo,"1,99"
Lampion SK7,0009364,0.29,290g,-,1.99,,,1.99,20660505,Proizvodi za kuæanstvo,"1,99"
Kozmetièke maramice 3-slojne aloe v,0009374,0.17,90komad,Cien,1.29,,,0.01,4056489110736,Toaletne potrepštine,"1,29"
Gel za kosu za muškarce SK13,0009855,0.15,"150ml,200ml",Cien,1.79,,,11.93,4056489232384,Kozmetika,"1,79"
"Minas mljevena kava, 200g",0009877,0.2,200g,-,3.29,,,16.45,4056489317739,Piæe,"2,79"
Sendviè toast od cjel. žitarica,0009881,0.75,750g,Tastino,1.69,,,2.25,20082185,Hrana,"1,69"
3_TEST GOGA_2301 test,0009999,0.156,1,TEST EURO_2301,0.55,,,0.55,97000864,Hrana,"0,84"
3_TEST GOGA_2301 test,0009999,0.156,1,TEST EURO_2301,0.55,,,0.28,97000864,Hrana,"0,84"
"Alpska šunka u komadu, cca. 600g",0010237,1,ca. 600g,Alpenfest,12.69,,,12.69,2228880000000,Hrana,"12,69"
"Alpska šunka u komadu, cca. 600g",0010237,1,ca. 600g,Alpenfest,12.69,,,12.69,2810234000000,Hrana,"12,69"
"Alpska šunka u komadu, cca. 600g",0010237,1,ca. 600g,Alpenfest,12.69,,,12.69,2810235000000,Hrana,"12,69"
Svježi njoki,0010371,0.5,500g,Chef Select,1.09,,,2.18,20035570,Hrana,1.09
Krušne okruglice za kuhanje,0010942,0.2,200g,Alpenfest,1.29,,,6.45,20003258,Hrana,"1,19"
"Kroketi, smrznuti",0011159,0.75,750g,Harvest Basket,2.69,,,3.59,20001582,Hrana,"2,69"
Mini-pašteta SK44,0011547,0.13,130g,Alpenfest,1.49,,,11.46,20140434,Hrana,"1,49"
Pileæa i pureæa prsa QS SK18,0011880,0.2,200g,Dulano,3.39,,,16.95,20055813,Hrana,"2,99"
Kuhana šunka tanko narezana XXL SK4,0011882,0.4,400g,Dulano,4.29,,,10.73,4056489115298,Hrana,"4,29"
Salsa umak SK18,0011890,0.315,315g,Snack Day,1.59,,,5.05,20108601,Hrana,"1,59"
Chow Mein tjestenina,0012038,0.25,250g,Vitasia,1.19,,,4.76,20103699,Hrana,"0,99"
Zelene mahune,0012190,1,1000g,Duc de Coeur,2.19,,,2.19,20190385,Hrana,"2,29"
"MSC Morski plodovi SK2, ATG: 270g",0012609,0.3,300g,Ocean Sea,2.69,,,9.96,20102197,Hrana,"3,49"
"Mješavina keksa SK1, UTZ",0018682,0.45,500g,Sondey,3.49,,,8.73,20058623,Hrana,"3,49"
Müsli ploèica SK66,0019902,0.2,200g,Crownfield,1.79,,,8.95,4056489204060,Hrana,"1,56"
Božiæne èokoladne lizalice SK3,0019914,0.15,10x15g,Favorina,2.09,,,13.93,20035914,Hrana,"1,99"
Božiæne èokoladne lizalice SK3,0019914,0.15,10x15g,Favorina,2.09,,,13.93,20224868,Hrana,"1,99"
Minis Caramel,0021249,0.35,350g,Mister Choc,3.69,,,10.54,20046309,Hrana,"3,59"
Sredstvo za èišæenje poda SK17,0021341,1.075,1l,W5,1.49,,,1.49,20920739,Sredstva za èišæenje,"1,85"
Sredstvo za èišæenje poda SK17,0021341,1.075,1l,W5,1.49,,,1.49,4056489210054,Sredstva za èišæenje,"1,85"
Sredstvo za èišæenje poda SK17,0021341,1.075,1l,W5,1.49,,,1.49,4056489210078,Sredstva za èišæenje,"1,85"
Glazura za torte 6kom. SK4,0021781,0.072,72g,Belbake,0.79,,,10.97,4056489546900,Hrana,"0,99"
Sladoled štapiæ èok.-vanilija,0021909,0.504,6x120ml,Gelatelli,5.59,,,7.76,4056489375067,Hrana,"4,99"
Ouzo 38% vol.,0021979,0.665,"0,7l",Zachos,6.69,,,9.56,4304493263130,Piæe,"6,69"
Sladoled vanilija,0022161,0.5,1000ml,Bon Gelati,3.49,,,3.49,20180201,Hrana,"3,49"
Original tal. ocat Balsamico ,0022471,0.55,"0,5l",Acentino,1.99,,,3.98,20008895,Hrana,"1,99"
Original tal. ocat Balsamico ,0022471,0.55,"0,5l",Acentino,1.99,,,3.98,4056489238072,Hrana,"1,99"
Tart SK8,0022531,0.26,260g,Duc de Coeur,2.69,,,10.35,20169978,Hrana,"2,99"
Integralni raženi kruh,0022693,0.5,500g,Maitre Jean-Pierre,1.29,,,2.58,20006105,Hrana,"1,19"
Hrskavi kruh SK5,0022865,0.25,250g,Tastino,1.29,,,5.16,20171841,Hrana,"1,29"
Kiseli gumeni bomboni breskva,0023136,0.4,400g,Sweet Corner,2.19,,,5.48,20708191,Hrana,"2,19"
Mesni naresci SK2,0024325,0.1,100g,Alpenfest,1.89,,,18.9,20231903,Hrana,"1,89"
Kolaè s ribanim tijestom SK10,0024334,0.4,400g,Alpenfest,2.59,,,6.48,20268626,Hrana,"2,49"
Pripravak od vinskog octa SK1,0024610,0.3,250ml,Deluxe,3.19,,,12.76,4056489323334,Hrana,"3,74"
Kremasti sapun SK1,0024736,0.3,2x150g,Cien,1.39,,,4.63,4056489997597,Kozmetika,Nije_bilo_u_prodaji_02.05.2025
Kremasti sapun SK1,0024736,0.3,2x150g,Cien,1.39,,,4.63,4335619207837,Kozmetika,Nije_bilo_u_prodaji_02.05.2025
Chianti Corte alle Mura ,0024773,0.75,"0,75l",,3.99,,,5.32,4304493263253,Piæe,"3,99"
Aceto Balsamico SK1,0024845,0.274,250ml,Italiamo,1.99,,,7.96,20225018,Hrana,"1,99"
Losion za sunè. sa šljokicama ZF 20,0024924,0.246,250ml,Cien,3.49,,,13.96,4056489368304,Kozmetika,"3,99"
Djeèji sprej za sunèanje ZF 50+,0024982,0.151,150ml,Cien Sun,5.95,,,39.67,4335619130456,Kozmetika,"5,95"
Fix za gulaš,0026249,0.05,50g,Kania,0.69,,,13.8,20003661,Hrana,"0,69"
Le Cremeux ovalni meki sir,0027034,0.2,200g,Duc de Coeur,1.99,,,9.95,20206086,Hrana,"1,99"
Prekooceanska mini vina SK9,0027309,0.25,"0,25l",Cimarosa,1.89,,,7.56,4056489309178,Piæe,"1,89"
Prekooceanska mini vina SK9,0027309,0.25,"0,25l",Cimarosa,1.89,,,7.56,4056489309185,Piæe,"1,89"
Mini mix krem sladoled classic,0027547,0.429,12x50ml,Bon Gelati,5.49,,,9.15,20071721,Hrana,"5,49"
Flan mlijeèni desert,0028264,0.6,6x100g,Sol&Mar,1.89,,,3.15,20020545,Hrana,"1,89"
Gel za brijanje ,0028839,0.2,200ml,Cien MEN,2.09,,,10.45,4056489323037,Kozmetika,"2,09"
Gel za brijanje ,0028839,0.2,200ml,Cien MEN,2.09,,,10.45,4056489436546,Kozmetika,"2,09"
Flaster SK7,0028901,0.023,"20komad,40komad",Sensiplast,0.89,,,0.04,20084936,Toaletne potrepštine,"0,89"
Flaster SK7,0028901,0.023,"20komad,40komad",Sensiplast,0.89,,,0.04,20084974,Toaletne potrepštine,"0,89"
Flaster SK7,0028901,0.023,"20komad,40komad",Sensiplast,0.89,,,0.04,20123956,Toaletne potrepštine,"0,89"
Flaster SK7,0028901,0.023,"20komad,40komad",Sensiplast,0.89,,,0.02,20123956,Toaletne potrepštine,"0,89"
Flaster SK7,0028901,0.023,"20komad,40komad",Sensiplast,0.89,,,0.02,4056489235590,Toaletne potrepštine,"0,89"
Flaster SK7,0028901,0.023,"20komad,40komad",Sensiplast,0.89,,,0.02,4056489235606,Toaletne potrepštine,"0,89"
Flaster SK7,0028901,0.023,"20komad,40komad",Sensiplast,0.89,,,0.02,40895369,Toaletne potrepštine,"0,89"
"Pasirana rajèica ""Rustica""",0028931,0.7,720ml,Italiamo,1.49,,,2.07,20164034,Hrana,"1,49"
Ledeni èaj breskva,0029115,1.02,"5x0,2l",Freeway,1.59,,,1.59,20119249,Piæe,"1,49"
Uniferm Svježi kvasac,0029328,0.042,42g,,0.35,,,0.35,41017746,Hrana,"0,29"
WC osvježivaè 4x40g SK9,0029370,0.16,4x40g,W5,0.95,,,5.94,4335619316898,Sredstva za èišæenje,Nije_bilo_u_prodaji_02.05.2025
Svježi sir 0% m.m.,0029830,0.5,500g,Pilos,1.85,,,3.7,4056489703969,Hrana,"1,85"
"Trajno mlijeko 2,8% m.m.",0030860,1,1l,Pilos,0.82,,,0.82,3859888148925,Hrana,"0,79"
Èokoladni listiæi SK4,0030861,0.125,125g,Mister Choc,2.99,,,23.92,20419189,Hrana,"2,99"
Desertni specijaliteti SK19,0030937,0.155,"2x75g,2x80g",MCENNEDY,1.69,,,9.94,20020644,Hrana,"1,69"
"Cola, 1,5l",0031502,1.559,"1,5l",Freeway,1.15,,,0.77,4304493269125,Piæe,"1,15"
Punjeni èokoladni štapiæi jag.-jog.,0031678,0.2,200g,Mister Choc,2.99,,,14.95,20131548,Hrana,"2,99"
Èokolada SK2,0031870,0.1,100g,Alpenfest,1.09,,,10.9,20236250,Hrana,"1,09"
Èokoladni zec,0031954,0.2,200g,Favorina,3.39,,,16.95,20014391,Hrana,"3,39"
Gazirano piæe od limuna,0032003,0.34,"0,33l",Freeway,0.65,,,1.97,4304493264724,Piæe,"0,69"
Lasagne SK32,0032112,0.4,400g,Chef Select,2.79,,,6.98,20211363,Hrana,"2,79"
"Svijetlo pivo 4,9%",0032276,0.503,"0,5l",Perlenbacher,0.99,,,1.98,4304493265776,Piæe,"0,99"
Snack kobasica Tirolska SK8,0032325,0.15,150g,Alpenfest,1.99,,,13.27,22288840,Hrana,"1,99"
Snack kobasica Tirolska SK8,0032325,0.15,150g,Alpenfest,1.99,,,13.27,22288860,Hrana,"1,99"
Snack kobasica Tirolska SK8,0032325,0.15,150g,Alpenfest,1.99,,,13.27,22288880,Hrana,"1,99"
Australski Chardonnay (EUA),0034496,0.75,"0,75l",Cimarosa,3.99,,,5.32,4304493261518,Piæe,"3,99"
AUS Cabernet Sauvignon,0034524,0.748,"0,75l",Cimarosa,3.99,,,5.32,4335619073715,Piæe,"3,99"
Vrhnje za kuhanje 22%,0034596,0.202,200ml,Milbona,1.05,,,5.25,20040093,Hrana,"1,05"
"Tortilla èips SK1, SK5, SK6",0034632,0.15,150g,Snack Day,1.19,,,7.93,20236922,Hrana,"1,19"
"Tortilla èips SK1, SK5, SK6",0034632,0.15,150g,Snack Day,1.19,,,7.93,4056489452379,Hrana,"1,19"
"Tortilla èips SK1, SK5, SK6",0034632,0.15,150g,Snack Day,1.19,,,7.93,4056489452393,Hrana,"1,19"
Mlijeko za sunèanje ZF 20,0034646,0.257,250ml,Cien Sun,4.49,,,17.96,4056489601661,Kozmetika,"4,49"
Èips slani,0036643,0.15,150g,Snack Day,1.15,,,7.67,40894829,Hrana,"0,99"
"Premium Müsli, SK 1",0036658,0.75,750g,Crownfield,4.99,,,6.65,20202866,Hrana,"4,99"
Kikiriki zaèinjen SK2,0037187,0.15,150g,Alesto,1.09,,,7.27,20005672,Hrana,"1,19"
Kikiriki zaèinjen SK2,0037187,0.15,150g,Alesto,1.09,,,7.27,20500894,Hrana,"1,19"
Marcipan praline SK3,0038374,0.125,125g,Favorina,1.59,,,12.72,20601799,Hrana,"1,99"
Èips s okusom sira i luka,0038408,0.15,150g,Snack Day,1.15,,,7.67,40894898,Hrana,"1,15"
Èips SK30,0038411,0.175,175g,Snack Day,2.49,,,14.23,4056489238775,Hrana,"1,59"
Maslac za tijelo SK7,0038468,0.394,400ml,Cien,2.99,,,7.48,20261849,Kozmetika,"2,99"
Pasta za zube SK4,0038752,0.155,125ml,Dentalux,1.05,,,8.4,20107017,Kozmetika,"1,05"
Pasta za zube SK4,0038752,0.154,125ml,Dentalux,1.05,,,8.4,20107017,Kozmetika,"1,05"
Pasta za zube SK4,0038752,0.154,125ml,Dentalux,1.05,,,8.4,4056489498070,Kozmetika,"1,05"
Pasta za zube SK4,0038752,0.154,125ml,Dentalux,1.05,,,8.4,4056489498087,Kozmetika,"1,05"
Pasta za zube SK4,0038752,0.154,125ml,Dentalux,1.05,,,8.4,4056489708377,Kozmetika,"1,05"
Hrana za pse SK13,0038821,0.3,300g,Orlando,0.79,,,2.63,4056489583455,Proizvodi za kuæanstvo,0.79
Balsamico umak SK5,0039128,0.316,250ml,Italiamo,1.39,,,5.56,20250515,Hrana,"1,39"
Balsamico umak SK5,0039128,0.316,250ml,Italiamo,1.39,,,5.56,4056489035275,Hrana,"1,39"
Pizza sa salamom,0039154,0.35,350g,Trattoria Alfredo,2.69,,,7.69,20218393,Hrana,"2,49"
Aioli umak,0039239,0.2,200g,Sol&Mar,1.25,,,6.25,20215415,Hrana,"1,59"
Maramice za njegu kontr. ploèe SK2,0039559,0.227,30komad,W5,1.89,,,0.06,4056489286769,Proizvodi za kuæanstvo,"2,29"
Francuski senf SK3,0039577,0.2,200g,Kania,1.19,,,5.95,20201838,Hrana,"1,79"
Suha hrana za maèke 2 kg SK17,0039750,2,2kg,Coshida,3.45,,,1.73,20160814,Proizvodi za kuæanstvo,"3,45"
Asia umaci SK6,0040086,0.281,250ml,Vitasia,1.19,,,4.76,20103552,Hrana,"1,49"
Kremasti jogurt SK2,0043990,0.15,150g,Italiamo,0.99,,,6.6,20257194,Hrana,"0,89"
Twist s maslacem SK2,0045986,0.125,125g,Duc de Coeur,1.39,,,11.12,4056489257868,Hrana,"1,39"
Èok. prutiæi s keksom i karamelom,0047349,0.29,290g,Mister Choc,2.79,,,9.62,20272760,Hrana,"2,79"
Krem namaz SK7,0047428,0.2,200g,Mister Choc,1.79,,,8.95,20266929,Hrana,"2,29"
Krem namaz SK7,0047428,0.2,200g,Mister Choc,1.79,,,8.95,20266943,Hrana,"2,29"
Kikiriki prženi i slani,0048173,0.5,500g,-,1.79,,,3.58,20115302,Hrana,"2,29"
Šumeæe tablete multivitamin,0051521,0.09,90g,Optisana,1.15,,,12.78,20289119,Hrana,"1,15"
Riža na mlijeku SK4,0051988,0.2,200g,Pilos,0.79,,,3.95,20277703,Hrana,"0,79"
Vrhnje za šlag bez laktoze,0052366,0.2,200g,Milbona,1.49,,,7.45,20286415,Hrana,"1,39"
Pileæi medaljoni Safari,0052500,0.4,400g,Culinea,4.99,,,12.48,4000789203964,Hrana,"4,64"
Vodeni sladoled Cola,0052984,0.696,6x110ml,Bon Gelati,3.19,,,4.83,4056489542742,Hrana,"3,19"
"Smrznuto povræe, SK7",0054707,0.45,450g,Freshona,1.25,,,2.78,20132880,Hrana,"1,79"
"Smrznuto povræe, SK7",0054707,0.45,450g,Freshona,1.25,,,2.78,20132897,Hrana,"1,79"
"Smrznuto povræe, SK7",0054707,0.45,450g,Freshona,1.25,,,2.78,4056489534075,Hrana,"1,79"
Korneti 6 kom. SK1,0054742,0.45,6x120ml,Gelatelli,2.99,,,4.15,20294564,Hrana,"2,99"
Dvostruka britvica XXL 25 komada,0054780,0.07,1komad,Cien men,3.39,,,3.39,20295738,Kozmetika,"4,29"
Ragolds Punjeni bomboni SK5,0055579,0.034,"33,6g",,0.59,,,0.59,4014600115091,Hrana,"0,59"
Ragolds Punjeni bomboni SK5,0055579,0.034,"33,6g",,0.59,,,0.59,4014600117026,Hrana,"0,59"
Bomboni s okusom karamele,0057680,0.2,200g,Sweet Corner,1.59,,,7.95,20288532,Hrana,"1,59"
Specijaliteti od kozjeg sira SK30,0058128,0.1,100g,Duc de Coeur,1.71,,,17.1,20462352,Hrana,"1,71"
Specijaliteti od kozjeg sira SK30,0058128,0.1,100g,Duc de Coeur,1.71,,,17.1,20696627,Hrana,"1,71"
Specijaliteti od kozjeg sira SK30,0058128,0.1,100g,Duc de Coeur,1.71,,,17.1,20696634,Hrana,"1,71"
Ledena kava SK6,0058658,0.261,250ml,Milbona,1.19,,,4.76,20310110,Hrana,"1,09"
Ledena kava SK6,0058658,0.261,250ml,Milbona,1.19,,,4.76,20310141,Hrana,"1,09"
Ledena kava SK6,0058658,0.261,250ml,Milbona,1.19,,,4.76,4056489010753,Hrana,"1,09"
Ledena kava SK6,0058658,0.261,250ml,Milbona,1.19,,,4.76,4304493262102,Hrana,"1,09"
Kobasice za peèenje,0059530,0.3,300g,Alpenfest,4.49,,,14.97,20532994,Hrana,"4,49"
Maslac,0059587,0.25,250g,Pilos,2.49,,,9.96,4056489108375,Hrana,"2,75"
Punjena predjela SK2 (ATG 150g),0059849,0.27,270g,Eridanous,2.69,,,17.93,20532864,Hrana,"2,59"
Punjena predjela SK2 (ATG 150g),0059849,0.27,270g,Eridanous,2.69,,,17.93,20532871,Hrana,"2,59"
Amerièka pizza SK3,0059859,0.44,440g,MCENNEDY,3.29,,,7.48,4056489450856,Hrana,"2,89"
Grèki zaèini SK5,0060253,0.041,"35g,40g,50g",Eridanous,0.79,,,15.8,4056489644262,Hrana,"0,79"
Grèki zaèini SK5,0060253,0.041,"35g,40g,50g",Eridanous,0.79,,,19.75,4056489723646,Hrana,"0,79"
Grèki zaèini SK5,0060253,0.041,"35g,40g,50g",Eridanous,0.79,,,15.8,4056489723646,Hrana,"0,79"
Slatke kokice,0060378,0.25,250g,Let's have a party!,2.99,,,11.96,20553326,Hrana,"2,99"
Pizza šunka-šampinjoni XXL,0060812,1.02,3x340g,Trattoria Alfredo,6.59,,,6.46,4056489487715,Hrana,"6,49"
Dezodorans SK21,0062781,0.117,200ml,Cien,1.29,,,6.45,20549206,Kozmetika,"1,29"
Dezodorans muški SK15,0062785,0.123,200ml,Cien MEN,1.29,,,6.45,20321093,Kozmetika,"1,29"
Dezodorans muški SK15,0062785,0.123,200ml,Cien MEN,1.29,,,6.45,4056489235972,Kozmetika,"1,29"
Dezodorans muški SK15,0062785,0.123,200ml,Cien MEN,1.29,,,6.45,4056489547174,Kozmetika,"1,29"
Baguette 6er SK2,0062848,0.75,750g,Trattoria Alfredo,4.99,,,6.65,4056489450887,Hrana,"4,99"
Chardonnay IGP Terre Siciliane ,0063293,0.75,"0,75l",CORTE AURELIO,3.59,,,4.79,4056489220534,Piæe,"3,49"
Papirnate èaše,0065190,0.183,25komad,Grillmeister,1.89,,,0.08,20340834,Proizvodi za kuæanstvo,"2,49"
Sredstvo za èišæenje roštilja,0065263,0.3,400ml,Grillmeister,1.25,,,3.13,20342104,Sredstva za èišæenje,"1,59"
Family Cappuccino RFA SK10,0065268,0.5,500g,Bellarom,4.39,,,8.78,20084035,Piæe,"3,95"
Family Cappuccino RFA SK10,0065268,0.5,500g,Bellarom,4.39,,,8.78,20111410,Piæe,"3,95"
Family Cappuccino RFA SK10,0065268,0.5,500g,Bellarom,4.39,,,8.78,20441463,Piæe,"3,95"
Salama sort. XXL SK1,0065617,0.24,240g,Dulano,2.49,,,10.38,20339555,Hrana,"2,49"
"Svijetlo pivo 4,9% XXL",0065665,4.025,"8x0,5l",Perlenbacher,6.93,,,1.73,20342166,Piæe,"6,93"
"Svijetlo pivo 4,9% XXL",0065665,4.025,"8x0,5l",Perlenbacher,6.93,,,1.73,4056489237259,Piæe,"6,93"
Muffins XXL SK2,0065674,0.45,450g,Confiserie Firenze,3.39,,,7.53,20346355,Hrana,"3,39"
Krema za ruke SK6,0065854,0.109,"125ml,75ml",Cien,1.19,,,15.87,20334321,Kozmetika,"1,19"
Krema za ruke SK6,0065854,0.109,"125ml,75ml",Cien,1.19,,,9.52,20334338,Kozmetika,"1,19"
Krema za ruke SK6,0065854,0.109,"125ml,75ml",Cien,1.19,,,9.52,4056489234081,Kozmetika,"1,19"
Krema za ruke SK6,0065854,0.109,"125ml,75ml",Cien,1.19,,,9.52,4056489234098,Kozmetika,"1,19"
Odstr. laka za nokte bez acet. SK8,0065975,0.173,200ml,Cien,1.99,,,9.95,4056489320739,Kozmetika,"1,99"
Kalifornijske pistacije ,0067958,0.25,250g,Alesto,4.49,,,17.96,4335619014459,Hrana,"4,39"
Sjenilo za oèi SK3 ,0069833,0.003,1komad,Cien,1.85,,,1.85,20030728,Kozmetika,"1,85"
Temeljac SK2,0070146,0.14,140g,Kania,1.49,,,10.64,20366001,Hrana,"1,49"
Temeljac SK2,0070146,0.14,140g,Kania,1.49,,,10.64,20366018,Hrana,"1,49"
Maramice za èišæenje XXL SK1,0070686,1.64,4x80komad,W5,5.89,,,0.02,4335619136137,Proizvodi za kuæanstvo,"5,89"
Bitter Aperitiv 11% Vol.,0070927,0.762,"0,7l",Bitterol,3.99,,,5.7,4304493263123,Piæe,"3,99"
Složenac od krumpira i sira,0072137,0.4,400g,Deluxe,3.29,,,8.23,20382391,Hrana,"3,29"
Jumbo flips s kikirikijem,0072794,0.45,450g,Let's have a party!,2.49,,,5.53,4056489791973,Hrana,"2,49"
Espresso kava u zrnu RFA,0072859,1,1000g,Bellarom,16.99,,,16.99,4056489576778,Piæe,"13,99"
Mješavina povræa s maslacem ,0074143,0.4,400g,Freshona,1.69,,,4.23,20398460,Hrana,"1,59"
Premium torta SK1,0075239,0.75,750g,Deluxe,7.99,,,10.65,20518929,Hrana,"7,99"
Njega lica za muškarce SK6 ,0076409,0.051,50ml,Cien,2.39,,,47.8,20516499,Kozmetika,"2,59"
Sladoled SK40,0076562,0.513,1000ml,Bon Gelati,3.99,,,3.99,20707330,Hrana,"3,99"
Žvakaæe gume,0077222,0.014,14g,Jetgum,0.39,,,0.39,20389192,Hrana,"0,39"
Integralne tortilje 6x25cm,0077433,0.37,370g,Snack Day,1.49,,,4.03,4056489018636,Hrana,"1,25"
Grèki jogurt natur,0077784,0.5,4x125g,Milbona,1.99,,,3.98,20816636,Hrana,"1,99"
Grèki jogurt natur,0077784,0.5,4x125g,Milbona,1.99,,,3.98,4056489010722,Hrana,"1,99"
Sok od naranèe 12% ,0078018,2.909,"14x0,2l",Solevita,5.89,,,2.1,20415648,Piæe,"5,69"
BO Donut sa šeæerom,0078247,0.05,50g,,0.4,,,8,20417215,Hrana,"0,4"
XXL kobasica od mesa peradi,0078330,0.45,450g,Dulano,1.99,,,4.42,20491390,Hrana,"1,99"
Grill umak sort. SK14,0079343,0.359,300ml,Kania,1.99,,,6.63,20422455,Hrana,"1,59"
Grill umak sort. SK14,0079343,0.359,300ml,Kania,1.99,,,6.63,20542832,Hrana,"1,59"
Carinena Gran Reserva vino,0079897,0.75,"0,75l",Monte Plogar,3.19,,,4.25,4304493261624,Piæe,"3,99"
Klementina 1kg,0080088,1,1kg,,,1.79,1.79,1.79,3859893696152,Hrana,"1,45"
Naranèa 2kg,0080142,2,2kg,,2.48,,,1.24,20241681,Hrana,"2,48"
Šampinjoni smeði 250g,0083006,0.25,250g,,1.29,,,5.16,3858893060116,Hrana,"1,29"
Šampinjoni 500g,0083018,0.5,500g,,,1.29,1.89,2.58,3859889614757,Hrana,"1,89"
Šampinjoni rezani 250g,0083024,0.25,250g,,1.49,,,5.96,20554644,Hrana,"1,49"
Šampinjoni rezani 250g,0083024,0.25,250g,,1.49,,,5.96,3858893060253,Hrana,"1,49"
Šampinjoni rezani 250g,0083024,0.25,250g,,1.49,,,5.96,3859889614337,Hrana,"1,49"
Luk grano 750g,0083128,0.75,750g,,1.49,,,1.49,20753313,Hrana,"1,49"
Luk crveni 1kg,0083331,1,1kg,,0.94,,,0.94,20232092,Hrana,"0,83"
Luk crveni 2kg,0083333,2,2kg,,1.78,,,0.89,20242305,Hrana,"1,64"
Bio baby špinat,0084440,0.1,100g,,1.29,,,12.9,20059569,Hrana,"1,29"
Bio tikvica 500g,0084545,0.5,500g,,2.49,,,4.98,4005817079610,Hrana,"1,69"
BIO mrkva 500g,0084609,0.5,500g,,1.09,,,2.18,20568382,Hrana,"1,29"
Bio èešnjak 150g,0084614,0.15,150g,,1.49,,,9.93,20542764,Hrana,"1,29"
Bio zaèinsko bilje,0084647,0,1komad,,1.69,,,1.69,40897295,Hrana,"1,49"
Bio zaèinsko bilje,0084647,0,1komad,,1.69,,,1.69,4335619150133,Hrana,"1,49"
Sir SK3,0087009,0.175,175g,Eridanous,2.29,,,13.09,20668648,Hrana,"2,04"
Svježi cappelletti sort. SK7,0087019,0.25,250g,Deluxe,2.29,,,9.16,4335619112872,Hrana,"2,29"
Sjajilo za obuæu SK3,0087031,0.075,1komad,W5,1.29,,,1.29,20439033,Sredstva za èišæenje,"1,29"
Sjajilo za obuæu SK3,0087031,0.075,1komad,W5,1.29,,,1.29,20439071,Sredstva za èišæenje,"1,29"
Rioja DOCa blanco Joven,0087255,0.75,"0,75l",Cepa Lebrel,2.99,,,3.99,4056489114499,Piæe,"2,99"
Umaci na talijanski naèin SK1,0087611,0.35,350g,Italiamo,1.59,,,4.54,20431464,Hrana,"1,59"
Umaci na talijanski naèin SK1,0087611,0.35,350g,Italiamo,1.59,,,4.54,20431471,Hrana,"1,59"
Bio dimljeni losos,0088225,0.1,100g,Nautica,4.39,,,43.9,20442484,Hrana,"4,99"
Profiteroli,0088252,0.45,450g,Deluxe,3.99,,,8.87,20444112,Hrana,"3,79"
Fini umaci za tjesteninu SK1,0088272,0.35,350g,Deluxe,1.89,,,5.4,20448738,Hrana,"1,69"
Šampon protiv prhuti SK10,0088436,0.3,300ml,Cien,1.29,,,4.3,4056489424161,Kozmetika,"1,29"
Šampon protiv prhuti SK10,0088436,0.3,300ml,Cien,1.29,,,4.3,4056489688105,Kozmetika,"1,29"
Pommes Frites valoviti,0088539,1,1kg,Harvest Basket,2.89,,,2.89,4056489181538,Hrana,"2,89"
Tropska mješavina,0089995,0.75,750g,-,4.99,,,6.65,4056489123583,Hrana,"4,99"
Gel za tuširanje 3u1 SK16,0091976,0.309,300ml,Cien,1.05,,,3.5,4056489753063,Kozmetika,"1,05"
Krpe za domaæinstvo SK6,0092429,0.076,"5komad,6komad",W5,0.99,,,0.2,4335619105195,Proizvodi za kuæanstvo,"1,19"
Krpe za domaæinstvo SK6,0092429,0.076,"5komad,6komad",W5,0.99,,,0.2,4335619105201,Proizvodi za kuæanstvo,"1,19"
Krpe za domaæinstvo SK6,0092429,0.076,"5komad,6komad",W5,0.99,,,0.17,4335619105201,Proizvodi za kuæanstvo,"1,19"
"Farmer Cookies SK4, UTZ",0094327,0.2,200g,Sondey,2.29,,,11.45,20452735,Hrana,"2,29"
"Grašak s mrkvom, OM 265g",0094482,0.4,425ml,Freshona,1.09,,,4.11,20519100,Hrana,"1,29"
"Riblji štapiæi, panirani XXL",0096120,0.9,900g,Ocean Sea,6.99,,,7.77,20532444,Hrana,"6,99"
"Mix slanih grickalica, 300g",0096761,0.3,300g,Snack Day,1.49,,,4.97,20489144,Hrana,"1,49"
Pizza Mozzarella,0097153,0.335,335g,Trattoria Alfredo,2.49,,,7.43,4056489450917,Hrana,"2,49"
Pizza šunka,0097157,0.33,330g,Trattoria Alfredo,2.69,,,8.15,20516727,Hrana,"2,69"
"Pizza Mozzarella XXL, 3 kom.",0097163,1.005,3x335g,Trattoria Alfredo,6.49,,,6.46,20516659,Hrana,"5,99"
Zaèinsko ulje SK7,0097277,0.12,125ml,Deluxe,2.39,,,19.12,20518868,Hrana,"2,39"
Zaèinska mješavina SK7,0097448,0.047,"40g,45g,50g,55g",Deluxe,2.29,,,57.25,20520137,Hrana,"1,79"
Trans. sprej za sunèanje ZF 30,0097729,0.224,250ml,Cien Sun,5.49,,,21.96,4335619130517,Kozmetika,"6,99"
Hrana za maèke premium SK16,0097851,1.2,12x100g,Coshida,,2.99,4.19,2.49,4056489142607,Proizvodi za kuæanstvo,"4,19"
Kuhana šunka XXL,0105639,0.25,250g,Dulano,2.55,,,10.2,4056489114703,Hrana,"3,19"
Predjela na talijanski naèin SK16,0107005,0.288,"285g,300g",Italiamo,2.49,,,8.74,20488819,Hrana,Nije_bilo_u_prodaji_02.05.2025
Edamer u listiæima XXL,0108391,1,1000g,Milbona,8.49,,,8.49,20603373,Hrana,"8,99"
Premium Sol u mlincu SK11,0108674,0.153,"180g,70g",Deluxe,3.59,,,19.94,20611781,Hrana,"3,89"
Hrskava piletina u košari SK2,0108921,0.65,650g,MCENNEDY,5.99,,,9.22,20615178,Hrana,"5,49"
Hrskava piletina u košari SK2,0108921,0.65,650g,MCENNEDY,5.99,,,9.22,20615185,Hrana,"5,49"
Tekuæi puder SK7,0111947,0.034,30ml,Cien,2.89,,,2.89,20065379,Kozmetika,"2,89"
Tekuæi puder SK7,0111947,0.034,30ml,Cien,2.89,,,2.89,20065386,Kozmetika,"2,89"
Maslac za usne SK10,0112665,0.008,"3,3ml",Cien,2.49,,,2.49,20907884,Kozmetika,"2,49"
Maslac za usne SK10,0112665,0.008,"3,3ml",Cien,2.49,,,2.49,20955076,Kozmetika,"2,49"
Maslac za usne SK10,0112665,0.008,"3,3ml",Cien,2.49,,,2.49,20955090,Kozmetika,"2,49"
Tvrdi planinski sir SK1,0113436,0.2,200g,Alpenfest,2.29,,,11.45,20643935,Hrana,"2,29"
Coleslaw salata,0114693,0.35,350g,McEnnedy,1.99,,,5.69,20684396,Hrana,"1,59"
Sir narezak SK4,0115279,0.175,175g,Alpenfest,2.39,,,13.66,20696405,Hrana,"2,39"
"Gumene rukavice, 2 para SK3",0115731,0.066,4komad,W5,0.99,,,0.25,20655013,Proizvodi za kuæanstvo,"0,99"
"Gumene rukavice, 2 para SK3",0115731,0.066,4komad,W5,0.99,,,0.25,20655020,Proizvodi za kuæanstvo,"0,99"
"Gumene rukavice, 2 para SK3",0115731,0.066,4komad,W5,0.99,,,0.25,4056489714705,Proizvodi za kuæanstvo,"0,99"
Grissini SK4,0116673,0.25,250g,Italiamo,1.89,,,7.56,20184728,Hrana,"1,79"
Sjenilo za oèi SK1,0116878,0.003,3g,Cien,1.58,,,1.58,20657086,Kozmetika,"1,58"
Turska gotova jela SK6,0119102,0.461,"275g,540g",1001 delights,3.29,,,6.09,20793203,Hrana,"3,29"
Hummus SK1,0119130,0.2,200g,1001 delights,1.39,,,6.95,20757816,Hrana,"1,49"
Olovka za oèi / obrve SK2 ,0119367,0.002,1komad,Cien,1.49,,,1.49,20759315,Kozmetika,"1,49"
Mini uskršnje figure SK3,0119495,0.125,125g,Favorina,1.99,,,15.92,20759902,Hrana,"1,99"
Balzam za usne SK5,0119613,0.005,1komad,Cien,0.99,,,0.99,20760403,Kozmetika,"0,99"
Zeleni èaj UTZ SK21,0119798,0.044,"25x1,75g",Lord Nelson,1.59,,,1.59,20382537,Piæe,"1,29"
Piletina Party-Box,0122006,1,1000g,Let's have a party!,10.99,,,10.99,4056489619765,Hrana,"10,99"
BO uskršnji krušèiæ,0122289,0.42,400g,,2.69,,,6.73,4056489592624,Hrana,"2,29"
Piškote XXL,0122305,0.5,500g,Sondey,1.99,,,3.98,20816353,Hrana,"1,99"
Tekuæi jogurt  SK8,0122949,0.85,850g,Milbona,1.89,,,2.22,4304493270459,Hrana,"1,89"
Bademi,0123652,0.2,200g,Alesto Selection,2.99,,,14.95,20724696,Hrana,"2,49"
Medenjaci s èokoladom SK1,0123657,0.5,500g,Tastino,2.39,,,4.78,20057411,Hrana,"2,99"
Medenjaci s èokoladom SK1,0123657,0.5,500g,Tastino,2.39,,,4.78,20537708,Hrana,"2,99"
Krokant SK1,0124350,0.1,100g,Belbake,1.29,,,12.9,20840150,Hrana,"0,99"
Orahnjaèa,0127582,0.3,295g,,2.19,,,7.42,4334035166803,Hrana,"2,19"
"Mesne okruglice na grèki naèin, SK1",0128492,0.28,280g,Eridanous,2.39,,,8.54,20276751,Hrana,"2,39"
Mild Instant kava,0128613,0.2,200g,Bellarom,5.85,,,29.25,4056489224532,Piæe,"5,85"
Topljeni sir XXL,0128667,0.533,533g,Milbona,4.99,,,9.36,20919214,Hrana,"4,49"
Grandioso puding SK7,0128681,0.175,175g,Milbona,0.79,,,4.51,4056489656166,Hrana,"0,69"
Grandioso puding SK7,0128681,0.175,175g,Milbona,0.79,,,4.51,4056489656173,Hrana,"0,69"
Veganska pizza SK1,0129141,0.37,"350g,390g",Vemondo,1.99,,,5.69,20936549,Hrana,"1,59"
Vreæice za zamrzavanje [50µ] SK2,0131735,0.132,"15komad,20komad",Aromata,1.23,,,0.06,20991326,Proizvodi za kuæanstvo,"1,85"
Cheeseburger SK9,0131898,0.32,320g,Chef Select,2.99,,,9.34,20995324,Hrana,"2,89"
"Svinjski kare, cca. 1100-1800g",0132526,1,ca.1100-1800g,,2.99,,,2.99,2865370000000,Hrana,"4,75"
Njega za zube SK12,0132608,0.046,"1komad,6komad",Dentalux,1.99,,,1.99,20525095,Kozmetika,"1,99"
Argentinski Malbec Mendoza (EUA),0132659,0.75,"0,75l",Cimarosa,3.99,,,5.32,4304493263550,Piæe,"3,99"
Liker od smokve i š.,0132994,0.24,"12x0,02l",Funtastix,4.59,,,19.13,40878430,Piæe,"4,59"
Pacifièke kozice u umaku SK12,0135387,0.1,100g,Vitasia,2.69,,,26.9,4056489107866,Hrana,"2,69"
Pacifièke kozice u umaku SK12,0135387,0.1,100g,Vitasia,2.69,,,26.9,4056489421429,Hrana,"2,69"
Zaèinski mlinac SK64,0135864,0.035,35g,Kania,1.79,,,1.79,20046804,Hrana,"1,99"
Zaèinski mlinac SK64,0135864,0.035,35g,Kania,1.79,,,1.79,20046903,Hrana,"1,99"
Pinot Noir Vin de France,0135965,0.75,"0,75l",-,3.49,,,4.65,4056489415138,Piæe,"3,49"
Pinot Noir Vin de France,0135965,0.75,"0,75l",-,3.49,,,4.65,4056489644101,Piæe,"3,49"
Chardonnay Navarra,0136997,0.75,"0,75l",Mezquiriz,3.79,,,5.05,4056489790655,Piæe,"2,79"
Šumeæe tablete željezo,0137081,0.08,20komad,Optisana,1.15,,,0.06,20090562,Hrana,"1,15"
Craft pivo SK1,0137230,0.5,"0,5l",-,1.49,,,2.98,4054500121020,Piæe,"1,29"
Mortadela s tartufima,0139812,0.1,100g,Deluxe,2.29,,,22.9,20214180,Hrana,"2,29"
Slanutak,0139838,0.5,500g,Campo Largo,1.19,,,2.38,20214524,Hrana,"1,19"
Kakao s vitaminima RFA,0140050,0.8,800g,Goody Cao,5.49,,,6.86,4056489009979,Piæe,"4,99"
Èokoladne bubamare SK1,0141033,0.1,100g,Favorina,2.29,,,22.9,20622268,Hrana,"2,29"
Èokoladni zec SK1,0141301,0.05,50g,Favorina,0.99,,,19.8,20758479,Hrana,"0,99"
Alpro Napitak od badema,0141360,1,1l,,2.19,,,2.19,5411188110835,Hrana,"1,99"
Pure Taste Suha hrana za pse SK1,0141821,1.5,"1,5kg",Orlando Pure Taste,4.49,,,2.99,4056489017097,Proizvodi za kuæanstvo,"4,49"
Maslinovo ulje SK4,0141884,0.458,500ml,Primadonna,4.19,,,8.38,4056489017486,Hrana,"5,79"
Maslinovo ulje SK4,0141884,0.458,500ml,Primadonna,4.19,,,8.38,4056489017493,Hrana,"5,79"
Maslinovo ulje SK4,0141884,0.458,500ml,Primadonna,4.19,,,8.38,4056489973027,Hrana,"5,79"
Vodka Premium ,0143995,0.47,"0,5l",Korol,6.39,,,12.78,4304493268289,Piæe,"4,99"
Mlj. èok. s raznim punjenjem SK1,0144007,0.299,"295g,300g",Fin Carré,4.49,,,15.22,4056489030041,Hrana,"4,49"
Razlièiti deserti SK10,0144346,0.5,500g,Deluxe,3.79,,,7.58,4056489102663,Hrana,"3,79"
Mješavina zaèina SK1,0144360,0.054,"45g,50g,55g,65g",Duc de Coeur,2.19,,,48.67,4056489032021,Hrana,"2,19"
Mješavina zaèina SK1,0144360,0.054,"45g,50g,55g,65g",Duc de Coeur,2.19,,,43.8,4056489032021,Hrana,"2,19"
Mješavina zaèina SK1,0144360,0.054,"45g,50g,55g,65g",Duc de Coeur,2.19,,,39.82,4056489032021,Hrana,"2,19"
Mješavina zaèina SK1,0144360,0.054,"45g,50g,55g,65g",Duc de Coeur,2.19,,,39.82,4056489032052,Hrana,"2,19"
Mini mix sladoled XXL,0144565,0.576,16x50ml,Bon Gelati,6.79,,,8.49,4056489375159,Hrana,"6,39"
Višekratna mrežica za voæe i povræe,0144601,0.015,2komad,-,0.89,,,0.45,4056489224341,Proizvodi za kuæanstvo,"0,89"
Pizza s gljivama,0145265,0.365,365g,Trattoria Alfredo,2.49,,,6.82,4056489451112,Hrana,"2,49"
Picco Pizzi SK26,0146099,0.36,360g,Trattoria Alfredo,3.99,,,11.08,4056489442998,Hrana,"3,99"
Picco Pizzi SK26,0146099,0.36,360g,Trattoria Alfredo,3.99,,,11.08,4056489953814,Hrana,"3,99"
Tuna u maslinovom ulju (OM 104g),0149126,0.16,160g,Nixe,1.89,,,18.17,4056489181125,Hrana,"1,89"
"Salama goveða, per., dimljena SK1",0149371,0.115,"100g,130g",Dulano,2.39,,,23.9,4056489182634,Hrana,"1,99"
"Votka 37,5%",0149867,0.666,"0,7l",,8.49,,,12.13,4056489192770,Piæe,"6,29"
Mini pizza SK1,0150165,0.222,"212g,232g",Trattoria Alfredo,2.69,,,12.69,4056489199397,Hrana,"2,49"
Vreæe za smeæe 35l SK1,0150305,0.222,30komad,Purio,1.19,,,0.04,4056489202516,Proizvodi za kuæanstvo,Nije_bilo_u_prodaji_02.05.2025
Vreæe za smeæe 35l SK1,0150305,0.222,30komad,Purio,1.19,,,0.04,4056489202523,Proizvodi za kuæanstvo,Nije_bilo_u_prodaji_02.05.2025
Premium suha hrana za maèke SK6,0150382,0.8,800g,Coshida Selection,2.79,,,3.49,4056489326434,Proizvodi za kuæanstvo,"2,79"
Mortadela sa maslinama i papr.,0150420,0.125,125g,Italiamo,1.89,,,15.12,4056489204190,Hrana,"1,79"
Dezodorans SK16,0150788,0.053,50ml,Cien,0.99,,,19.8,20918927,Kozmetika,"1,05"
Dezodorans SK16,0150788,0.053,50ml,Cien,0.99,,,19.8,4056489643616,Kozmetika,"1,05"
Zaèini SK1,0154517,0.127,"100g,120g,140g,130g",Kania,1.69,,,14.08,4056489279419,Hrana,"1,69"
Zaèini SK1,0154517,0.127,"100g,120g,140g,130g",Kania,1.69,,,13,4056489279426,Hrana,"1,69"
Tekuæi deterdžent 100 pranja,0154601,5.15,5l,Formil,9.99,,,2,4056489789093,Sredstva za èišæenje,"9,95"
Univerzalno sred. za èišæenje,0154959,1.5,"1,5l",W5,1.69,,,1.69,4056489295433,Sredstva za èišæenje,Nije_bilo_u_prodaji_02.05.2025
Univerzalno sred. za èišæenje,0154959,1.5,"1,5l",W5,1.69,,,1.69,4056489295440,Sredstva za èišæenje,Nije_bilo_u_prodaji_02.05.2025
Univerzalno sred. za èišæenje,0154959,1.5,"1,5l",W5,1.69,,,1.69,4335619363724,Sredstva za èišæenje,Nije_bilo_u_prodaji_02.05.2025
Arnold Sörensen Skuša u sun. ulju,0154969,0.125,125g,,1.59,,,18.07,4751007735223,Hrana,"1,59"
Vreæe za smeæe,0154982,0.32,40komad,Purio,1.29,,,0.03,4056489375722,Proizvodi za kuæanstvo,"1,29"
Fortune cookies,0155131,0.06,60g,Let's have a party!,1.99,,,33.17,4056489299226,Hrana,"1,59"
Kuhano vino borovnica  9% vol.,0156226,1,1l,-,2.99,,,2.99,4056489869320,Piæe,"1,99"
Mlijeèna èokolada s cijelim badem.,0156659,0.1,100g,Fin Carré,1.69,,,16.9,4056489321453,Hrana,"1,69"
Prosciutto Cotto XXL,0156730,0.24,240g,Dulano Selection,2.99,,,12.46,4056489537960,Hrana,"2,99"
Cookie Dough SK3,0157167,0.06,60g,MCENNEDY,1.19,,,19.83,4056489326250,Hrana,"0,93"
Deterdžent za pranje rublja SK1,0157797,5.4,5l,Formil,10.99,,,2.2,4056489336150,Sredstva za èišæenje,"8,59"
Deterdžent za pranje rublja SK1,0157797,5.4,5l,Formil,10.99,,,2.2,4056489451365,Sredstva za èišæenje,"8,59"
Antibakterijski gel za hig. ruku,0158136,0.057,50ml,Cien,0.69,,,13.8,4056489368021,Kozmetika,"0,65"
Nature Šampon za kosu SK1,0158151,0.21,200ml,Cien Nature,2.29,,,11.45,4056489671817,Kozmetika,"2,29"
Bio tjestenina SK1,0162406,0.25,250g,Combino,1.59,,,6.36,4056489290674,Hrana,"1,49"
Bio tjestenina SK1,0162406,0.25,250g,Combino,1.59,,,6.36,4056489290681,Hrana,"1,49"
Veganski pesto umak SK1,0162808,0.19,190g,Vemondo,1.49,,,7.84,4056489441281,Hrana,"1,59"
Veganski pesto umak SK1,0162808,0.19,190g,Vemondo,1.49,,,7.84,4056489441304,Hrana,"1,59"
Mljeveni muškatni orašèiæi,0162815,0.045,45g,Kania,1.19,,,1.19,4056489441335,Hrana,"1,19"
TK Veganski odrezak u cornf. panadi,0162914,0.3,300g,Vemondo,2.59,,,8.63,4056489442370,Hrana,"2,59"
Vafli s 32% svježih jaja XXL,0163106,0.335,335g,Confiserie Firenze,2.19,,,6.54,4056489443728,Hrana,"1,99"
Vafli s 32% svježih jaja XXL,0163106,0.335,335g,Confiserie Firenze,2.19,,,6.54,4335619014978,Hrana,"1,99"
Salata od kupusa,0163168,0.4,400g,Eridanous,1.59,,,3.98,4056489447184,Hrana,"1,59"
Maslac od kikirikija SK4,0163186,0.454,454g,Maribel,3.05,,,6.72,4056489424925,Hrana,"3,05"
Jednokratna britvica,0163333,0.057,10komad,Cien MEN,1.59,,,0.16,4056489869917,Kozmetika,"1,59"
Bio Tofu,0163485,0.3,300g,Vemondo,1.79,,,5.97,4056489451686,Hrana,"1,99"
Sredstvo za održavanje perilice SK1,0164035,0.521,2x250ml,W5,1.99,,,3.98,4056489456391,Sredstva za èišæenje,"1,99"
Sredstvo za održavanje perilice SK1,0164035,0.521,2x250ml,W5,1.99,,,3.98,4056489664475,Sredstva za èišæenje,"1,99"
Sredstvo za održavanje perilice SK1,0164035,0.521,2x250ml,W5,1.99,,,3.98,4335619010352,Sredstva za èišæenje,"1,99"
Kompletna hrana za maèke SK20,0164210,0.415,415g,Coshida,0.89,,,2.14,20103132,Proizvodi za kuæanstvo,"0,89"
Schwarzwald Gin & Tonic 5% Vol.,0165163,0.327,"0,33l",-,1.19,,,3.61,4056489463412,Piæe,"1,19"
Šunka s medom ili hrenom SK4,5007111,0.15,150g,Deluxe,2.05,,,13.67,4056489863700,Hrana,"2,09"
Šunka s medom ili hrenom SK4,5007111,0.15,150g,Deluxe,2.05,,,13.67,4056489863724,Hrana,"2,09"
"Bio Lassi Mango 3,6%",5008669,0.23,230ml,Milbona,0.99,,,4.3,4056489449843,Hrana,"0,99"
Dimljena šunka SK2,5010113,0.15,150g,Alpenfest,1.89,,,12.6,4056489629986,Hrana,"1,89"
L.Casei Active Drink SK1,5010625,0.4,4x100g,Milbona,1.35,,,3.38,4056489861904,Hrana,"1,35"
L.Casei Active Drink SK1,5010625,0.4,4x100g,Milbona,1.35,,,3.38,4056489861911,Hrana,"1,35"
L.Casei Active Drink SK1,5010625,0.4,4x100g,Milbona,1.35,,,3.38,4056489861928,Hrana,"1,35"
High Protein Shot SK3,5011916,0.4,4x100g,Milbona,2.39,,,5.98,4335619038479,Hrana,"2,39"
Salafini SK2,5012515,0.08,80g,Deluxe,1.79,,,22.38,4335619223516,Hrana,Nije_bilo_u_prodaji_02.05.2025
Sirevi SK1,5200709,0.14,140g,Hatherwood,2.99,,,21.36,4056489335801,Hrana,"2,99"
Britanski Cheddar sir SK3,5200784,0.25,250g,Deluxe,3.79,,,15.16,4056489851172,Hrana,"3,29"
Cheddar sir SK2,5200949,0.15,150g,Milbona,2.69,,,17.93,20575342,Hrana,"2,39"
Cake Angels Ukrasi za tortu SK2,5202468,0.113,"102g,113g,123g",,3.49,,,28.37,5030101027922,Hrana,"3,29"
Cake Angels Ukrasi za tortu SK2,5202468,0.113,"102g,113g,123g",,3.49,,,30.88,5030101027939,Hrana,"3,29"
Cake Angels Ukrasi za tortu SK2,5202468,0.113,"102g,113g,123g",,3.49,,,34.22,5030101027946,Hrana,"3,29"
Cake Angels Ukrasi za tortu SK2,5202468,0.113,"102g,113g,123g",,3.49,,,30.88,5030101027946,Hrana,"3,29"
Cake Angels Ukrasi za tortu SK2,5202468,0.113,"102g,113g,123g",,3.49,,,28.37,5030101027946,Hrana,"3,29"
"Stakleni lampion L1, 120g",5502677,0.46,1komad,-,1.03,,,1.03,20116347,Proizvodi za kuæanstvo,"1,03"
Sladoled u kornetu pistacija,5503268,0.068,120ml,Ballino,0.69,,,5.75,20689636,Hrana,"0,69"
Slanina XXL SK1,5505516,0.13,130g,Pikok,1.19,,,9.15,20762742,Hrana,"1,19"
Hrenovke XXL,5505584,0.92,920g,Pikok,5.99,,,6.51,4056489061106,Hrana,"6,29"
Mesni narezak,5512900,0.3,300g,Baroni,1.99,,,6.63,20931124,Hrana,"1,99"
Tekuæi sapun SK9,5514468,0.52,500ml,Cien,0.79,,,1.58,20982799,Kozmetika,"0,89"
Tekuæi sapun SK1,5514501,1.05,1l,Cien,1.59,,,1.59,20982829,Kozmetika,"1,59"
Tekuæi sapun SK1,5514501,1.05,1l,Cien,1.59,,,1.59,4056489622550,Kozmetika,"1,59"
Pašteta SK3,5516355,0.13,130g,Baroni,0.59,,,4.54,4056489586999,Hrana,"0,59"
"Šam., gel i kupka 3u1 SK6",5516395,0.515,500ml,Cien,1.69,,,3.38,4335619008335,Kozmetika,"1,69"
Vlažne maramice za èišæenje SK3,5516867,0.439,"50komad,60komad",W5,1.59,,,0.03,20063313,Proizvodi za kuæanstvo,"1,49"
Vlažne maramice za èišæenje SK3,5516867,0.439,"50komad,60komad",W5,1.59,,,0.03,4056489261285,Proizvodi za kuæanstvo,"1,49"
Kobasica za pse SK5,5517676,1,1000g,Orlando,1.79,,,1.79,20146511,Proizvodi za kuæanstvo,"1,49"
"Lak za nokte ""Valentinovo"" SK2",5518746,0.009,8ml,Cien,0.99,,,0.99,5901801641568,Kozmetika,"0,89"
"Lak za nokte ""Valentinovo"" SK2",5518746,0.009,8ml,Cien,0.99,,,0.99,5901801652427,Kozmetika,"0,89"
"Lak za nokte ""Valentinovo"" SK2",5518746,0.009,8ml,Cien,0.99,,,0.99,5901801652496,Kozmetika,"0,89"
"Lak za nokte ""Valentinovo"" SK2",5518746,0.009,8ml,Cien,0.99,,,0.99,5901801652502,Kozmetika,"0,89"
Mirisne luèice SK7 ,5519199,0.214,18komad,-,1.59,,,0.09,4056489535959,Proizvodi za kuæanstvo,"1,59"
Mirisne luèice SK7 ,5519199,0.214,18komad,-,1.59,,,0.09,4056489535997,Proizvodi za kuæanstvo,"1,59"
Odstranjivaè mrlja SK2,5519788,0.75,750g,Formil,2.75,,,3.67,20342258,Sredstva za èišæenje,"2,75"
Sapun iz Provanse SK10,5603194,0.1,100g,Duc de Coeur,0.79,,,7.9,3511720126019,Kozmetika,"0,79"
Sapun iz Provanse SK10,5603194,0.1,100g,Duc de Coeur,0.79,,,7.9,4056489566304,Kozmetika,"0,79"
Izbor finih sireva,5605045,0.37,370g,,10.49,,,28.35,3529380010623,Hrana,"9,99"
Kesten krema,5606587,0.325,325g,Deluxe,1.99,,,6.12,4056489614531,Hrana,"2,49"
Francuski kolaèiæ s èokoladom,5608800,0.4,400g,Duc de Coeur,2.95,,,7.38,4056489194910,Hrana,Nije_bilo_u_prodaji_02.05.2025
Keks Bacino,5612562,0.336,336g,Italiamo,3.19,,,9.49,4056489370161,Hrana,"3,29"
Salama iz Provanse,5615417,0.25,250g,French Style,3.39,,,13.56,4056489613503,Hrana,"3,39"
Pita s porilukom,5617736,0.4,400g,Duc de Coeur,2.79,,,6.98,4056489759409,Hrana,"2,19"
Blub Blub Party piæe šumsko voæe,5618881,0.75,"0,75l",Solevita,2.49,,,3.32,4056489568810,Piæe,"2,05"
Blub blub Party piæe jagoda,5618882,0.75,"0,75l",Solevita,2.49,,,3.32,4056489568827,Piæe,"2,05"
Losos u lisnatom tijestu,5619268,0.75,750g,Deluxe,7.19,,,9.59,4056489842927,Hrana,"8,39"
Xmas Mallow Pop,5620721,0.035,35g,,0.75,,,21.43,3395503239246,Hrana,"1,29"
Francuski sir SK1,5622210,0.168,"150g,170g,200g",,3.65,,,21.47,3492848349002,Hrana,Nije_bilo_u_prodaji_02.05.2025
Lizalica,5623283,0.035,35g,,0.79,,,22.57,3395503240877,Hrana,Nije_bilo_u_prodaji_02.05.2025
Suha hrana za pse ,5700250,4,4kg,Orlando,6.99,,,1.75,20528263,Proizvodi za kuæanstvo,"6,99"
Krem jogurt SK6,5700343,0.135,135g,Sol&Mar,0.99,,,7.33,20705503,Hrana,"0,99"
Napitak èoko-lješnjak,5711731,1.021,1l,Vemondo,1.49,,,1.49,4056489320364,Hrana,Nije_bilo_u_prodaji_02.05.2025
Duroc Bacon,5713663,0.1,100g,Deluxe,1.99,,,19.9,4056489510710,Hrana,"1,99"
"San Miguel pivo 5,4% Vol.",5714917,0.5,50cl,,1.39,,,2.78,8410655003820,Piæe,"1,39"
Torta SK1,5715976,0.18,2x90g,Milbona,1.39,,,7.72,4056489689164,Hrana,"1,39"
Proteinski smoothie SK3,5719617,0.35,330ml,Solevita,2.19,,,6.64,4335619208926,Hrana,Nije_bilo_u_prodaji_02.05.2025
Proteinski smoothie SK3,5719617,0.35,330ml,Solevita,2.19,,,6.64,4335619208933,Hrana,Nije_bilo_u_prodaji_02.05.2025
"Mascarpone bez laktoze, 41%",6009178,0.25,250g,Milbona,2.29,,,9.16,4056489098607,Hrana,"2,59"
Mascarpone 41% m.m.,6009179,0.5,500g,Italiamo,3.89,,,7.78,4056489098614,Hrana,"3,99"
Kakao biskvit s mlijeè. punj.,6009231,0.12,4x30g,Milbona,1.35,,,11.25,4056489098690,Hrana,"1,35"
Džem od sicilijanskog voæa SK1,6009284,0.36,360g,Italiamo,2.99,,,8.31,4056489098904,Hrana,"2,99"
Depilacijske trake SK4,6009602,0.057,"16komad,32komad,40komad",Cien,1.99,,,0.06,4056489523567,Kozmetika,"1,99"
Svježa tjestenina SK41,6009605,0.25,250g,Italiamo,1.79,,,7.16,20685195,Hrana,"1,79"
Lasagne,6012746,0.5,500g,Italiamo,1.59,,,3.18,8009940031404,Hrana,"1,59"
Punjeni panzerotti ,6012861,0.25,250g,Deluxe,1.59,,,6.36,4056489161806,Hrana,"1,59"
Buðola s bobicama kleke,6013276,0.1,100g,Deluxe,2.99,,,29.9,4056489523130,Hrana,"2,99"
Mini ravioli SK1,6013309,0.25,250g,Deluxe,1.69,,,6.76,4056489347187,Hrana,"1,69"
Svježa tjestenina SK61,6013609,0.25,250g,Italiamo,1.79,,,7.16,20849856,Hrana,"1,79"
Sladoled vanilija-èokolada-keks,6014162,0.37,370g,Gelatelli,2.59,,,7,4056489525653,Hrana,Nije_bilo_u_prodaji_02.05.2025
Provoletta sir XXL SK4,6014188,0.165,165g,Italiamo,1.99,,,12.06,4056489630975,Hrana,"1,89"
Ricotta desert SK4,6014676,0.11,110g,Deluxe,1.99,,,18.09,4335619027930,Hrana,"1,59"
Lasagne od durum pšenice,6014771,0.5,500g,Combino,1.79,,,3.58,4056489633341,Hrana,"1,79"
Ricotta di Bufala,6015308,0.095,95g,Italiamo,0.79,,,8.32,4056489721710,Hrana,"0,65"
Scamorza sir SK6,6015657,0.3,300g,Italiamo,2.79,,,9.3,20622664,Hrana,"2,79"
Fiocchetto SK1,6016595,0.08,80g,Deluxe,2.3,,,28.75,4056489891253,Hrana,Nije_bilo_u_prodaji_02.05.2025
Mozzarella u listiæima,6016692,0.2,200g,Milbona,2.79,,,13.95,4056489891642,Hrana,"2,65"
Burger s leæom i špinatom,6017082,0.16,2x80g,Vemondo,2.09,,,13.06,4335619023345,Hrana,"2,09"
Jastuèiæi punjeni špinatom i sirom,6200000,1,1000g,Eridanous,3.49,,,3.49,20068417,Hrana,"3,49"
Ružmarin,6406203,0.015,15g,Kania,0.39,,,0.39,20151423,Hrana,"0,39"
Posebna salama od mesa peradi SK1,6406333,0.5,500g,Pikok,1.59,,,3.18,4056489158066,Hrana,"1,59"
"Pureæi batak, cca. 750g",6406798,1,ca. 750g,-,4.19,,,4.19,2881962000000,Hrana,"3,99"
Bio cvjetni med,6407389,0.25,250g,-,2.79,,,11.16,4056489157724,Hrana,"3,49"
Negazirano piæe od jabuke 25%,6407588,0.2,"0,2l",-,0.45,,,2.25,4056489158134,Piæe,"0,45"
Müsli ploèice s kakaom i kokosom,6700647,0.03,30g,First Nice,0.29,,,0.29,20123543,Hrana,"0,29"
Jabuèni ocat 5%,6700827,1.008,1l,-,1.05,,,1.05,20445744,Hrana,"1,05"
Šunka SK1,6701933,0.3,300g,Pikok,2.69,,,8.97,20671525,Hrana,"2,69"
Dragee's SK9,6703020,0.016,16g,Amanie,0.39,,,0.39,20672799,Hrana,"0,39"
Sorbitol bomboni,6703999,0.025,25g,Amanie,0.79,,,0.79,20837273,Hrana,"0,79"
Namaz SK12,6704770,0.135,135g,Chef Select,1.49,,,11.04,20536015,Hrana,"1,49"
Zobena kaša s èokoladom,6706566,0.065,65g,Crownfield,0.39,,,6,20107543,Hrana,"0,45"
Zobena kaša s jabukom i cimetom,6706568,0.065,65g,Crownfield,0.39,,,6,4056489195870,Hrana,"0,45"
Müsli ploèice jabuka,6714740,0.03,30g,Crownfield,0.29,,,0.29,4056489724339,Hrana,"0,29"
Mini salama SK1,6715688,0.06,60g,Deluxe,1.19,,,19.83,4056489725992,Hrana,Nije_bilo_u_prodaji_02.05.2025
Mini salama SK1,6715688,0.06,60g,Deluxe,1.19,,,19.83,4056489726005,Hrana,Nije_bilo_u_prodaji_02.05.2025
Jastuèiæi bez glutena SK1,6715938,0.15,150g,Crownfield,1.19,,,7.93,4056489909279,Hrana,Nije_bilo_u_prodaji_02.05.2025
Rižini vafli s morskom soli,6718141,0.13,130g,Tastino,1.09,,,8.38,4335619059351,Hrana,Nije_bilo_u_prodaji_02.05.2025
Štapiæi s kikirikijem,6900035,0.15,150g,Snack Day,0.85,,,5.67,20781255,Hrana,"0,85"
"Feferoni blagi, OM 320g",6900307,0.32,720ml,Freshona,2.19,,,6.84,20438197,Hrana,2.19
Èajna kobasica,6900372,0.5,500g,Pikok,5.49,,,10.98,4056489925903,Hrana,"5,49"
PPK Pašteta SK1,6900387,0.1,100g,,0.69,,,6.9,3858881615069,Hrana,"0,69"
Dolcela Puding SK1,6900762,0.156,"4x37g,4x45g",,2.09,,,11.61,3850104238307,Hrana,"2,09"
Dolcela Puding SK1,6900762,0.156,"4x37g,4x45g",,2.09,,,11.61,3850104244100,Hrana,"2,09"
Dolcela Puding SK1,6900762,0.156,"4x37g,4x45g",,2.09,,,11.61,3850104276514,Hrana,"2,09"
Fant Fix Punjena Paprika/Sarma umak,6900768,0.06,60g,,1.39,,,23.17,3850104075513,Hrana,"1,39"
Rondo C Classic bomboni,6901373,0.028,28g,,0.69,,,0.69,38502934,Hrana,"0,59"
Vrhnje za kuhanje 10% m.m.,6901477,0.5,500ml,Pilos,2.29,,,4.58,4056489317784,Hrana,"2,29"
Medena pita,6901514,0.3,300g,Okusi zavièaja,,3.99,4.89,13.3,20778613,Hrana,"4,89"
Helf Bomboni original,6901518,0.04,40g,,0.69,,,0.69,3877000471041,Hrana,"0,69"
Helf Bomboni original,6901518,0.04,40g,,0.69,,,0.69,8600076030004,Hrana,"0,69"
Bruschette Maretti s povræem,6901568,0.15,150g,,1.25,,,8.33,3800205872924,Hrana,"1,59"
Sušena tjestenina makaroni,6901578,1,1kg,Combino,1.39,,,1.39,20662196,Hrana,1.46
Flips s kikirikijem XXL,6901623,0.2,200g,Snack Day,0.79,,,3.95,20779405,Hrana,"0,69"
Skaramuèa Plavac,6901643,0.754,"0,75l",,5.59,,,7.45,3859888214026,Piæe,"5,49"
Domaæi rezanci s jajima XXL,6901673,0.5,500g,Okusi zavièaja,1.39,,,2.78,20779726,Hrana,"1,29"
Roštilj kobasice  XXL SK2,6901702,0.7,700g,Pikok,3.69,,,5.27,20779368,Hrana,"3,69"
"Havana 3 Years Old Rum, 37,5%",6901710,0.7,"0,7l",,16.15,,,23.07,8501110080231,Piæe,"16,15"
Napolitanke XXL SK3,6901722,1,1000g,Tastino,2.59,,,2.59,20779641,Hrana,"2,59"
Vivis Svježi krem sir natur,6901749,0.2,200g,,2.19,,,10.95,3850108058482,Hrana,"2,19"
Podravka pileæa pašteta,6901759,0.095,95g,,0.89,,,9.37,3858886469179,Hrana,"0,89"
"Dalmatinski pršut kom. sk, cca. 7kg",6901927,1,cca. 7kg,Okusi zavièaja,13.99,,,13.99,2847840000000,Hrana,"12,99"
Svježi sir XXL,6901957,1,1kg,Okusi zavièaja,2.89,,,2.89,20780586,Hrana,"2,89"
"Dukat Tekuæi jogurt 2,8% m.m.",6902226,1.5,"1,5kg",,2.39,,,1.59,3850354006633,Hrana,"1,95"
Zvijezda Suncokretovo ulje,6902243,0.92,1l,,1.69,,,1.69,3858882210010,Hrana,"1,69"
Zvijezda Stolni margarin,6902244,0.25,250g,,1.15,,,4.6,3858882210102,Hrana,"0,95"
"Pršut, narezak",6902284,0.2,200g,Okusi zavièaja,,3.89,5.79,19.45,20781132,Hrana,"5,79"
"Mlada teletina za peèenje, cca. 2kg",6902353,1,cca. 2kg,Naša mesnica,,8.89,10.99,8.89,2894698000000,Hrana,"9,99"
"Mlada teletina za peèenje, cca. 2kg",6902353,1,cca. 2kg,Naša mesnica,,8.89,10.99,8.89,2894810000000,Hrana,"9,99"
"Zvijezda Francuska salata, 500g",6902361,0.5,500g,,4.49,,,8.98,3856015300331,Hrana,"4,49"
Zvijezda Ketchup blagi,6902363,1,1000g,,2.99,,,2.99,3858882210881,Hrana,"2,79"
Grah trešnjevac,6902459,0.5,500g,,1.79,,,3.58,8671020170015,Hrana,"1,99"
Drniške del. Maran Pršut rezani,6902481,1,cca. 150g,,35.99,,,35.99,2140900000002,Hrana,"35,99"
Gabriel Jogurt od kozjeg mlijeka,6902503,0.5,500ml,,1.79,,,3.58,3859892805098,Hrana,"1,79"
"Dimljena svinjska rebra, cca. 700g",6902571,1,ca. 700g,Pikok,7.96,,,7.96,2881480000000,Hrana,"7,96"
Pužiæi od durum pšeniène krupice,6902610,1,1kg,Combino,1.45,,,1.45,20781552,Hrana,"1,69"
Jadro Napolitanke,6902658,0.43,430g,,3.19,,,7.42,3850102523757,Hrana,"3,19"
Kinder Schoko-Bons,6902672,0.2,200g,,3.85,,,19.25,5413548283128,Hrana,"3,69"
"Gabriel, 100% mladi kozji sir",6902703,0.25,250g,,4.69,,,18.76,3859892805012,Hrana,"4,69"
"Plavac, vrhunsko crno vino",6902846,0.747,"0,75l",Winemakers of Croatia,5.99,,,7.99,4304493258181,Piæe,"5,99"
Nikšièko svijetlo pivo 5%,6902850,0.5,"0,5l",,1.25,,,2.5,3850131004920,Piæe,"1,25"
"Svinjska rebra marinirana, ca. 500g",6902856,1,ca. 500g,Naša mesnica,6.59,,,6.59,2894740000000,Hrana,"6,59"
Salata od jadranske sardine,6902998,0.1,100g,Okusi zavièaja,1.09,,,10.9,40894539,Hrana,"1,09"
"Palmolive Gel za tuširanje, SK1",6903031,0.517,500ml,,4.49,,,8.98,8714789733166,Kozmetika,"4,25"
"Hamburger, cca. 400g",6903050,1,ca. 400g,Pikok,6.99,,,6.99,2895660000000,Hrana,"6,99"
"Goveði biftek, cca. 2kg",6903089,1,ca. 2kg,Naša mesnica,,24.99,28.99,24.99,2895510000000,Hrana,"28,99"
"Goveði biftek, cca. 2kg",6903089,1,ca. 2kg,Naša mesnica,,24.99,28.99,24.99,2895515000000,Hrana,"28,99"
"Goveði biftek, cca. 2kg",6903089,1,ca. 2kg,Naša mesnica,,24.99,28.99,24.99,2895517000000,Hrana,"28,99"
"Kinder Surprise, maxi",6903092,0.1,100g,,3.99,,,39.9,4008400231426,Hrana,"3,75"
Kinder Bueno White 10 komada,6903122,0.39,390g,,8.49,,,21.77,8000500127414,Hrana,"7,49"
Zagrebaèka kremšnita,6903198,0.32,320g,Okusi zavièaja,2.89,,,9.03,20250614,Hrana,"2,99"
Koko Meso mlade kokoši,6903247,1,"ca. 1,1kg",,2.19,,,2.19,2819432000000,Hrana,"2,19"
Becutan Šampon i kupka 2u1,6903252,0.848,750ml,,7.29,,,9.72,5310001256661,Kozmetika,"7,29"
"Jelenko Kiseli kupus, rez., OM 435g",6903253,0.5,500g,,0.99,,,1.98,3857500063823,Hrana,"0,99"
Gloria Cappuccino SK1,6903307,0.2,200g,,2.79,,,13.95,3858881087828,Piæe,"2,79"
Hamburger,6903316,1,"ca. 1,2kg",Pikok,5.79,,,5.79,2895690000000,Hrana,"5,99"
Rio Mare Tuna u maslinovom ulju,6903349,0.32,4x80g,,6.59,,,31.68,8004030005051,Hrana,"6,59"
Kulenova seka,6903386,0.1,100g,Okusi zavièaja,1.99,,,19.9,20251666,Hrana,"1,99"
"Le Coq Cocktail Mojito, 4,7% ",6903703,0.33,"0,33l",,1.19,,,3.61,4740098090649,Piæe,"1,52"
Bijeli rezani kruh,6903825,0.5,500g,Tastino,0.99,,,1.98,4052917363125,Hrana,"0,89"
Grah pinto,6903848,1,25kg,,1.39,,,1.39,3859892798581,Hrana,"1,49"
Podravka Bakin èaj,6904130,0.05,50g,,1.99,,,1.99,3856020220655,Piæe,"1,59"
"Svinjski kare odresci sk, cca. 600g",6904148,1,ca.600g,Naša mesnica,5.99,,,5.99,2891520000000,Hrana,"5,99"
"Flank Steak (Bauch), cca. 300g",6904154,1,ca. 300g,-,19.49,,,19.49,2891580000000,Hrana,"17,99"
Somersby Jabuka,6904159,2,"4x0,5l",,6.29,,,3.15,3858887583072,Piæe,"6,29"
Dekorativna traka 2m,6904165,0.039,1komad,,1.19,,,1.19,3858885895825,Proizvodi za kuæanstvo,"1,19"
Ukrasna vreæica 12x39x9cm,6904173,0.01,1komad,,0.89,,,0.89,3856023029200,Proizvodi za kuæanstvo,0.89
Ukrasna vreæica 32x26x12cm,6904180,0.1,1komad,,1.49,,,1.49,3856023010741,Proizvodi za kuæanstvo,"1,45"
Ukrasna vreæica 32x26x12cm,6904180,0.1,1komad,,1.49,,,1.49,3856023029262,Proizvodi za kuæanstvo,"1,45"
Ukrasna vreæica 32x26x12cm,6904180,0.1,1komad,,1.49,,,1.49,3856023029392,Proizvodi za kuæanstvo,"1,45"
Ukrasna vreæica 32x26x12cm,6904180,0.1,1komad,,1.49,,,1.49,3858885898703,Proizvodi za kuæanstvo,"1,45"
Papir/folija 70x100cm,6904186,0.022,1komad,,1.29,,,1.29,3858888055851,Proizvodi za kuæanstvo,"1,19"
Ferrero Duplo Chocnut ,6904241,0.13,5x26g,,3.99,,,30.69,8000500022634,Hrana,"3,19"
"Jaja iz slobodnog uzgoja, raz. vel.",6904261,0.65,10komad,Okusi zavièaja,3.29,,,0.33,4056489074243,Hrana,"2,99"
"Jaja iz podnog uzgoja XXL, razred L",6904263,1.02,15komad,Okusi zavièaja,2.39,,,0.16,4056489318002,Hrana,"2,39"
Rio Mare Tuna naturale,6904301,0.32,4x80g,,4.99,,,15.59,8004030344570,Hrana,"4,99"
Èokoladne bananice,6904481,0.03,30g,Mister Choc,0.45,,,0.45,4056489073802,Hrana,"0,45"
Napolitanke SK2,6904505,1,1000g,Champions Edition,2.79,,,2.79,4056489074793,Hrana,"2,79"
Higijenske maramice za èišæenje SK1,6904511,0.455,2x80komad,W5,1.99,,,0.01,4056489075073,Proizvodi za kuæanstvo,"1,89"
"Edamer, polutvrdi sir",6904516,1,1kg,-,7.49,,,7.49,3830056401332,Hrana,"7,95"
Havana rum Especial 40%,6904595,0.7,"0,7l",,12.39,,,17.7,8501110086196,Piæe,"12,39"
Multivita Magnezij naranèa plus ,6904610,0.08,80g,,1.45,,,18.13,3858881248007,Hrana,"2,19"
Carex Dezinfekcijski tekuæi sapun,6904621,0.25,250ml,,0.8,,,3.2,5900998000332,Kozmetika,"0,8"
Mini Snack SK1,6904631,0.03,30g,Snack Day,0.49,,,0.49,4056489073994,Hrana,"0,45"
Mini Snack SK1,6904631,0.03,30g,Snack Day,0.49,,,0.49,4056489074014,Hrana,"0,45"
BO Polubijeli domaæi kruh,6904897,0.4,400g,,0.59,,,1.48,3858893420002,Hrana,"0,59"
"ESL - Svježe mlijeko 3,2%",6904910,1.03,1l,Okusi zavièaja,0.99,,,0.99,4056489610878,Hrana,"0,99"
Dalmatinska panceta,6905047,1,"ca. 1,2kg",Pikok,10.49,,,10.49,2868570000000,Hrana,"10,99"
Johnnie Walker Red Label viski + 2 ,6905061,0.7,"0,7l",,14.49,,,20.7,5000267175492,Piæe,"16,99"
"Svje. pileæa prsa, bk sk, cca. 500g",6905062,1,ca. 500g,Naša mesnica,5.99,,,5.99,2868560000000,Hrana,"5,89"
Hipp BIO mlij. kašica ban/griz/kak,6905068,0.19,190g,,1.65,,,8.68,9062300133117,Hrana,"1,65"
Hipp BIO voæna kašica šljiva,6905077,0.125,125g,,1.15,,,9.2,9062300106739,Hrana,"1,15"
"Löwenbräu Svijetlo pivo 4,0%",6905353,2,"4x0,5l",,3.79,,,1.9,3850131005750,Piæe,"3,61"
Duracell Baterije ,6905383,0.05,4komada,,4.99,,,1.25,5000394071780,Proizvodi za kuæanstvo,"5,19"
Likvi Sredstvo za pranje posuða ,6905393,1.8,"1,8l",,2.99,,,1.66,3850105174291,Sredstva za èišæenje,"2,99"
L'Oreal Age Spec. krema p. bora SK1,6905434,0.05,50ml,,7.43,,,148.6,3600523458400,Kozmetika,"7,43"
BO Burek motani sir,6905439,0.22,220g,,1.19,,,5.41,3858893420514,Hrana,"1,19"
Plemiæki sir SK3,6905441,0.2,200g,,2.59,,,12.95,3858891730110,Hrana,"2,59"
"Alpski cvijet, tvrdi kravlji sir",6905501,0.95,950g,,14.99,,,15.78,3830056402827,Hrana,"14,99"
Dunavski valovi vegan,6905854,0.48,480g,Vemondo,4.99,,,10.4,4056489317388,Hrana,"4,99"
"Polubijeli kruh, rezani",6905879,0.7,700g,Tastino,1.09,,,1.56,4056489317623,Hrana,"1,09"
Fix umaci (62-70g) SK1,6905911,0.065,"62g,70g",Kania,0.49,,,7.9,4056489317401,Hrana,"0,49"
Fix umaci (43-50g) SK2,6905916,0.046,"43g,50g",Kania,0.49,,,11.4,4056489317425,Hrana,"0,49"
Fix umaci (43-50g) SK2,6905916,0.046,"43g,50g",Kania,0.49,,,9.8,4056489317449,Hrana,"0,49"
"Tekuæi jogurt 2,8% Elopak",6905921,1,1kg,Pilos,1.59,,,1.59,4056489317593,Hrana,"1,59"
Naturel Šumeæe tablete Multivitamin,6905923,0.096,96g,,2.25,,,23.44,3858887241729,Hrana,"2,25"
Malidzano,6905952,0.53,530g,NOSTJA,4.39,,,8.28,4056489317715,Hrana,Nije_bilo_u_prodaji_02.05.2025
Dorina Èokolada SK1,6905966,0.231,"220g,250g",,4.49,,,17.96,3850102502189,Hrana,"4,49"
Mg Mivela blago gazirana min. voda,6905979,1.35,"1,35l",,1.39,,,1.03,8600599001031,Piæe,"1,39"
Dobro Pršut narezak,6906020,0.25,250g,,4.99,,,19.96,3850133804115,Hrana,"6,49"
Dobro Slanina narezak,6906021,0.25,250g,,4.99,,,19.96,3850133808014,Hrana,"4,99"
"""Meat Revolution"" Arg. Gour. Burger",7206483,0.25,250g,,3.19,,,12.76,3800216653970,Hrana,"3,19"
SAGA Alpski bijeli sir u salamuri,7301219,0.45,450g,,4.19,,,9.31,3830060750082,Hrana,Nije_bilo_u_prodaji_02.05.2025
Pileæa posebna kobasica SK2,7301524,0.4,400g,Pikok,1.59,,,3.98,20905453,Hrana,"1,59"
Poli Poli narezak,7301627,0.15,150g,,1.99,,,13.27,3838977012897,Hrana,"1,99"
"Èvrsti jogurt 1,3%",7302272,0.4,400g,Pilos,0.69,,,1.73,20306632,Hrana,"0,69"
Leone Sladoled na štapiæu SK1,7302358,0.21,6x60ml,,2.79,,,7.75,3830053873255,Hrana,"2,79"
Domaæi kuhani štrukli,7303241,0.35,350g,,2.95,,,8.43,3830070881424,Hrana,"2,95"
Leone Sladolde na štapiæu SK2,7303384,0.152,"4x60ml,4x70ml",,2.29,,,9.54,3830053876140,Hrana,"2,29"
Poli pileæa posebna kob. u um. crij,7304065,0.5,500g,,3.19,,,6.38,3850220153911,Hrana,"3,19"
Proteinski prutiæ 50% SK7,7703649,0.045,45g,-,1.35,,,1.35,4056489291015,Hrana,"1,35"
Èokoladne kokice SK1,7706767,0.18,180g,Mister Choc,2.69,,,14.94,4056489038962,Hrana,"2,69"
Èokoladne kokice SK1,7706767,0.18,180g,Mister Choc,2.69,,,14.94,4056489038979,Hrana,"2,69"
Crumble Desert SK2,7712119,0.1,100g,Deluxe,1.4,,,14,4056489482765,Hrana,"1,4"
Crumble Desert SK2,7712119,0.1,100g,Deluxe,1.4,,,14,4056489706984,Hrana,"1,4"
Desert u èašici SK5,7712768,0.09,90g,Deluxe,1.69,,,18.78,4056489484424,Hrana,"1,69"
Vivil Bomboni bez šeæera sort.,7713799,0.12,120g,,1.79,,,14.92,4020400893022,Hrana,"1,79"
Vivil Bomboni bez šeæera sort.,7713799,0.12,120g,,1.79,,,14.92,4020400898645,Hrana,"1,79"
Vivil Bomboni bez šeæera sort.,7713799,0.12,120g,,1.79,,,14.92,4020400898669,Hrana,"1,79"
Proteinski hrskavi prutiæ 33% SK1,7715074,0.045,45g,-,1.49,,,1.49,4056489884842,Hrana,"1,49"
Kozji sir SK1,7715284,0.16,160g,Deluxe,3.67,,,22.94,4056489885191,Hrana,Nije_bilo_u_prodaji_02.05.2025
Kokice u preklopnoj kutiji SK1,7716490,0.18,180g,MCENNEDY,2.79,,,15.5,4056489887119,Hrana,"2,79"
Apperitivo desert SK1,7718013,0.35,350g,Deluxe,3.09,,,8.83,4335619132887,Hrana,"3,78"
Angel Curl èokolada SK1,7718087,0.15,150g,,4.79,,,31.93,4036577940056,Hrana,"5,22"
Vipro Ajvar SK1,8300048,0.54,540g,,2.99,,,5.54,5319990177889,Hrana,Nije_bilo_u_prodaji_02.05.2025
Knedle s kremom od lješ. i malinama,9001833,0.8,800g,Culinea,2.99,,,3.74,4056489508519,Hrana,"2,99"
Rolice s pizza nadjevom,9001835,1,1kg,Tastino,2.79,,,2.79,4056489274858,Hrana,"2,49"
Goveða juha,9004233,0.065,65g,,0.59,,,9.08,8606111300460,Hrana,Nije_bilo_u_prodaji_02.05.2025
Predjela XXL SK3,0158188,0.3,300g,Chef Select,4.49,,,14.97,4056489675907,Hrana,"4,49"
Krema za ruke Rose Argan,0158445,0.029,30ml,Cien,1.39,,,1.39,4056489349365,Kozmetika,"1,39"
Njegujuæe ulje 2u1 Rose Argan,0158446,0.095,100ml,Cien,2.39,,,23.9,4056489349372,Kozmetika,"2,39"
Proteinski Cookies SK3,0158685,0.045,45g,Sondey,1.59,,,1.59,4056489350866,Hrana,"1,59"
Mlijeko za sunèanje sensitive ZF 30,0159512,0.257,250ml,Cien Sun,4.99,,,19.96,4056489601715,Kozmetika,"5,99"
Mješavine za muffine SK27,0159610,0.325,"310g,340g",Belbake,2.49,,,8.03,20149949,Hrana,"2,19"
Baguette od vrganja i tartufa,0160195,0.175,175g,Deluxe,1.49,,,8.51,4056489389637,Hrana,Nije_bilo_u_prodaji_02.05.2025
High Protein Gris puding SK1,0160550,0.2,200g,Milbona,0.99,,,4.95,4056489406570,Hrana,"0,99"
Fini izbor keksa,0160652,0.255,255g,Sondey,3.99,,,15.65,4056489406921,Hrana,"3,49"
Mirisni osvježivaè prostora SK18,0161698,0.148,150ml,W5,1.39,,,9.27,4056489232285,Sredstva za èišæenje,"1,69"
Karamelizirani orašasti plodovi SK2,6209670,0.13,"120g,150g",Eridanous,1.69,,,14.08,4056489603023,Hrana,"1,59"
Jogurt bez laktoze,6209754,0.6,3x200g,Milbona,1.99,,,3.32,4056489603535,Hrana,Nije_bilo_u_prodaji_02.05.2025
Veganska Bugatsa,6211186,0.4,400g,Vemondo,4.09,,,10.23,4056489905738,Hrana,Nije_bilo_u_prodaji_02.05.2025
Kava s aromom SK1,6211933,0.2,200g,Bellarom,6.49,,,32.45,4335619096684,Piæe,"5,7"
Mješavina orašastih plodova,6400043,0.1,100g,Alesto,1.49,,,14.9,20436322,Hrana,"1,49"
Energy Drink,6400172,0.262,"0,25l",KONG STRONG,0.59,,,2.36,4304493260337,Piæe,"0,59"
"Trajno mlijeko 2,8%",6400261,1,1l,,0.54,,,0.54,5998200140464,Hrana,Nije_bilo_u_prodaji_02.05.2025
Bagremov med sa saæem,6400271,0.5,500g,Deluxe,8.29,,,16.58,20404499,Hrana,"6,59"
Ruèno raðena èokolada SK2,6400452,0.1,100g,Deluxe,3.19,,,31.9,20489878,Hrana,"3,79"
Hell Sugarfree Energy Drink,6401929,0.257,"0,25l",,1.09,,,4.36,5999884034445,Piæe,"0,92"
Poklon paket Nivea Soft Care,6906109,0.308,300ml,,4.39,,,14.63,9005800361123,Kozmetika,"4,39"
Vjenèiæi s krem punjenjem SK1,6906117,0.39,390g,Okusi zavièaja,3.29,,,8.44,4056489318019,Hrana,"3,29"
Tonic SK1,6906124,1.008,1l,-,0.99,,,0.99,4056489610526,Piæe,"0,99"
Tonic SK1,6906124,1.008,1l,-,0.99,,,0.99,4056489610533,Piæe,"0,99"
Tonic SK1,6906124,1.008,1l,-,0.99,,,0.99,4056489610540,Piæe,"0,99"
Suncokretovo ulje ,6906127,0.92,1l,Vita D'or,1.49,,,1.49,4056489158196,Hrana,"1,49"
PIK Mortadela s maslinama nar. XXL,6906136,0.3,300g,,3.99,,,13.3,3850139180404,Hrana,"3,99"
Djeèje vlažne maramice XXL,6906140,0.585,2x64Blatt,,1.29,,,0.65,4056489317289,Proizvodi za kuæanstvo,"1,29"
Kakao šnite s kandiranim voæem,6906178,0.48,480g,Okusi zavièaja ,4.99,,,10.4,4056489610595,Hrana,"4,99"
Ukrasna vreæica 23x18x10cm,6906193,0.044,1komad,,1.29,,,1.29,3856023029316,Proizvodi za kuæanstvo,"1,29"
Ukrasna vreæica 23x18x10cm,6906193,0.044,1komad,,1.29,,,1.29,3858888911577,Proizvodi za kuæanstvo,"1,29"
"Vindi Iso Sport neg., bezalk. piæe",6906228,0.5,"0,5l",,1.29,,,2.58,3850108073164,Piæe,"1,29"
'z bregov Trajno mlijeko,6906278,2,2l,,1.78,,,0.89,3850108820652,Hrana,"1,78"
"Jaja iz podnog uzgoja, razred M",6906363,1.044,18komad,Okusi zavièaja,5.09,,,0.28,4056489610656,Hrana,"4,19"
Sirni namaz SK8,0137854,0.2,200g,Goldessa,1.49,,,7.45,4335619355798,Hrana,Nije_bilo_u_prodaji_02.05.2025
Namaz svježi sirSK48,0138068,0.097,"100g,90g",Deluxe,1.99,,,22.11,20112073,Hrana,"1,99"
Djeèje pelene za novoroðenèe,0138081,0.45,24komad,Lupilu,3.19,,,0.13,4056489352235,Toaletne potrepštine,"3,19"
Djeèje pelene maxi,0138085,1.52,50komad,Lupilu,6.75,,,0.14,20112295,Toaletne potrepštine,"6,75"
Suha hrana za pse SK4,0138813,1.5,"1,5kg",Orlando Gourmet,2.39,,,1.59,20136093,Proizvodi za kuæanstvo,"2,39"
Nougat kockice SK3,0139117,0.125,125g,Favorina,1.85,,,14.8,20258740,Hrana,"1,99"
Losos u lisnatom tijestu SK1,0139243,0.7,700g,Deluxe,7.99,,,11.41,20158330,Hrana,"9,99"
BO Croisant s pistacijama,7309025,0.075,75g,,0.89,,,11.87,3831118207725,Hrana,Nije_bilo_u_prodaji_02.05.2025
"Kras Domaæi pršut, ca.1000g",7309127,1,ca.1000g,,17.99,,,17.99,2191270000000,Hrana,Nije_bilo_u_prodaji_02.05.2025
"Kras Domaæi pršut, ca.1000g",7309127,1,ca.1000g,,17.99,,,17.99,2191273000000,Hrana,Nije_bilo_u_prodaji_02.05.2025
Perutnina Ptuj Slim&Fit pileæa prsa,7309513,0.25,250g,,2.99,,,11.96,3838977038767,Hrana,Nije_bilo_u_prodaji_02.05.2025
Mini-Brownies,7400915,0.24,240g,Sondey,2.59,,,10.79,20349486,Hrana,"2,59"
Brugge sir SK1,7401446,0.25,250g,,4.59,,,18.36,20328252,Hrana,"4,59"
Marshmallow,7404141,0.2,200g,Favorina,1.16,,,5.8,20243906,Hrana,Nije_bilo_u_prodaji_02.05.2025
Èokoladni kolaè SK2,7405446,0.18,2x90g,Deluxe,2.19,,,12.17,20999780,Hrana,"2,79"
Schogetten SK96,0002838,0.1,100g,,1.75,,,17.5,4000415068004,Hrana,"1,29"
Schogetten SK96,0002838,0.1,100g,,1.75,,,17.5,4000415778507,Hrana,"1,29"
Schogetten SK96,0002838,0.1,100g,,1.75,,,17.5,4000607851001,Hrana,"1,29"
Schogetten SK96,0002838,0.1,100g,,1.75,,,17.5,4000607993008,Hrana,"1,29"
"Rosé, kvalitetno vino",0002861,0.743,"0,75l",Winemakers of Croatia,5.49,,,7.32,4056489611592,Piæe,"5,49"
Primitivo Puglia IGT,0151636,0.75,"0,75l",-,3.99,,,5.32,4056489231240,Piæe,"3,99"
Premium Vodka 42%/40% Vol. SK1,0152018,0.662,"0,7l",,7.09,,,10.13,4304493265318,Piæe,"8,99"
Orašasti plodovi i sušeno voæe,0152062,0.06,60g,Alesto,0.95,,,15.83,20559571,Hrana,"1,19"
RFA Svj. cijeð. sok od naranèe 100%,0152480,1.05,1l,Solevita,3.29,,,3.29,4304493266490,Hrana,"3,29"
Pjenušac polusuhi,0152672,0.75,"0,75l",Burg Schöneck,3.29,,,4.39,4056489849377,Piæe,"2,99"
Premium Sushi SK1,0152782,0.178,"168g,178,5g,185g",select & go,3.79,,,20.49,4056489250197,Hrana,"3,79"
WC Osvježivaè 2x48g SK11,0152987,0.096,2x48g,W5,1.55,,,16.15,4056489186809,Sredstva za èišæenje,"1,45"
WC Osvježivaè 2x48g SK11,0152987,0.096,2x48g,W5,1.55,,,16.15,4056489186854,Sredstva za èišæenje,"1,45"
Grèka predjela,0153181,0.15,150g,Chef Select,2.39,,,15.93,4056489241928,Hrana,"2,39"
Èaj SK1,0153400,0.06,15x4g,Lord Nelson,2.79,,,46.5,4056489262138,Piæe,"2,79"
Wakame salata SK1,0153467,0.1,100g,Vitasia,2.39,,,23.9,4056489262466,Hrana,"1,89"
Pileæa prsa XXL SK8,0153481,0.4,400g,Dulano,4.99,,,12.48,4056489234159,Hrana,"4,99"
Mljevena kava SK1,0153488,0.25,250g,Deluxe,6.99,,,27.96,4056489262619,Piæe,"6,99"
Vreæica velika 80% Recyceit Ecoloop,0153586,0.029,1komad,-,0.15,,,0.15,4056489267249,Proizvodi za kuæanstvo,"0,15"
Vreæica velika 80% Recyceit Ecoloop,0153586,0.029,1komad,-,0.15,,,0.15,4056489808428,Proizvodi za kuæanstvo,"0,15"
Toffee & Hearts,0153729,0.125,125g,Mister Choc ,1.29,,,10.32,4056489268031,Hrana,"1,29"
Sredstvo za èišæenje odvoda,0153827,1.1,1l,W5,1.49,,,1.49,4056489268765,Sredstva za èišæenje,"1,49"
Bio ulje maslinovo eks. djev.,0153950,0.75,"0,75l",Primadonna,8.99,,,11.99,4056489269274,Hrana,"8,99"
Nacho umak,0153970,0.205,205g,El Tequito,3.49,,,17.02,20958909,Hrana,"3,29"
Èips od povræa,0168787,0.1,100g,Deluxe,1.89,,,18.9,4056489530091,Hrana,"1,99"
Cronuts Èoko 2kom.,0169427,0.154,154g,,1.59,,,10.32,4056489534211,Hrana,"1,59"
Praline SK1,0169617,0.196,4x70ml,Gelatelli,3.49,,,12.46,4056489538172,Hrana,"3,49"
Mlinac s vanilijom,0169618,0.005,5g,Belbake,3.49,,,3.49,4056489538219,Hrana,"2,89"
Kocke sira u repièinom ulju 45% SK1,0170443,0.35,350g,Eridanous,3.39,,,9.69,4056489550785,Hrana,"3,29"
Kocke sira u repièinom ulju 45% SK1,0170443,0.35,350g,Eridanous,3.39,,,9.69,4056489550792,Hrana,"3,29"
Sredstvo za èišæenje SK1,0170595,0.997,1l,W5,2.29,,,2.29,4056489554325,Sredstva za èišæenje,"2,29"
Tjestenina bez glutena SK4,0074516,0.5,500g,free from,1.69,,,3.38,20284244,Hrana,"1,99"
Smrznute borovnice,0173945,0.5,500g,Freshona,4.19,,,8.38,4056489123552,Hrana,"3,79"
Dj. vodeni sladoled SK12,0175604,0.696,6x110ml,Bon Gelati,3.19,,,4.83,20289355,Hrana,"3,19"
Belgijske praline,0175665,0.25,250g,Favorina,4.65,,,18.6,4056489798200,Hrana,"5,59"
"Poslastica za pse, SK4",0175839,0.4,400g,Orlando,1.29,,,3.23,4056489621126,Proizvodi za kuæanstvo,"1,29"
Žitne pahuljice s okusom keksa,0176607,0.5,500g,Crownfield,2.09,,,4.18,4056489654346,Hrana,"1,99"
Kukuruzne tortilje,0177033,0.24,240g,Snack Day,1.19,,,4.96,4056489656876,Hrana,"1,19"
Lak za nokte Cocktail SK2,0177036,0.01,11ml,Cien Beauty,1.29,,,117.27,4056489430926,Kozmetika,"1,29"
File haringe u umaku od rajèice XXL,0177096,0.6,3x200g,Nixe,3.99,,,6.65,4056489671602,Hrana,"4,19"
Deterdžent za rublje 100 pranja SK1,0178292,5.127,5l,Formil,8.99,,,1.8,4056489663973,Sredstva za èišæenje,Nije_bilo_u_prodaji_02.05.2025
Profiteroli,0178604,0.45,450g,Italiamo,3.79,,,8.42,4056489671756,Hrana,"2,99"
Francuska kobasica SK1,0178673,0.1,100g,Duc de Coeur,2.19,,,21.9,4056489672142,Hrana,"1,99"
Suhi šampon za kosu SK4,0179296,0.119,200ml,Cien,1.59,,,7.95,4056489328735,Kozmetika,"1,59"
Chew4U draže bomboni mint,0179382,0.038,38g,,0.19,,,0.19,5707312006939,Hrana,"0,25"
Leæevaèki tvrdi kravlji sir,6905615,0.3,300g,Okusi zavièaja,5.89,,,19.63,4056489316565,Hrana,"5,69"
Plidenta Pasta za zube SK2,6905645,0.075,75ml,,2.09,,,27.87,3856007908057,Kozmetika,"2,09"
Podravka Ketchup blagi,6905683,0.5,500g,,1.69,,,3.38,3850104268731,Hrana,"1,69"
Kraš PreKrašni Kol. sa pun. od viš.,6905699,0.22,220g,,1.89,,,8.59,3850102011278,Hrana,"1,89"
Neopitroid prah,6905726,0.1,100g,,2.49,,,24.9,3858888782412,Proizvodi za kuæanstvo,"2,99"
BO Pecivo lepinja,6905787,0.12,120g,,0.39,,,3.25,3859893442124,Hrana,"0,39"
"Svinjski vrat sk, odrezak, ca. 600g",6905821,1,ca. 600g,Naša mesnica,5.79,,,5.79,2868980000000,Hrana,5.79
Bio napitak od soje,6000860,1.02,1000ml,Vemondo,1.29,,,1.29,4056489469513,Hrana,"1,15"
Tost kruh (Pan Carr?),6000931,0.33,330g,Tastino,0.79,,,2.39,20034306,Hrana,"0,79"
Ravioli punjeni s pistacijama,6000983,0.25,250g,Deluxe,1.79,,,7.16,20469467,Hrana,"1,79"
Rižoto SK5,6001161,0.175,175g,Kania,1.09,,,6.23,20499891,Hrana,"1,29"
"Quattro sladoled, 1kg",6001940,1,1000g,Gelatelli,5.39,,,3.17,20684808,Hrana,"5,39"
Tarallini keksi SK1,6002478,0.5,500g,Italiamo,2.99,,,5.98,20114787,Hrana,"1,99"
Visokokvalitetni namaz SK2,6002491,0.19,190g,Mister Choc,1.79,,,9.42,20569624,Hrana,"1,99"
Bio napitak od riže,6002760,1.052,1l,Vemondo,1.15,,,1.15,20685072,Hrana,"1,15"
Glazirani mini uskršnji golub,6004181,0.1,100g,Favorina,0.95,,,9.5,20849139,Hrana,"0,95"
Omega 3 kapsule,5701140,0.057,80komad,Optisana,3.98,,,0.05,20426040,Hrana,"3,98"
Mlijeèni desert vanil. i èoko. SK3,5701233,0.135,"130g,140g",Sol&Mar,1.59,,,11.36,20705541,Hrana,"1,59"
Maslinovo ulje u spreju SK11,5701525,0.183,200ml,Kania,2.89,,,14.45,20879013,Hrana,"2,89"
Osvježivaè za auto SK1,5702896,0.005,6ml,W5,1.29,,,215,20527198,Sredstva za èišæenje,"1,29"
Guacamole umak,5705438,0.2,200g,El Tequito,1.75,,,8.75,20880514,Hrana,"1,69"
Bezalkoholno piæe od jagode SK1,5706633,0.765,750ml,Solevita,2.29,,,3.05,4304493260078,Hrana,"2,29"
Egzotièni sok SK2,5706912,0.336,330ml,Vitasia,1.46,,,4.42,4056489634799,Hrana,"1,46"
Sladoled u posudici SK12,5707130,0.5,500g,Sol&Mar,3.19,,,6.38,4056489963691,Hrana,"3,99"
Gabriel Sirutka od kozjeg mlijeka,6906390,0.5,500ml,,0.95,,,1.9,3859892805548,Hrana,"0,95"
Labello Balzam za usne,6906407,0.005,"4,8g",,2.99,,,2.99,4005808764006,Kozmetika,"2,99"
Nivea Dezodorans SK1,6906413,0.092,150ml,,3.95,,,26.33,9005800342634,Kozmetika,"3,95"
Nivea Dezodorans SK1,6906413,0.092,150ml,,3.95,,,26.33,9005800365732,Kozmetika,"3,95"
Violeta Baby pelene Maxi 4 (7-18kg),6906426,2.101,60komad,,14.99,,,0.25,3870128010253,Toaletne potrepštine,"14,99"
Ljetni stakloper,6906433,5.05,5l,,1.99,,,0.4,3859888770621,Proizvodi za kuæanstvo,"1,89"
Nila My Sensual Black 68 pranja,6906441,3.796,"3,7l",,4.99,,,1.35,3850105180735,Sredstva za èišæenje,"4,99"
Nila Mixed Happy Color 68 pranja,6906442,3.796,"3,7l",,4.99,,,1.35,3850105180704,Sredstva za èišæenje,"4,99"
Likvi Sredstvo za pranje posuða ,6906449,4.12,4l,,5.49,,,5.49,3850105174802,Sredstva za èišæenje,"5,99"
BO Domaæi bakin kruh s kis. tijest.,6906466,0.47,470g,,1.79,,,3.81,4052917530909,Hrana,"1,69"
Svj. roštilj kobasica u pri. ovitku,6906467,1,ca. 400g,Naša mesnica,7.29,,,7.29,2848280000000,Hrana,"6,99"
Cedevita instant napitak SK1,6906472,0.455,455g,,4.39,,,9.65,3850322014929,Piæe,"4,19"
"Pilsner Urquell 4,4%",6906484,2,"4x0,5l",,6.11,,,3.06,8594404005409,Piæe,"6,11"
Kandit Choco Banana Uskrs,6906499,0.28,280g,,1.46,,,5.21,3856024803458,Hrana,"1,46"
Kuhinjski ubrusi 2-slojni,6906523,1.132,350Blatt,Floralys,3.79,,,3.79,4056489611011,Toaletne potrepštine,"3,79"
"Cuvee, kvalitetno crno vino",6906543,0.75,"0,75l",Winemakers of Croatia,4.99,,,6.65,4304493260016,Piæe,"4,99"
"Cuvee, vrhunsko crno vino",6906544,0.75,"0,75l",Winemakers of Croatia,5.99,,,7.99,4304493260023,Piæe,"5,99"
Kraš Tortica Crunchy,6906609,0.021,21g,,0.55,,,0.55,3850102521449,Hrana,"0,55"
Jana Vitamin Happy,6906622,0.51,"0,5l",,1.09,,,2.18,3858890874013,Piæe,"1,09"
Dukatos Selection okus kava,6906655,0.15,150g,,0.89,,,5.93,3850354016960,Hrana,"0,89"
Lino Lada Gold Namaz,6906696,0.65,650g,,4.99,,,7.68,3856020259914,Hrana,"4,79"
PPK Debrecinka,6906711,0.4,400g,,3.49,,,8.73,3858881613973,Hrana,"3,29"
BO Zlatni craft kruh s kis. tijest.,6906985,0.41,410g,,1.79,,,4.37,4052917652472,Hrana,"1,69"
Hippis BIO Pouch jab/ban/mal/žit,6906991,0.1,100g,,1.35,,,13.5,4062300278608,Hrana,"1,35"
Jack Daniels Whiskey + 2 èaše,6907028,0.7,"0,7l",,23.99,,,34.27,5099873045848,Piæe,"21,89"
Karamel Fantazija,6907035,0.42,420g,Confiserie Firenze,6.69,,,15.93,4056489611387,Hrana,"4,49"
Sredstvo za èišæenje stakla,6907050,1,1l,-,1.39,,,1.39,4056489611486,Sredstva za èišæenje,"1,39"
Cekin Pileæa hrenovka classic,6907071,1,1000g,,2.69,,,2.69,3850159120053,Hrana,"2,69"
Vindon Pureæa posebna kobasica,6907074,1,1000g,,2.49,,,2.49,3850159128349,Hrana,"2,99"
Chupa Chups lizalice,6907097,0.012,12g,,0.39,,,0.39,84196675,Hrana,"0,39"
Likvi Deterdžent za posuðe SK1,6907151,0.927,900ml,,2.49,,,2.77,3850105170286,Sredstva za èišæenje,"2,49"
Ferrero Duplo Chocnut,6907165,0.026,26g,,0.99,,,38.08,80052357,Hrana,"0,85"
Ferrero Raffaello,6907167,0.04,40g,,1.29,,,1.29,5413548040639,Hrana,"1,19"
The Garden Brewery Craft pivo SK3,6907187,0.443,"0,44l",,1.85,,,4.2,3858893811862,Piæe,"1,85"
Nivea Krema protiv bora+duopack SK1,6907201,0.106,2x50ml,,8.99,,,89.9,9005800375496,Kozmetika,"8,99"
Annyer Revital Šam. èiè./reg. SK2,6907214,0.3,300ml,,2.25,,,7.5,3850177005523,Kozmetika,"2,25"
Papirnate maramice 3-sloja 10x10kom,6907216,0.19,1komad,Floralys,0.99,,,0.99,4056489611660,Toaletne potrepštine,"0,99"
Jamnica Gazirana mineralna voda,6907283,9,"6x1,5l",,4.99,,,0.55,3858890879216,Piæe,"5,49"
Nektar breskva 50%,6407592,1,1l,Solevita,1.65,,,1.65,4056489158172,Piæe,"1,65"
Voæni prutiæ SK1,6407641,0.03,30g,Alesto,0.39,,,0.39,4056489158264,Hrana,"0,49"
"Kukuruz u zrnu, OM 285g",6410435,0.34,425ml,Freshona,1.19,,,4.18,4056489500124,Hrana,Nije_bilo_u_prodaji_02.05.2025
Goldenfood File paèjih prsa,6410893,1,"ca0,4-0,6kg",,10.99,,,10.99,2898031000000,Hrana,"9,99"
Goldenfood File paèjih prsa,6410893,1,"ca0,4-0,6kg",,10.99,,,10.99,2898032000000,Hrana,"9,99"
Goldenfood Svj. paèji batak-zabatak,6410895,1,"ca0,4-0,6kg",,8.99,,,8.99,2898054000000,Hrana,"8,99"
Trapist u listiæima,6413215,0.2,200g,Pilos,2.89,,,14.45,4056489827641,Hrana,Nije_bilo_u_prodaji_02.05.2025
Èokoladni Cruffin 4kom.,6417059,0.36,4komad,,2.69,,,0.67,5999097001302,Hrana,Nije_bilo_u_prodaji_02.05.2025
Haringa SK1,6512117,0.26,260g,Ocean Sea,2.19,,,8.42,4056489503446,Hrana,Nije_bilo_u_prodaji_02.05.2025
Mješavina za peèenje keksa SK5,0146463,0.18,180g,Belbake,1.59,,,8.83,4056489849957,Hrana,"1,19"
Tjestenina Penne XXL,0146619,1.2,"1,2kg",Combino,1.49,,,1.24,4056489105732,Hrana,"1,89"
Èokoladni komadiæi SK4,0147053,0.1,100g,Belbake,1.59,,,15.9,4056489117841,Hrana,"1,69"
Glazbena kut. Oldt. s medenjacima ,0147221,0.2,200g,Favorina,6.89,,,34.45,4056489124276,Hrana,"9,99"
Sfogliatine glassate,0147447,0.2,200g,Italiamo,1.49,,,7.45,4056489136088,Hrana,"1,29"
"Mars,Snickers,Twix,Bou.Minis SK2",0147829,0.275,275g,,3.59,,,13.05,5000159473996,Hrana,"3,59"
"Mars,Snickers,Twix,Bou.Minis SK2",0147829,0.275,275g,,3.59,,,13.05,5000159474931,Hrana,"3,59"
"Pileæa krilca, ljuta",0142690,0.325,325g,,3.69,,,11.35,4056489022428,Hrana,"3,49"
Choco Nussa To Go ,0143271,0.105,105g,Sondey,1.99,,,18.95,4056489025658,Hrana,"1,89"
Pan. pil. innerfile Cornf. panada,6904316,1,ca.500g,Gourmet,9.25,,,9.25,2835169000000,Hrana,"9,25"
Salama jelen / divlja svinja SK3,6904331,0.08,80g,Okusi zavièaja,2.35,,,29.38,4052917689553,Hrana,"2,35"
BO Domaæa pogaèa,6904332,0.3,300g,,,0.65,0.99,2.17,3858893881797,Hrana,"0,99"
Cedevita Fresh SK1,6904371,0.34,340ml,,1.19,,,3.5,3850322013403,Piæe,"1,12"
Cedevita Fresh SK1,6904371,0.34,340ml,,1.19,,,3.5,3850322016565,Piæe,"1,12"
"Svježe pile, cca. 2kg",6904372,1,ca. 2kg,,3.18,,,3.18,2146204000000,Hrana,"3,19"
"Svježe pile, cca. 2kg",6904372,1,ca. 2kg,,3.18,,,3.18,2146208000000,Hrana,"3,19"
"Dimljena šunka s kosti, cca. 6kg",6904437,1,ca. 6kg,Pikok,5.49,,,5.49,2845190035863,Hrana,"4,89"
"Dimljena šunka s kosti, cca. 6kg",6904437,1,ca. 6kg,Pikok,5.49,,,5.49,2845194000000,Hrana,"4,89"
"Dimljena šunka s kosti, cca. 6kg",6904437,6,ca. 6kg,Pikok,5.49,,,5.49,2845190000000,Hrana,"4,89"
"Šljivovica, 38% vol.",6904467,0.953,1l,Alliance,12.49,,,12.49,4304493259102,Piæe,"9,99"
Premium sladoled SK11,0133116,0.427,500ml,Gelatelli,4.49,,,8.98,20091941,Hrana,"3,99"
Hrana za pse SK4,0133276,0.4,400g,Orlando Gourmet,1.39,,,3.48,40879413,Proizvodi za kuæanstvo,"1,39"
"Meki sir u salamuri SK1, ATG 500g",0133524,0.5,500g,Eridanous,7.19,,,14.38,20994761,Hrana,"8,99"
Hrana za maèke SK2,0133603,0.34,4x85g,Coshida Pure Taste,1.85,,,5.44,20303747,Proizvodi za kuæanstvo,"2,19"
Gumeni bomboni krokodili,0133897,0.3,300g,Sweet Corner,1.79,,,5.97,20490782,Hrana,"1,79"
"Farmer Cookies SK42, UTZ",0134287,0.21,210g,Sondey,2.29,,,10.9,20927103,Hrana,"2,29"
Bio zobene pahuljice,0134634,0.5,500g,Crownfield,1.19,,,2.38,4056489254157,Hrana,"0,99"
Chinois SK1,0134907,0.4,400g,Duc de Coeur,2.99,,,7.48,20712518,Hrana,"2,99"
Agragold Šeæer,0135014,1,1kg,,0.99,,,0.99,9007829021118,Hrana,Nije_bilo_u_prodaji_02.05.2025
Agragold Šeæer,0135014,1,1kg,,0.99,,,0.99,9007829025017,Hrana,Nije_bilo_u_prodaji_02.05.2025
Njega za pranje beba SK5,0135048,0.511,500ml,Lupilu,2.25,,,4.5,4056489233091,Kozmetika,"2,25"
Zaštitna krema za bebe SK1  ,0135052,0.103,100ml,Lupilu,2.25,,,22.5,20008888,Kozmetika,"2,25"
Zaštitna krema za bebe SK1  ,0135052,0.103,100ml,Lupilu,2.25,,,22.5,4056489241812,Kozmetika,"2,25"
PPK Roštilj kobasica sa sirom i sl.,6906721,0.36,360g,,3.15,,,8.75,3858881613959,Hrana,"3,15"
Talianetta Makaroni bolognese,6906761,0.16,160g,,1.49,,,9.31,3850104230950,Hrana,"1,49"
Talianetta Tjestenina Carbonara,6906762,0.16,160g,,1.49,,,9.31,3850104230943,Hrana,"1,49"
Ukrasna vreæica 32x26x12cm,6906786,0.08,1komad,,1.45,,,1.45,3856023020740,Proizvodi za kuæanstvo,"1,45"
Ukrasna vreæica 32x26x12cm,6906786,0.08,1komad,,1.45,,,1.45,3856023028951,Proizvodi za kuæanstvo,"1,45"
Ukrasna vreæica 32x26x12cm,6906786,0.08,1komad,,1.45,,,1.45,3856023029446,Proizvodi za kuæanstvo,"1,45"
Ukrasna vreæica 32x26x12cm,6906786,0.08,1komad,,1.45,,,1.45,3856023029460,Proizvodi za kuæanstvo,"1,45"
Ukrasna vreæica 32x26x12cm,6906786,0.08,1komad,,1.45,,,1.45,3856023029521,Proizvodi za kuæanstvo,"1,45"
Ukrasna vreæica 32x26x12cm,6906786,0.08,1komad,,1.45,,,1.45,3856023049581,Proizvodi za kuæanstvo,"1,45"
Ukrasna vreæica 32x26x12cm,6906786,0.08,1komad,,1.45,,,1.45,3856023049666,Proizvodi za kuæanstvo,"1,45"
Ukrasna vreæica 32x26x12cm,6906786,0.08,1komad,,1.45,,,1.45,3856023060548,Proizvodi za kuæanstvo,"1,45"
Cvijet/Gipsofila SK4,6906874,0.06,1komad,,1.99,,,1.99,3856023044579,Proizvodi za kuæanstvo,Nije_bilo_u_prodaji_02.05.2025
Cvijet/Gipsofila SK4,6906874,0.06,1komad,,1.99,,,1.99,3856023050310,Proizvodi za kuæanstvo,Nije_bilo_u_prodaji_02.05.2025
KG Zelina Auto Lux Zimski stakloper,6906891,5.05,5l,,4.99,,,1,3859888770706,Proizvodi za kuæanstvo,"5,29"
ZG vreæica Vreæice za smeæe 40 l,6906897,0.23,10komad,,10.62,,,1.06,3858886760528,Proizvodi za kuæanstvo,"10,62"
Pivac Dalmatinska panceta,6906932,1,cca. 800g,,11.49,,,11.49,2118201000000,Hrana,"11,99"
TOCO Crvena naranèa avokado,6906946,1.53,"1,5l",,1.69,,,1.13,3858890878974,Piæe,"1,69"
BO Seljaèko pecivo,5522816,0.085,80g,,0.35,,,4.38,4056489061137,Hrana,"0,35"
BO Seljaèko pecivo,5522816,0.085,80g,,0.35,,,4.38,4334035826097,Hrana,"0,35"
BO Seljaèko pecivo,5522816,0.085,80g,,0.35,,,4.38,5907651673490,Hrana,"0,35"
Cappuccino SK5,5523540,0.13,130g,Bellarom,1.19,,,9.15,4056489061281,Piæe,"1,09"
Dimljeni polutvrdi sir sa zaèinima,5524127,0.15,150g,Pilos,1.99,,,13.27,20366254,Hrana,"1,99"
"Instant napitak 3u1, 10x18g",5529662,0.18,180g,Bellarom,1.49,,,8.28,4056489184164,Piæe,"1,49"
"Instant napitak 3u1, 10x18g",5529662,0.18,180g,Bellarom,1.49,,,8.28,4056489586456,Piæe,"1,49"
"Instant napitak 2u1, 10x14g",5529663,0.14,140g,Bellarom,1.49,,,10.64,4056489586463,Piæe,"1,49"
Gyoza s piletinom i povræem SK1,5530965,0.238,238g,Chef Select,2.69,,,11.3,4056489283652,Hrana,"2,59"
Arapska i latinoameri. tortilla SK1,5530970,0.25,250g,Chef Select,2.59,,,10.36,4056489283645,Hrana,"2,59"
Voæni èaj SK1,5531343,0.04,20x2g,Lord Nelson,1.19,,,1.19,4056489184454,Piæe,"1,19"
Univ. bio. vl. maram. za èiš. SK1,5532381,0.476,80komad,W5,1.99,,,0.02,4056489304234,Proizvodi za kuæanstvo,"1,99"
"Pureæi filet XXL, cca. 1-1,5 kg",5533555,1,"ca.1-1,5kg",RZEZNIK,8.19,,,8.19,2835552000000,Hrana,"7,75"
"Pureæi filet XXL, cca. 1-1,5 kg",5533555,1,"ca.1-1,5kg",RZEZNIK,8.19,,,8.19,2835555000000,Hrana,"7,75"
"Pureæi filet XXL, cca. 1-1,5 kg",5533555,1,"ca.1-1,5kg",RZEZNIK,8.19,,,8.19,2894256000000,Hrana,"7,75"
"Pureæi filet XXL, cca. 1-1,5 kg",5533555,1,"ca.1-1,5kg",RZEZNIK,8.19,,,8.19,2894258000000,Hrana,"7,75"
Suha šunka ili peèenica SK1,5535256,0.1,100g,Deluxe,1.99,,,19.9,4056489358763,Hrana,"1,99"
Roleski Bel.-taj. crveni umak SK1 ,5547064,0.315,"290g,340g",,1.06,,,3.12,5901044028355,Hrana,"1,06"
"Tjest. s umakom, pire krumpir SK2",5547537,0.051,"50g,51g",Kania,1.19,,,23.8,4056489717324,Hrana,Nije_bilo_u_prodaji_02.05.2025
Belgijske praline,0187410,0.25,250g,J.D. Gross,3.69,,,14.76,4056489815785,Hrana,"3,99"
Zaèini u kartonskoj tubi SK1,0188136,0.051,"43g,50g,60g",Kania,1.99,,,39.8,4056489908500,Hrana,Nije_bilo_u_prodaji_02.05.2025
Protein prutiæ 50% 3x45g SK5,0188213,0.135,3x45g,-,3.89,,,28.81,4056489822448,Hrana,"3,89"
Kremasti gel za tuširanje SK1,0188543,0.412,400ml,Cien,0.99,,,2.48,4056489827146,Kozmetika,"0,99"
Kremasti gel za tuširanje SK1,0188543,0.412,400ml,Cien,0.99,,,2.48,4056489827153,Kozmetika,"0,99"
Gotova jela XXL SK1,0189003,1,1000g,Chef Select,4.89,,,4.89,4056489846468,Hrana,"4,49"
Mediteranski zaèini SK2,0189653,0.027,"16g,27g,28g,30g,35g",Italiamo,1.59,,,99.38,20046262,Hrana,"1,59"
Mediteranski zaèini SK2,0189653,0.027,"16g,27g,28g,30g,35g",Italiamo,1.59,,,99.38,20046378,Hrana,"1,59"
Mediteranski zaèini SK2,0189653,0.027,"16g,27g,28g,30g,35g",Italiamo,1.59,,,99.38,20046385,Hrana,"1,59"
Internacionalna gotova jela SK1,0189655,0.825,825g,Chef Select,3.29,,,3.99,4056489821755,Hrana,"3,29"
Bio Veganski namaz za kruh SK10,0189673,0.18,180g,Vemondo,2.19,,,12.17,4056489846864,Hrana,Nije_bilo_u_prodaji_02.05.2025
WC Gel s aplikatorom SK2,0190272,0.075,75ml,W5,1.99,,,26.53,20544799,Sredstva za èišæenje,"2,29"
Osvježivaè WC školjke SK2,0190620,0.099,3x33g,W5,2.49,,,25.15,4056489585572,Sredstva za èišæenje,"2,45"
Mlijeèni desert SK70,0190738,0.502,900ml,Bon Gelati,3.99,,,4.43,4056489223344,Hrana,"3,99"
Veganski Chunks,0190835,0.185,185g,Vemondo,2.69,,,14.54,4056489850366,Hrana,"3,39"
Šeæerna dekoracija Uskrs SK33,0192649,0.027,"11g,12g,16g,25g,4x25g",Belbake,1.99,,,19.9,4056489442264,Hrana,"1,99"
Šeæerna dekoracija Uskrs SK33,0192649,0.027,"11g,12g,16g,25g,4x25g",Belbake,1.99,,,79.6,4056489865667,Hrana,"1,99"
Šeæerna dekoracija Uskrs SK33,0192649,0.027,"11g,12g,16g,25g,4x25g",Belbake,1.99,,,165.83,4056489865711,Hrana,"1,99"
Šeæerna dekoracija Uskrs SK33,0192649,0.027,"11g,12g,16g,25g,4x25g",Belbake,1.99,,,79.6,4056489865711,Hrana,"1,99"
Veganski štapiæi SK1,0192911,0.2,200g,Vemondo,2.89,,,14.45,4056489869689,Hrana,"2,89"
Zamjenske britvice,0193289,0.016,3komad,Cien,3.95,,,3.95,4056489873983,Kozmetika,"3,95"
Mekani sir s punjenjem SK10,0193570,0.188,"180g,195g",Deluxe,2.69,,,14.94,20276508,Hrana,"2,69"
Uskršnje dekoracije SK2,0194164,0.123,"120g,130g",Belbake,2.49,,,19.15,4335619104914,Hrana,"2,49"
Hummus SK43,0194606,0.2,200g,Vitasia,1.19,,,5.95,4056489550587,Hrana,"1,19"
Pag 91 Kuh. morska sol sitna doz.,6907873,0.25,250g,,0.99,,,3.96,3859888817166,Hrana,"0,99"
Ekos Mignon Sacher,6907888,0.4,400g,,5.79,,,14.48,3858889618994,Hrana,"5,79"
"Spirits of Croatia Medica, 20% vol.",6907991,0.5,"0,5l",,7.49,,,14.98,3858894860067,Piæe,"7,49"
Zlato Polje Rezanci s jajima,6907994,0.4,400g,,1.59,,,3.98,3838700011470,Hrana,"1,59"
Èaj od mente 50% RFA,6908004,0.056,"25x2,25g",Lord Nelson,1.29,,,22.93,4056489925262,Piæe,"1,29"
Sunlove maska za kosu ,6908046,0.25,250ml,,3.19,,,12.76,3850177003765,Kozmetika,"3,99"
Sunlove Mlijeko za tijelo,6908049,0.256,250ml,,2.39,,,9.56,3850177003802,Kozmetika,"2,99"
Sunlove Uljni gel za tuširanje SK1,6908054,0.256,250ml,,1.99,,,7.96,3850177003833,Kozmetika,"2,59"
Sredstvo za èišæenje kupaonice,6908057,1,1l,,1.49,,,1.49,4056489925552,Sredstva za èišæenje,"1,55"
Mini napolitanke SK1,6908123,0.2,200g,Sondey,0.99,,,4.95,4056489925583,Hrana,"0,99"
PIK Natur šunka narezana,6908158,0.1,100g,,1.49,,,14.9,3850139282139,Hrana,"1,49"
"Rolana lopatica u mrežici, bez kože",6908160,1,"ca. 1,1kg",Pikok,5.89,,,5.89,2894170000000,Hrana,"5,89"
Leæevaèki kravlji sir rezani SK2,6908166,0.1,100g,Okusi zavièaja,2.89,,,28.9,4056489925620,Hrana,"2,79"
Sensodyne Premium Pasta za zube SK1,6908198,0.075,75ml,,5.49,,,73.2,5054563119759,Kozmetika,"4,49"
Paradontax Pasta za zube Ultra Cle.,6908200,0.15,2x75ml,,5.99,,,39.93,5054563158789,Kozmetika,"5,49"
"The Garden Brewery Sour 4,5%",6908212,0.33,"0,33l",,1.29,,,3.91,3858893812142,Piæe,"1,29"
Jabuka zelena Zlatni delišes,0080185,1,1kg,,1.69,,,1.69,4056489919681,Hrana,"1,69"
Grožðe mix 500g,0080475,0.5,500g,,2.49,,,4.98,20239305,Hrana,Nije_bilo_u_prodaji_02.05.2025
"Grožðe crveno 500g, bez koštica",0080485,0.5,500g,,2.49,,,4.98,8718858742011,Hrana,"2,49"
"Grožðe bijelo 500g, bez koštica",0080505,0.5,500g,,2.49,,,4.98,7898994174844,Hrana,"2,19"
Ananas,0080611,1.655,1komad,,2.22,,,2.22,8033229870071,Hrana,"2,49"
Avokado Hass,0080616,0.269,1komad,,1.19,,,1.19,4335619165915,Hrana,"1,19"
Kivi 1kg,0080682,1,1kg,,2.49,,,2.49,20250300,Hrana,"2,29"
Physalis,0080735,0.1,100g,,,0.49,1.29,4.9,7706899000062,Hrana,"1,29"
Jagoda 250g,0080801,0.25,250g,,2.49,,,9.96,20241964,Hrana,"1,99"
Borovnica 400g,0080818,0.4,400g,,4.49,,,11.23,7804665390024,Hrana,"4,44"
Borovnica 125g,0080820,0.125,125g,,1.49,,,11.92,8437005016392,Hrana,"1,49"
Borovnica 250g,0080823,0.25,250g,,,1.89,2.79,7.56,4014071763234,Hrana,"2,89"
Malina 125g,0080835,0.125,125g,,2.29,,,18.32,8717496041425,Hrana,"2,29"
Malina 200g,0080837,0.2,200g,,3.29,,,16.45,8717496046260,Hrana,Nije_bilo_u_prodaji_02.05.2025
Bio jabuka zelena 600g,0081548,0.6,600g,,1.99,,,3.32,4056489006947,Hrana,"1,99"
Salata rukola,0082135,0.125,125g,,1.29,,,10.32,3858893060284,Hrana,"1,29"
Salata rukola,0082135,0.125,125g,,1.29,,,10.32,3859893446283,Hrana,"1,29"
Rajèica koktel 250g,0082410,0.25,250g,,,1.09,1.29,4.36,3859893446252,Hrana,"1,49"
Èešnjak domaæi 200g,0082711,0.2,200g,,1.99,,,9.95,20194987,Hrana,"1,69"
Èešnjak,0082712,0.25,250g,,1.39,,,5.56,20253462,Hrana,"1,59"
Cheddar SK4,5206760,0.225,"200g,250g",Milbona,3.99,,,19.95,4056489128854,Hrana,"3,79"
Cheddar SK3,5208562,0.3,300g,Deluxe,4.99,,,16.63,20954215,Hrana,"3,05"
"Dimljena sušena slanina, 240g",5217319,0.24,240g,MCENNEDY,3.89,,,16.21,4056489239819,Hrana,"3,89"
Marshmallow,5225475,0.12,120g,,1.49,,,12.42,5055256533036,Hrana,Nije_bilo_u_prodaji_02.05.2025
"Jako pivo 7,2%",5500395,0.502,"0,5l",Argus,0.95,,,1.9,4304493257139,Piæe,"1,09"
Sapun SK1,5500714,0.1,100g,-,0.39,,,3.9,20819873,Kozmetika,"0,39"
Sapun SK1,5500714,0.1,100g,-,0.39,,,3.9,20819880,Kozmetika,"0,39"
Punjeni dumplings losos SK2,5501285,0.35,350g,Deluxe,1.79,,,5.11,20586188,Hrana,"1,79"
Pelinkovac Vintage 35% alk.,6907296,0.7,"0,7l",,9.99,,,14.27,3859894287069,Piæe,"9,99"
Lino Lada Namaz Creamy,6907328,0.7,700g,,4.99,,,7.13,3856020265335,Hrana,"4,79"
Hand cooked chips s morskom soli,6907332,0.125,125g,Deluxe,1.29,,,10.32,4056489612049,Hrana,"0,99"
Lacalut Active Pasta za zube,6907339,0.091,75ml,,4.29,,,57.2,4016369726341,Kozmetika,"4,29"
Maramice za intimnu njegu biorazg.,6907357,0.08,20komad,Floralys,0.69,,,0.03,4056489611882,Proizvodi za kuæanstvo,"0,69"
Ledo Kineska mješavina,6907374,0.4,400g,,2.49,,,6.23,3850116053400,Hrana,"2,49"
Ledo grašak smrznuti XXL,6907375,0.7,700g,,2.39,,,3.41,3850116058627,Hrana,"2,49"
Juneæi odresci iz buta Frikando,6907397,1,ca. 600g,Naša mesnica,16.49,,,16.49,2892890000000,Hrana,15.99
Maraska Pelinkovac,6907403,1,1l,,15.49,,,15.49,3850158406752,Piæe,"15,02"
Eva Tuna salata Balance,6907472,0.16,160g,,1.99,,,12.44,3856020263874,Hrana,"1,99"
Pivac Premium Kulen,6907481,1,"cca. 1,3kg",,16.89,,,16.89,2105291000000,Hrana,"16,89"
Svježi pagar,6907487,1,ca. 500g,Naša ribarnica,14.99,,,14.99,2144380000000,Hrana,"11,99"
Svježi pagar,6907487,1,ca. 500g,Naša ribarnica,14.99,,,14.99,2144385000007,Hrana,"11,99"
Svježi pagar,6907487,1,ca. 500g,Naša ribarnica,14.99,,,14.99,2144385006580,Hrana,"11,99"
Svježi pagar,6907487,1,ca. 500g,Naša ribarnica,14.99,,,14.99,2144387000000,Hrana,"11,99"
Svježi pagar,6907487,1,ca. 500g,Naša ribarnica,14.99,,,14.99,2896371000000,Hrana,"11,99"
Svježi pagar,6907487,1,ca. 500g,Naša ribarnica,14.99,,,14.99,2896373000000,Hrana,"11,99"
Svježi pagar,6907487,1,ca. 500g,Naša ribarnica,14.99,,,14.99,2896375000000,Hrana,"11,99"
Tekuæi jogurt jagoda,6907496,1,1kg,Pilos,1.99,,,1.99,4056489612322,Hrana,"1,89"
"Jaja iz podnog uzgoja, razred M",6907530,0.57,10komad,,2.89,,,0.29,3859891140060,Hrana,"1,45"
"Kvrgavi kulen, cca. 550g",6907535,1,ca. 550g,Okusi zavièaja,19.99,,,19.99,2896380000000,Hrana,"19,99"
Aranžmani Mirna & Princ,6907569,1.41,1komad,,32.99,,,32.99,3858892743904,Proizvodi za kuæanstvo,"32,99"
Zim. tek. za vjetr. staklo -25°C,6907613,5,5l,,3.49,,,0.7,3858887314447,Proizvodi za kuæanstvo,"3,49"
Lumen Lampion s religijskim motivom,6907659,0.29,1komad,,2.29,,,2.29,3870634073766,Proizvodi za kuæanstvo,"2,29"
Proteinski napitak Bazga,6907682,0.062,"61,6g",,12.99,,,210.88,3830081423842,Hrana,"12,99"
Palmolive Šampon SK2,6907702,0.363,350ml,,3.55,,,10.14,8714789880488,Kozmetika,"3,55"
Lana Milk kiselo vrhnje 12%,6907746,0.85,850g,,2.09,,,2.46,5998200571039,Hrana,"2,09"
Sit&Fit Èoko namaz,6907768,0.2,200g,,4.59,,,22.95,3859894203021,Hrana,"4,59"
Melli Aromatica Eko kon. deter. 25p,6907807,1.008,1l,,7.49,,,7.49,3857500114501,Sredstva za èišæenje,"7,29"
Pan Zlatni svijetlo pivo 5%,6907815,4,"8x0,5l",,7.79,,,1.95,3858887584604,Piæe,"7,79"
Braèki melem s pèel. proiz. SK1,6907826,0.03,30ml,,3.99,,,133,0792649585399,Kozmetika,"3,99"
MIH sirana Paški ex. tvrdi sir ZOI,6907832,0.2,200g,,8.99,,,44.95,3859893853432,Hrana,"8,99"
Teta Violeta Sredstvo za èišæenje,6907843,0.742,750ml,,1.99,,,2.65,3858881046771,Sredstva za èišæenje,"1,59"
Ferrero Kinder Bueno mini Eggs sez.,6907852,0.08,80g,,2.59,,,32.38,8000500394106,Hrana,"2,79"
Ecolant Papirnati lamp. ECOLANT 50h,6907858,0.2,200g,,1.79,,,8.95,3859890458630,Proizvodi za kuæanstvo,"1,79"
"Vindija Choco Loco Puding, 4x125g",6901018,0.5,4x125g,,1.85,,,3.7,3850108040500,Hrana,"1,85"
"Sauvignon, kvalitetno bijelo vino",6901083,0.743,"0,75l",Winemakers of Croatia,5.49,,,7.32,4304493256699,Piæe,"5,49"
Jägermeister biljni liker 35%,6901090,0.7,"0,7l",,16.99,,,24.27,4067700015020,Piæe,"16,49"
"Jaja podni uzgoj, razred M, 10 kom.",6901107,0.58,10komad,Okusi zavièaja,2.89,,,0.29,4056489317838,Hrana,"2,49"
"Corona svijetlo pivo 4,5%",6901140,0.355,"0,355l",,2.19,,,6.17,75032814,Piæe,"2,05"
Tekuæi jogurt jagoda-vanilija,6901217,1,1kg,Pilos,1.99,,,1.99,4056489316244,Hrana,"1,99"
Tuš za oèi SK3 ,0120329,0.006,1komad,Cien Beauty,2.35,,,2.35,20907976,Kozmetika,"2,35"
Tuš za oèi SK3 ,0120329,0.006,1komad,Cien Beauty,2.35,,,2.35,4056489619833,Kozmetika,"2,35"
Francuska salama SK2,0120499,0.25,250g,Duc de Coeur,3.65,,,14.6,20771294,Hrana,Nije_bilo_u_prodaji_02.05.2025
Apr?s Sun Aloe Vera&Intensiv.SK1,0120742,0.253,250ml,Cien Sun,2.99,,,11.96,4056489601760,Kozmetika,"2,99"
Ekstra džem SK2,0120762,0.45,450g,Alpenfest,2.79,,,6.2,20991173,Hrana,"2,59"
BO Hrenovka u lisnatom sa senfom,0120952,0.11,100g,,0.69,,,6.9,20786519,Hrana,"0,69"
Proljetna juha s povr. i tjest.,0121215,0.066,66g,Kania,0.69,,,10.45,20800055,Hrana,"0,69"
BO Croissant s maslacem,0121471,0.057,57g,,0.49,,,8.6,20805692,Hrana,"0,59"
Sladoled štapiæ bijela èok.-badem,0121510,0.504,6x120ml,Bon Gelati,5.99,,,8.32,20805463,Hrana,"5,49"
Zlatni i srebrni listiæi SK1,0180015,0.001,3komad,Belbake,3.99,,,1.33,4056489704034,Hrana,"2,99"
Grissini SK1,0180196,0.25,250g,Deluxe,1.99,,,7.96,4056489697770,Hrana,"1,99"
Kapsule za kavu ALU Classic 20 RFA,0180399,0.108,108g,Bellarom,4.49,,,41.57,4056489714521,Piæe,Nije_bilo_u_prodaji_02.05.2025
Tvrdi bomboni SK1,0180452,0.095,"80g, 100g",Amanie,,0.75,1.09,9.38,4056489713364,Hrana,"1,09"
"Ulošci s Aloe Vera, SK1",0180483,0.167,"20komad,24komad,28komad",Siempre,2.09,,,0.1,4056489713586,Toaletne potrepštine,"2,09"
"Ulošci s Aloe Vera, SK1",0180483,0.167,"20komad,24komad,28komad",Siempre,2.09,,,0.09,4056489726333,Toaletne potrepštine,"2,09"
"Ulošci s Aloe Vera, SK1",0180483,0.167,"20komad,24komad,28komad",Siempre,2.09,,,0.07,4056489726333,Toaletne potrepštine,"2,09"
Fitness Bowl SK1,0181184,0.4,400g,Chef Select,2.99,,,7.48,4056489723257,Hrana,"2,89"
Fitness Bowl SK1,0181184,0.4,400g,Chef Select,2.99,,,7.48,4056489723271,Hrana,"2,89"
Krema za tortu vanilija,0181217,0.14,140g,Belbake,1.69,,,12.07,4056489723554,Hrana,"1,69"
Osvj. prostora gel perle SK1,0181540,0.11,110g,Air by W5,1.59,,,14.45,4335619105584,Sredstva za èišæenje,1.59
Poslastice za pse SK15,0181760,0.2,200g,Orlando,2.99,,,14.95,4056489593201,Proizvodi za kuæanstvo,"2,99"
Žvakaæe gume Ice Cubes,0184399,0.092,92g,Jetgum,1.99,,,1.99,4056489645009,Hrana,Nije_bilo_u_prodaji_02.05.2025
Kotanyi Secrets SK4,0184462,0.035,"25g,30g,35g,38g,40g",,0.65,,,0.65,9001414011546,Hrana,"0,79"
Suhi šampon SK2,0184963,0.12,200ml,Cien,1.69,,,8.45,4056489572121,Kozmetika,Nije_bilo_u_prodaji_02.05.2025
Sir u listiæima sa zaèinima OGT SK2,0185014,0.1,100g,Milbona,1.49,,,14.9,4056489781783,Hrana,"1,49"
Svježi sok od naranèe bez pulpe,0165943,1.05,1l,Solevita,3.29,,,3.29,4304493268869,Hrana,"3,29"
"Bavarsko svijetlo pivo 4,7% vol.",0166465,0.504,"0,5l",Perlenbacher,0.95,,,1.9,4304493268517,Piæe,"0,95"
Hummus XXL SK1,0167094,0.3,300g,Chef Select,1.39,,,4.63,4056489550389,Hrana,"1,39"
Cappuccino XXL,0167108,0.6,3x200g,Bellarom,10.99,,,18.32,4056489494737,Piæe,Nije_bilo_u_prodaji_02.05.2025
Tekuæi deterdžent (F) 30 pranja SK1,0167396,1.521,"1,5l",Formil,3.59,,,0.12,4056489497189,Sredstva za èišæenje,"3,59"
Zeleni èaj UTZ SK22,0167574,0.044,"25x1,75g",Lord Nelson,1.59,,,1.59,4056489440222,Piæe,"1,29"
Ferdi Fuchs Sir SK1,0167794,0.08,80g,,1.89,,,23.63,4006789310558,Hrana,"1,89"
Ferdi Fuchs Sir SK1,0167794,0.08,80g,,1.89,,,23.63,4770275050067,Hrana,"1,89"
Namaz za bruschette SK3,0168069,0.19,190g,Deluxe,1.59,,,8.37,4056489516385,Hrana,"1,99"
Balsamico krema SK1,0168074,0.182,150ml,Acentino,1.29,,,8.6,4056489516422,Hrana,"1,29"
Lagani snackovi SK8,0168202,0.25,250g,Culinea,2.79,,,11.16,20652135,Hrana,"2,79"
Lagani snackovi SK8,0168202,0.25,250g,Culinea,2.79,,,11.16,20652159,Hrana,"2,79"
Krema za ruke SK1,0168553,0.101,100ml,Cien,1.1,,,11,4056489526711,Kozmetika,"1,15"
Krema za ruke SK1,0168553,0.101,100ml,Cien,1.1,,,11,4056489526728,Kozmetika,"1,15"
Krema za ruke SK1,0168553,0.101,100ml,Cien,1.1,,,11,4056489988373,Kozmetika,"1,15"
Mozzarella ribana,0129674,0.25,250g,Milbona,2.65,,,10.6,4056489927129,Hrana,"2,65"
Windel Adventski kalendar SK15,0130060,0.075,75g,,1.78,,,23.73,4006613012177,Hrana,"1,06"
Claudel/Istara Sirni specijaliteti,0130333,0.195,"150g,200g,220g",,3.19,,,15.95,20611194,Hrana,"2,99"
Claudel/Istara Sirni specijaliteti,0130333,0.195,"150g,200g,220g",,3.19,,,14.5,3023260030720,Hrana,"2,99"
Claudel/Istara Sirni specijaliteti,0130333,0.195,"150g,200g,220g",,3.19,,,15.95,3228021150185,Hrana,"2,99"
Claudel/Istara Sirni specijaliteti,0130333,0.195,"150g,200g,220g",,3.19,,,14.5,3228021150185,Hrana,"2,99"
Biljni margarin 60%,0130646,0.5,500g,Vita D'or,1.79,,,3.58,20964849,Hrana,"1,79"
'z bregov Proteinski napitak vanil.,6903398,0.529,"0,5l",,2.49,,,4.98,3850108023701,Hrana,"2,52"
Multivita Direct SK6,6903521,0.03,30g,,4.59,,,4.59,3858881248076,Hrana,"4,59"
Multivita Direct SK6,6903521,0.03,30g,,4.59,,,4.59,3858881248748,Hrana,"4,59"
Duracell Basic K5 SK2,6903598,0.095,5komad,,6.49,,,1.3,5000394052444,Proizvodi za kuæanstvo,"6,49"
Duracell Basic K5 SK2,6903598,0.095,5komad,,6.49,,,1.3,5000394117839,Proizvodi za kuæanstvo,"6,49"
Corny Èokolada,6903599,0.05,50g,,1.19,,,23.8,4011800586515,Hrana,"1,19"
Viljamovka 38%,6903626,0.552,"0,5l",,11.28,,,22.56,3859890900016,Piæe,"11,28"
Pringles Sour Cream Onion ,0001020,0.165,165g,,3.49,,,21.15,5053990101597,Hrana,"3,49"
Whiskas Hrana za maèke SK,0001024,0.34,4x85g,,2.75,,,8.09,4770608263652,Proizvodi za kuæanstvo,"2,75"
Argeta Mesna pašteta SK1,0001041,0.095,95g,,1.49,,,15.68,3838471024365,Hrana,"1,39"
Domaæa kobasica,0001046,0.3,300g,Okusi zavièaja,3.49,,,11.63,20539122,Hrana,"3,49"
Sladoled u kornetu - èokolada,0001057,0.07,120ml,Ballino,0.59,,,4.92,4056489799115,Hrana,"0,59"
Draže bomboni SK2,0001074,0.016,16g,Amanie,0.39,,,0.39,20535780,Hrana,"0,39"
Sladoled SK12,0207510,0.445,750ml,Italiamo,2.79,,,3.72,20007959,Hrana,"2,79"
Blazinice široke,0207692,0.124,100komad,Cien,1.69,,,0.02,4335619030299,Toaletne potrepštine,"1,69"
Vegan Snacks SK4,0207700,0.23,230g,Vemondo,3.69,,,16.04,4335619174269,Hrana,Nije_bilo_u_prodaji_02.05.2025
kinder Mini Eggs Dark & Mild,0207791,0.085,85g,,2.19,,,25.76,8000500409268,Hrana,"2,69"
Djeèje pelene XL,0208363,2.21,64komad,Lupilu,9.49,,,0.15,4335619036284,Toaletne potrepštine,"9,49"
Riblji Tapas SK33,0208479,0.1,100g,El Tequito,2.49,,,24.9,4335619036741,Hrana,"2,13"
Èokoladna jaja SK1,0208602,0.4,400g,Mister Choc,6.29,,,15.73,4335619037342,Hrana,Nije_bilo_u_prodaji_02.05.2025
"""N"" WC osvježivaè 4x40g SK1",0209303,0.16,4x40g,,0.95,,,5.94,4056489882770,Sredstva za èišæenje,"0,99"
Prutiæi za pse SK6,0209887,0.176,16x11g,Orlando,2.29,,,13.01,4056489915225,Proizvodi za kuæanstvo,2.19
Prutiæi za pse SK6,0209887,0.176,16x11g,Orlando,2.29,,,13.01,4056489915232,Proizvodi za kuæanstvo,2.19
Veganski narezak SK3,0211121,0.125,125g,Vemondo,1.99,,,15.92,4056489826699,Hrana,"1,69"
"Käsewelt gouda, cca.3kg",0211915,1,ca. 3kg,,5.99,,,5.99,2802218000000,Hrana,"5,99"
Draže bomboni mint,0212068,0.038,38g,Sweet Corner,0.39,,,0.39,4335619077171,Hrana,"0,39"
Milka MMMax Toffee cijeli lješnjak,0212784,0.3,300g,,3.99,,,13.3,7622210417534,Hrana,Nije_bilo_u_prodaji_02.05.2025
Tablete za pranje posuða,0212965,0.616,40komad,W5,6.99,,,0.17,4335619235151,Sredstva za èišæenje,Nije_bilo_u_prodaji_02.05.2025
Dvostruki èokoladni keksi Vegan ,0213107,0.225,225g,Sondey,2.29,,,10.18,4335619082526,Hrana,"1,89"
"Keksi s kremom od vanilije, Vegan",0213211,0.5,500g,Sondey,2.29,,,4.58,4335619082953,Hrana,"1,99"
"Keksi punjeni kakao kremom, Vegan",0213213,0.5,500g,Sondey,2.29,,,4.58,4335619082960,Hrana,"1,99"
Mini posip za kolaèe SK2,0214044,0.053,"55g,50g",Belbake,1.99,,,36.18,4335619104952,Hrana,Nije_bilo_u_prodaji_02.05.2025
Premium voæni namaz SK2,0214377,0.42,420g,Maribel,2.99,,,7.12,4056489955177,Hrana,"2,79"
Veganski namaz SK1,0215252,0.15,150g,Vemondo,1.89,,,12.6,4335619100961,Hrana,"1,79"
BO Ciabatta s maslinovim uljem,0215253,0.3,300g,,2.49,,,8.3,4335619100725,Hrana,"2,49"
Veganski njoki SK1,0215733,0.5,"400g,600g",Vemondo,1.29,,,2150,4056489706304,Hrana,"1,29"
Tortilla èips XXL SK3,0215815,0.375,375g,Let's have a party!,1.79,,,4.77,4335619091788,Hrana,"1,79"
Tortilla èips XXL SK3,0215815,0.375,375g,Let's have a party!,1.79,,,4.77,4335619091832,Hrana,"1,79"
"Spužva za odstran. mrlja 11x7x2,9cm",0215862,0.012,6komad,W5,2.19,,,0.37,4335619105188,Proizvodi za kuæanstvo,"2,19"
Štapiæi za dentalnu njegu pasa SK1,0216941,0.27,270g,Orlando,1.49,,,5.52,4056489069638,Proizvodi za kuæanstvo,"1,49"
Proteini.si Protein bar èoko. lješ.,6908240,0.05,50g,,1.09,,,21.8,3830081429820,Hrana,"1,15"
Vjenèiæi marelica XXL,6908261,0.8,800g,Okusi zavièaja,4.69,,,5.86,4056489925866,Hrana,"3,95"
Festigia Castello,6908289,0.75,"0,75l",,13.89,,,18.52,3858881196834,Piæe,"13,89"
Festigia Malvazija,6908290,0.75,"0,75l",,13.95,,,18.6,3858881191914,Piæe,"13,95"
Nivea Soft krema,6908310,0.293,300ml,,7.39,,,24.63,4005808760466,Kozmetika,"7,39"
Nivea Dezodorans SK1,6908316,0.155,250ml,,6.29,,,25.16,4005808730704,Kozmetika,"6,29"
Nivea Dezodorans SK1,6908316,0.155,250ml,,6.29,,,25.16,4005808730735,Kozmetika,"6,29"
Tata Mata Pileæa kranjska kobasica,6908333,0.5,500g,,2.95,,,5.9,3858890933208,Hrana,"2,95"
Starbucks Caramel Macchiato,6908334,0.22,220ml,,1.99,,,9.05,5711953166389,Hrana,"1,99"
Rio Mare Insalatis. Cous Cous duop.,6908375,0.32,2x160g,,4.25,,,13.28,8004030860025,Hrana,"4,29"
Ricola SK2,6908383,0.04,40g,,1.59,,,1.59,7610700026540,Hrana,"1,59"
BO Premium Craft kruh,6908396,0.4,400g,,1.49,,,3.73,4052917985457,Hrana,"2,29"
"Kones Bi Jaja, razred M",6908426,0.57,10komad,,1.45,,,0.15,3859891140213,Hrana,"1,45"
Pivac Grill kobasica sa sirom,6908437,0.36,360g,,3.69,,,10.25,3858884999296,Hrana,"4,49"
"Vranac KZP, crno vino",6908438,2,2l,,4.29,,,2.15,3859894110282,Piæe,"3,99"
Podravka Senf Estragon Squeeze,6908449,0.31,310g,,1.99,,,6.42,3856020268909,Hrana,"1,99"
Thomas Henry Tonic Water,6908461,0.75,"0,75l",,3.69,,,4.92,4251760802526,Piæe,"3,99"
Thomas Henry Ginger Beer,6908463,0.75,"0,75l",,3.69,,,4.92,4251760802540,Piæe,"3,99"
BIC Maxi upaljaè,6908468,0.022,1komad,,1.79,,,1.79,0070330600065,Proizvodi za kuæanstvo,"1,79"
Ledo meksièka mješavina smrznuta,6908485,0.4,400g,,2.49,,,6.23,3850116053431,Hrana,"2,49"
Biljni èaj XXL SK1,6908497,0.081,"40x2.250g,50x1.500g",Lord Nelson,0.99,,,11,4053216015913,Piæe,Nije_bilo_u_prodaji_02.05.2025
"Podravka Zimska salama, narezak XXL",6908522,0.3,300g,,5.99,,,19.97,3856020261900,Hrana,"5,99"
Libresse Ultra Normal hig. ul. XXL,6908562,0.207,40komad,,2.99,,,0.07,7322541195032,Toaletne potrepštine,"2,99"
Baby feferoni SK1,0098636,0.335,370ml,El Tequito,1.29,,,3.49,20561550,Hrana,"1,29"
Baby feferoni SK1,0098636,0.335,370ml,El Tequito,1.29,,,3.49,20561567,Hrana,"1,29"
Losion za tijelo SK7,0098716,0.412,400ml,Cien,2.39,,,5.98,20516468,Kozmetika,"2,39"
Losion za tijelo SK7,0098716,0.412,400ml,Cien,2.39,,,5.98,4056489309048,Kozmetika,"2,39"
"Vital krema za lice, SK1",0098905,0.051,50ml,Cien,2.29,,,45.8,20561840,Kozmetika,"2,29"
Friskies hrana za maèke,0000499,1.02,12x85g,,6.09,,,5.97,7613036974301,Proizvodi za kuæanstvo,"6,09"
Gillette Gel za brijanje SK,0000533,0.237,240ml,,5.29,,,22.04,7702018982011,Kozmetika,"5,29"
Always Ultra Quattro ulošci SK,0000536,0.165,"40komad,24komad,28komad,20komad",,4.99,,,0.12,4015400489764,Toaletne potrepštine,"4,99"
Always Ultra Quattro ulošci SK,0000536,0.165,"40komad,24komad,28komad,20komad",,4.99,,,0.12,8700216861182,Toaletne potrepštine,"4,99"
Naturella Ultra ulošci SK,0000538,0.148,"40komad,32komad,28komad",,4.79,,,0.17,8006540399569,Toaletne potrepštine,"4,79"
Naturella Ultra ulošci SK,0000538,0.148,"40komad,32komad,28komad",,4.79,,,0.12,8006540399569,Toaletne potrepštine,"4,79"
Jar det. za pr. posuða Extra+limun,0000539,0.667,650ml,,3.99,,,6.14,8006540355381,Sredstva za èišæenje,"3,99"
Nescafe Dolce G. Espresso Intenso,0000571,0.112,112g,,5.29,,,47.23,7613036867436,Piæe,"4,49"
Friskies pseæa mokra hrana u saftu,0000622,0.34,4x85g,,1.79,,,5.26,8445290751737,Proizvodi za kuæanstvo,Nije_bilo_u_prodaji_02.05.2025
Persil tekuæi deterdžent Perfect C.,0000625,5.168,"4,95l",,24.99,,,5.05,9000101824438,Sredstva za èišæenje,Nije_bilo_u_prodaji_02.05.2025
Èipi Èips SK1,0000629,0.195,"190g,200g",,2.99,,,15.74,3856021300547,Hrana,"2,99"
Èipi Èips SK1,0000629,0.195,"190g,200g",,2.99,,,14.95,3856021300547,Hrana,"2,99"
"Ariel kapsule complete, 60kom",0000666,1.578,60komad,,23.99,,,0.4,8006540800331,Sredstva za èišæenje,"23,99"
Lenor Omeksivac Fresh Wind 50pranja,0000697,0.695,700ml,,6.45,,,0.13,8700216722940,Sredstva za èišæenje,Nije_bilo_u_prodaji_02.05.2025
Schauma šampon SK2,0000720,0.77,750ml,Henkel,6.99,,,9.32,9000101681123,Kozmetika,"6,99"
Perwoll Tekuæi det. Color 40 pranja,0000760,2.056,2l,,8.95,,,0.22,9000101810479,Sredstva za èišæenje,"8,95"
Ledeni èaj limun,0000802,0.5,"0,5l",Freeway,0.75,,,1.5,4056489271765,Piæe,"0,65"
"Multivitaminsko piæe 12,5%",0000820,0.5,"0,5l",-,0.79,,,1.58,4056489338017,Piæe,"0,79"
Kellogg’s Trésor Milk Choco,0000828,0.41,410g,,3.29,,,8.02,5053827199667,Hrana,"3,29"
MAGGI Magis Asia Noodle Cup Chili,0000856,0.063,63g,,1.49,,,23.65,8445291837461,Piæe,Nije_bilo_u_prodaji_02.05.2025
Croccantini SK1,0125554,0.15,150g,Italiamo,2.39,,,15.93,20872014,Hrana,"1,79"
Mini Mozzarella (OGT) SK5,0125645,0.125,125g,Milbona,1.45,,,11.6,20851750,Hrana,"1,39"
Mini Mozzarella (OGT) SK5,0125645,0.125,125g,Milbona,1.45,,,11.6,4056489847298,Hrana,"1,39"
Skyr (jogurt) voæni SK1,0125984,0.15,150g,Pilos,0.95,,,6.33,20881078,Hrana,"0,95"
Hrana za pse [SC] SK6,0126679,0.15,150g,Orlando Gourmet,0.65,,,4.33,4056489014379,Proizvodi za kuæanstvo,"0,65"
Sredstvo za èišæenje stakla,0127088,0.991,1l,W5,1.79,,,1.79,20446147,Sredstva za èišæenje,"1,79"
Mini sir SK1,0195563,0.12,120g,Milbona,1.99,,,16.58,4056489883371,Hrana,"2,79"
Krem sir s wasabijem,0196456,0.175,175g,Vitasia,1.49,,,8.51,4056489918851,Hrana,"1,49"
Japanski rezanci SK2,0196903,0.3,300g,Vitasia,0.99,,,3.3,20561864,Hrana,"1,39"
Maramice za èišæenje lica SK2,0197694,0.167,2x25komad,Cien,1.59,,,0.03,4056489916291,Proizvodi za kuæanstvo,"1,59"
Specijalna pasta za zube SK8,0197871,0.154,125ml,Dentalux,0.99,,,7.92,4056489840350,Kozmetika,"1,05"
Premium pelene junior vel. 5,0199592,1.18,39komad,Lupilu,6.99,,,0.18,4056489947387,Toaletne potrepštine,"6,99"
Burger SK1,0200893,0.205,"200g,210g",Chef Select,1.99,,,9.95,4056489788553,Hrana,"1,99"
Limunada na talijanski naèin 12%,0201044,0.337,"0,33l",Freeway,0.79,,,2.39,4304493269514,Piæe,"0,79"
Bistra juha sa slovima,0201843,0.075,75g,Kania,0.79,,,10.53,4056489984443,Hrana,"0,79"
M&M's SK1,0203908,0.139,"128g,150g",,3.29,,,25.7,5000159471725,Hrana,Nije_bilo_u_prodaji_02.05.2025
"Kozmetièke maramice Aloe Vera,3-sl.",0204181,0.231,120komad,Cien,1.35,,,0.01,4335619010390,Toaletne potrepštine,"1,35"
Smoothies SK4,0204235,0.793,"0,75l",Solevita,2.99,,,3.99,4304493271807,Hrana,Nije_bilo_u_prodaji_02.05.2025
Beauty Shot Collagen,0204923,0.155,150ml,Solevita,0.69,,,4.6,4335619012929,Hrana,"0,89"
Smrznuto voæe XXL SK7,0205394,0.925,"1000g,750g",Freshona,4.99,,,6.65,20535179,Hrana,"4,49"
XXL Zaèin za salatu u limenci SK1,0205405,0.154,"140g,155g,160g,165g",Kania,2.39,,,17.07,4335619015227,Hrana,"2,99"
XXL Zaèin za salatu u limenci SK1,0205405,0.154,"140g,155g,160g,165g",Kania,2.39,,,17.07,4335619015241,Hrana,"2,99"
XXL Zaèin za salatu u limenci SK1,0205405,0.154,"140g,155g,160g,165g",Kania,2.39,,,15.42,4335619015241,Hrana,"2,99"
Veganski narezak SK6,0206468,0.08,80g,Vemondo,1.29,,,16.13,4335619378599,Hrana,"0,99"
Šampon protiv prhuti SK2,0206574,0.411,400ml,Cien,1.59,,,3.98,4056489827177,Kozmetika,"1,59"
Šampon za kosu SK6,0206652,0.412,400ml,Cien,1.99,,,4.98,4056489994251,Kozmetika,"1,99"
Šampon za kosu SK6,0206652,0.412,400ml,Cien,1.99,,,4.98,4056489994275,Kozmetika,"1,99"
Šampon za kosu SK6,0206652,0.412,400ml,Cien,1.99,,,4.98,4335619202269,Kozmetika,"1,99"
Regenerator za kosu SK7,0206654,0.321,330ml,Cien,2.29,,,6.94,4053216039643,Kozmetika,"2,29"
Regenerator za kosu SK7,0206654,0.321,330ml,Cien,2.29,,,6.94,4335619202252,Kozmetika,"2,29"
Owolovo smoothie SK1,5549581,0.265,250ml,,1.29,,,5.16,5901958613777,Hrana,Nije_bilo_u_prodaji_02.05.2025
Mlijeèna èokolada s kikirikijem,5550244,0.1,100g,,0.69,,,6.9,5900915029897,Hrana,"0,69"
Mlij. èok. kik. i grožð./draže SK2,5553479,0.1,100g,,1.09,,,10.9,5904358566612,Hrana,"1,19"
"Gel za tuširanje, SK2",5554705,1.025,1l,Cien,1.59,,,1.59,4056489783701,Kozmetika,"1,89"
Gotovo jelo SK2,5555400,0.4,400g,Kuljanka,2.19,,,5.48,4056489784715,Hrana,"2,19"
Želatina u prahu,5555865,0.05,50g,Belbake,1.39,,,27.8,4056489785026,Hrana,Nije_bilo_u_prodaji_02.05.2025
Topljeni sir u listiæima SK1,5557931,0.25,250g,Pilos,1.99,,,7.96,5901126014122,Hrana,"1,99"
Voæni mousse XXL SK6,5564232,0.2,200g,Freshona,0.99,,,4.95,4056489584391,Hrana,"0,99"
Zobena kaša bez šeæera SK1,5565296,0.45,450g,Crownfield,3.29,,,7.31,4335619034310,Hrana,Nije_bilo_u_prodaji_02.05.2025
Deterdžent za posuðe SK1,5568840,1.538,"1,5l",W5,1.59,,,1.06,4335619095083,Sredstva za èišæenje,Nije_bilo_u_prodaji_02.05.2025
Krem sapun SK2,5568858,0.15,150g,Cien,0.79,,,5.27,4335619189546,Kozmetika,Nije_bilo_u_prodaji_02.05.2025
Mlijeèna èokolada s kikirikijem,5574098,0.1,100g,,1.09,,,10.9,5905858676245,Hrana,"1,19"
Gel za tuširanje XXL SK2,5579342,1,1000ml,Cien,1.69,,,1.69,4335619298682,Kozmetika,Nije_bilo_u_prodaji_02.05.2025
Jetrena i èajna pašteta SK1,5579700,0.13,130g,Baroni,0.89,,,6.85,4335619094253,Hrana,Nije_bilo_u_prodaji_02.05.2025
Èokoladni fondant,5602016,0.45,450g,Duc de Coeur,5.99,,,13.31,4056489727606,Hrana,"5,21"
Èetke za èišæenje posuða,0013166,0.097,2komad,W5,0.99,,,0.5,4056489707981,Proizvodi za kuæanstvo,"1,09"
Sred. za èišæenje perilice posuða,0013208,0.519,2x250ml,W5,2.99,,,5.98,4335619010314,Sredstva za èišæenje,"1,99"
Liker od višanja 20% Vol.,0013239,0.552,"0,5l",-,4.69,,,9.38,4304493262287,Piæe,"4,69"
"Keks s maslacem i èok., SK21",0013337,0.125,125g,Sondey,1.99,,,15.92,20026554,Hrana,"1,89"
Aquafresh djeèja pasta za zube SK2,6903927,0.05,50ml,,2.89,,,57.8,5054563204110,Kozmetika,"2,59"
Aquafresh djeèja pasta za zube SK2,6903927,0.05,50ml,,2.89,,,57.8,5054563204363,Kozmetika,"2,59"
Eva Tuna salata Mexicana,6903964,0.16,160g,,1.99,,,12.44,3856020218126,Hrana,"1,99"
Uljni gel za tuširanje SK3,6903972,0.26,250ml,Cien,1.95,,,7.8,4056489074700,Kozmetika,"1,95"
Ferrero keksi punjeni Nutellom,6904070,0.304,304g,,4.49,,,14.77,8000500310427,Hrana,"4,19"
"Kiseli kupus glavica, cca. 1kg",6904118,1,ca 1kg,Okusi zavièaja,1.99,,,1.99,2143903000000,Hrana,"1,79"
"Kiseli kupus glavica, cca. 1kg",6904118,1,ca 1kg,Okusi zavièaja,1.99,,,1.99,2143906000000,Hrana,"1,79"
"Kiseli kupus glavica, cca. 1kg",6904118,1,ca 1kg,Okusi zavièaja,1.99,,,1.99,2891891000000,Hrana,"1,79"
"Kiseli kupus glavica, cca. 1kg",6904118,1,ca 1kg,Okusi zavièaja,1.99,,,1.99,2891894000000,Hrana,"1,79"
"Kiseli kupus glavica, cca. 1kg",6904118,1,ca 1kg,Okusi zavièaja,1.99,,,1.99,2891897000000,Hrana,"1,79"
The Natural Krema za lice SK1,6904123,0.05,50ml,,5.19,,,103.8,0385989350712,Kozmetika,"5,19"
Mini tart SK1,0171315,0.19,"2x100g,2x90g",Deluxe,3.49,,,19.39,4056489570066,Hrana,"3,49"
Mini tart SK1,0171315,0.19,"2x100g,2x90g",Deluxe,3.49,,,17.45,4056489570066,Hrana,"3,49"
Kolaè u obliku puža s kom. èokolade,0171481,0.5,500g,Duc de Coeur,4.79,,,9.58,4056489571346,Hrana,"3,59"
Pizza pršut,0172694,0.4,400g,Italiamo,3.39,,,8.48,4056489587323,Hrana,"3,39"
Christmas Toffee Mix ,0172826,0.5,500g,Favorina,4.59,,,9.18,4056489588320,Hrana,"6,49"
Voæni namaz,0173201,0.4,400g,Maribel,2.59,,,6.48,4056489593133,Hrana,"2,39"
Flaureo Prosecco,0173657,0.75,0.75l,,7.69,,,10.25,8003625027027,Piæe,Nije_bilo_u_prodaji_02.05.2025
"Ardenska kobasica, narezak",7407831,1,ca. 160g,,16.19,,,16.19,2894960000000,Hrana,"16,19"
"Ardenska kobasica, narezak",7407831,1,ca. 160g,,16.19,,,16.19,2894968000000,Hrana,"16,19"
Svježi Macaroni,7408459,0.156,12x13g,Sol&Mar,4.59,,,29.42,4056489740742,Hrana,"4,59"
Tofu sa zaèinima SK3,7506452,0.18,180g,Vemondo,1.19,,,6.61,4056489332848,Hrana,"1,19"
Premium punjene datulje SK1,7511270,0.1,100g,Deluxe,3.99,,,39.9,4056489855903,Hrana,"3,99"
Komadi od sira BBQ,7608500,0.08,80g,,1.49,,,18.63,4770299401128,Hrana,"1,19"
Knedle na bavarski naèin SK2,7700378,0.4,400g,Alpenfest,2.79,,,6.98,20249519,Hrana,"2,19"
Bijele kobasice sa senfom,7700386,0.351,351g,Alpenfest,3.29,,,9.37,20035167,Hrana,"3,29"
Tortelloni/Njoki od krumpira SK7,7701351,0.348,"250g,500g",Combino,1.19,,,4.76,20831004,Hrana,"1,19"
Èips rebrasti paprika,6904742,0.25,250g,Snack Day,1.69,,,6.76,4056489316121,Hrana,"1,59"
"Svježe pile, cca. 1,6kg",6904754,1,"cca. 1,6 kg",Naša mesnica,,2.69,3.09,2.69,2130923000000,Hrana,"3,09"
"Svježe pile, cca. 1,6kg",6904754,1,"cca. 1,6 kg",Naša mesnica,,2.69,3.09,2.69,3850220116534,Hrana,"3,09"
Pavloviæeva mast,6904773,0.1,100ml,,6.75,,,67.5,8600101567468,Kozmetika,"6,75"
Tvrdi sir od krav. i ovèjeg mlijeka,6904792,0.3,300g,Okusi zavièaja,,5.59,7.79,18.63,4056489316114,Hrana,"7,79"
Teleæa lopatica bez kosti cca. 1kg,6904848,1,ca. 1kg,Naša mesnica,,11.49,13.99,11.49,2868430000000,Hrana,"12,49"
Svježa jadranska orada,6904858,0.7,700g,Naša ribarnica,,7.19,10.69,10.27,4056489316275,Hrana,"10,69"
Rebel Natural Protein Whey SK1,6908928,0.7,700g,,21.99,,,31.41,0634158791109,Hrana,"21,99"
Nutella Croissant 4kom,6908931,0.34,340g,,3.79,,,11.15,8000500413654,Hrana,"3,79"
"Badem cijeli, 500g",6908935,0.5,500g,,5.99,,,11.98,8671020170152,Hrana,"4,99"
BO Pontino špek-luk-sir,6908971,0.125,125g,,1.49,,,11.92,4053216140165,Hrana,"1,39"
BO Pontino špek-luk-sir,6908971,0.125,125g,,1.49,,,11.92,5999006982043,Hrana,"1,39"
"z bregov Trajno mlijeko 2,8%",6908975,6,6x1l,,5.29,,,0.88,3850108020922,Hrana,"5,29"
"Lukaè Jaja podni uzgoj, razred S",6908979,0.96,20komad,,2.39,,,0.12,3859889820783,Hrana,"2,49"
Badel Bajadera Liker,6908986,0.7,"0,7l",,17.99,,,25.7,3850112112453,Piæe,"17,99"
Rubel Det. za pranje rublja 120pr.,6909016,9,9kg,,11.79,,,1.31,3850105187017,Sredstva za èišæenje,"11,89"
XXL Pljukanci,6909034,0.5,500g,Okusi zavièaja,1.99,,,3.98,4056489926887,Hrana,Nije_bilo_u_prodaji_02.05.2025
Žito Jaja razred M,6909056,1.044,18komad,,2.75,,,0.15,3859889611459,Hrana,"2,75"
Dolcela Vanilin šeæer,6909087,0.064,8x8g,,0.59,,,9.22,3856020280086,Hrana,"0,69"
Dolcela Lino Lada Pops,6909096,0.23,230g,,2.99,,,13,3856020277345,Hrana,Nije_bilo_u_prodaji_02.05.2025
Lignja južnoaf. 10%,6909132,0.35,350g,Deluxe,9.99,,,28.54,4335619246287,Hrana,Nije_bilo_u_prodaji_02.05.2025
Oshee Vitaminska voda vit. i min.,6909137,0.555,555ml,,1.25,,,2.25,5908260250522,Piæe,Nije_bilo_u_prodaji_02.05.2025
Oshee Vitaminska voda vit. i min.,6909137,0.555,555ml,,1.25,,,2.25,5908260252632,Piæe,Nije_bilo_u_prodaji_02.05.2025
Jaja razred M,6909151,1.8,30komad,,4.59,,,0.15,20246570,Hrana,"4,59"
"Libresse Ultra Long hig.ul.,2x8kom.",6909153,0.124,16komad,,2.55,,,0.16,7322541195056,Toaletne potrepštine,"2,55"
"The Garden Brewery Mango Sour 4,5%",6909168,0.334,"0,33l",,1.29,,,3.91,3858893812890,Piæe,"1,29"
Salatmix Bowl SK1,6909215,0.198,"195g,200g",Chef Select,2.99,,,14.95,4335619246232,Hrana,Nije_bilo_u_prodaji_02.05.2025
Salatmix Bowl SK1,6909215,0.198,"195g,200g",Chef Select,2.99,,,14.95,4335619246256,Hrana,Nije_bilo_u_prodaji_02.05.2025
Salatmix SK1,6909217,0.185,"170g,200g",Chef Select,1.19,,,5.95,4335619246225,Hrana,Nije_bilo_u_prodaji_02.05.2025
Eva Losos salata Asiana,6909240,0.16,160g,,1.99,,,12.44,3856020276720,Hrana,"1,99"
Mini salama SK11,5508067,0.12,120g,Pikok,1.69,,,14.08,20858520,Hrana,"1,69"
Gouda komad XXL,5509404,0.5,500g,Pilos,3.19,,,6.38,20930967,Hrana,"3,19"
Vafli od riže SK10,5510198,0.1,100g,-,0.99,,,9.9,20858674,Hrana,"0,79"
Voæni jogurt s mueslima SK5,5510756,0.215,215g,Pilos,1.59,,,7.4,20931735,Hrana,"1,49"
Aranžmani Tamara,6908582,1.5,1komad,,14.99,,,14.99,3858892743867,Proizvodi za kuæanstvo,"14,99"
Jack Daniels Apple Whiskey 40% ,6908628,0.7,"0,7l",,18.99,,,27.13,5099873017623,Piæe,"19,99"
Corega krema za priè. zubne proteze,6908629,0.04,40g,,6.19,,,6.19,5999518572060,Kozmetika,"6,19"
Ekos Voæna kremšnita,6908638,0.48,480g,,3.99,,,8.31,3858889619328,Hrana,"4,49"
"Dalmatinska kobasica, narezak",6908654,0.2,200g,Okusi zavièaja,2.99,,,14.95,4056489926368,Hrana,Nije_bilo_u_prodaji_02.05.2025
Vegeta Univerzalan zaèin,6908772,0.7,700g,,4.99,,,7.13,3850104254932,Hrana,"5,39"
Elmex pasta za zube SK1,6908804,0.091,75ml,,4.39,,,58.53,8718951470613,Kozmetika,"4,15"
Elmex pasta za zube SK1,6908804,0.091,75ml,,4.39,,,58.53,8718951477575,Kozmetika,"4,15"
Palmolive Gel za tuširanje SK2,6908812,0.78,750ml,,4.89,,,6.52,8693495031158,Kozmetika,"4,49"
Finish tablete Quantum All in 1,6908852,1.4,120komad,,21.99,,,0.18,5999109583352,Sredstva za èišæenje,"18,79"
Finish sol za perilicu posuða,6908854,4,4kg,,3.99,,,1,8594002687397,Sredstva za èišæenje,"3,29"
Tic Tac 100 komada SK1,6908888,0.054,54g,,1.89,,,35,8000500444634,Hrana,"1,99"
Tic Tac 100 komada SK1,6908888,0.054,54g,,1.89,,,35,8000500451236,Hrana,"1,99"
Tek.det. za pranje rublja SK 5,0217179,2.288,"2,2l",Formil,3.99,,,1.81,4056489997870,Sredstva za èišæenje,"3,99"
Tek.det. za pranje rublja SK 5,0217179,2.288,"2,2l",Formil,3.99,,,1.81,4056489997887,Sredstva za èišæenje,"3,99"
Kotanyi zaèini SK71,0217856,0.038,"33g,35g,36g,48g",,1.85,,,52.86,5901032041182,Hrana,"2,49"
Kotanyi zaèini SK71,0217856,0.038,"33g,35g,36g,48g",,1.85,,,56.06,9001414041116,Hrana,"2,49"
Kotanyi zaèini SK71,0217856,0.038,"33g,35g,36g,48g",,1.85,,,38.54,9001414041116,Hrana,"2,49"
Kotanyi zaèini SK71,0217856,0.038,"33g,35g,36g,48g",,1.85,,,56.06,9001414204245,Hrana,"2,49"
Jogurt - Müsli SK1,0218679,0.25,250g,Chef Select,2.59,,,10.36,4335619126466,Hrana,"2,49"
Mini donuts,0218769,0.276,276g,MCENNEDY,3.49,,,12.64,4056489569510,Hrana,"3,49"
Premium krem liker jagoda 17%,0218838,0.7,"0,7l",Für Dich,7.49,,,10.7,4304493270206,Piæe,"5,99"
Uskršnja jaja,0218982,0.75,750g,Favorina,6.95,,,9.27,4335619127128,Hrana,"6,95"
Proteinski sladoledni kup SK2,0219400,0.29,500ml,Gelatelli,3.99,,,7.98,4335619128859,Hrana,Nije_bilo_u_prodaji_02.05.2025
Kapsule za kavu karamela,0219437,0.055,55g,Bellarom,2.19,,,39.82,4335619128927,Piæe,"1,92"
RFA Svježi sok od naranèe 50%,0219507,1.04,1l,Solevita,2.69,,,2.69,4304493271913,Hrana,Nije_bilo_u_prodaji_02.05.2025
Èokolada u šalici,0219532,0.1,100g,Favorina,5.39,,,53.9,4335619129351,Hrana,Nije_bilo_u_prodaji_02.05.2025
Tortelloni XXL SK8,0219620,0.5,500g,Chef Select,2.35,,,4.7,20488451,Hrana,"2,35"
Salama s pistacijama,0220141,0.1,100g,Deluxe,2.89,,,28.9,4335619134751,Hrana,Nije_bilo_u_prodaji_02.05.2025
Hrana za pse u umaku SK1,0220161,0.415,415g,Bellosan,0.79,,,1.9,20430580,Proizvodi za kuæanstvo,"0,79"
Sirevi - specij. zemalja CH/FR SK2,0220701,1,"ca. 180g,ca. 220g,ca. 250g",Meine Käserei,29.99,,,29.99,2845850000000,Hrana,"29,99"
High Protein napitak SK1,0220867,0.85,850g,Milbona,2.89,,,3.4,4335619140202,Hrana,Nije_bilo_u_prodaji_02.05.2025
Veganski proteinski jogurt SK1,0221682,0.2,200g,Vemondo,1,,,5,4335619201552,Hrana,Nije_bilo_u_prodaji_02.05.2025
Ginato Pink Grap& an Grap Ita Gin,0221694,0.57,"0,7l",,13.99,,,19.99,5060434135971,Piæe,"13,99"
Ginato Pomegranate Gin 38%Vol.,0221698,0.57,"0,7l",,13.99,,,19.99,5060434132109,Piæe,"11,99"
Namaz od avokada SK1,0222849,0.15,150g,El Tequito,1.89,,,12.6,4335619165908,Hrana,Nije_bilo_u_prodaji_02.05.2025
Kondomi od prirodnog lateksa SK3,0223019,0.038,15komad,Mondos,2.29,,,0.15,4335619104686,Toaletne potrepštine,Nije_bilo_u_prodaji_02.05.2025
Bio voæni namaz SK1,0223332,0.24,240g,Maribel,2.69,,,11.21,4335619167155,Hrana,"2,39"
Iso sladoled Limun Yuz,0223613,0.28,4x70ml,Gelatelli,2.69,,,9.61,4335619167803,Hrana,"2,99"
BO Štrudla špinat-feta,0223633,0.125,111g,,0.89,,,8.02,4335619170827,Hrana,Nije_bilo_u_prodaji_02.05.2025
Premium sladoled SK122,0224338,0.517,1000ml,Bon Gelati,3.99,,,3.99,4335619173286,Hrana,"3,99"
Sapun za ruke SK5,0224571,0.531,500ml,Cien,1.49,,,2.98,4335619135291,Kozmetika,Nije_bilo_u_prodaji_02.05.2025
Èokoladni slani pereci SK4,0224583,0.14,140g,Alpenfest,2.29,,,16.36,4335619175327,Hrana,"1,99"
Sladoled bez šeæera,0225699,0.29,500ml,Gelatelli,3.49,,,6.98,4335619195165,Hrana,Nije_bilo_u_prodaji_02.05.2025
Bio napitak od soje vanilija,5910876,1.03,1l,Vemondo,1.89,,,1.89,4056489695394,Hrana,"1,69"
P?o de Ló biskvit torta SK1,5913467,0.5,500g,Sol&Mar,7.99,,,15.98,4335619155381,Hrana,"7,99"
Ravioli s medom i sirom,6000082,0.25,250g,Deluxe,1.69,,,6.76,20446161,Hrana,"1,69"
Sušena rajèica u suncokretovom ulju,6000118,0.23,230g,Italiamo,1.69,,,11.27,20378998,Hrana,"1,69"
Pansotti punjeni pestom,6000195,0.25,250g,Italiamo,1.49,,,5.96,20284336,Hrana,"1,49"
Svježi tortelloni SK8,6000250,0.25,250g,Deluxe,1.35,,,5.4,20329211,Hrana,"1,35"
Pesto SK1,6000271,0.18,180g,Italiamo,1.69,,,9.39,20469900,Hrana,"1,39"
Tarallucci keksi SK2,6000491,0.2,200g,Deluxe,1.79,,,8.95,20422264,Hrana,"1,79"
Granola Super Nutty,1000413,0.75,750g,Crownfield,3.99,,,5.32,4335619250581,Hrana,Nije_bilo_u_prodaji_02.05.2025
Tuna u sunc. ulju,1000615,0.75,750g,Nixe,7.99,,,10.65,4335619254237,Hrana,Nije_bilo_u_prodaji_02.05.2025
Soda bikarbona,1000892,0.5,500g,Belbake,0.99,,,1.98,4335619258136,Hrana,Nije_bilo_u_prodaji_02.05.2025
Figura s gumenim bombonima,1001209,0.05,50g,Favorina,9.79,,,195.8,4335619259416,Hrana,Nije_bilo_u_prodaji_02.05.2025
Whey proteinski prah SK1,1001902,0.42,420g,Sportyfeel,12.99,,,30.93,4335619267725,Hrana,Nije_bilo_u_prodaji_02.05.2025
Kreatin monohidrat 200 MESH,1001919,0.2,200g,Sportyfeel,7.99,,,39.95,4335619267763,Hrana,Nije_bilo_u_prodaji_02.05.2025
Sol/papar SK21,1002203,0.119,"100g,85g,180g",Deluxe,3.64,,,36.4,4335619175655,Hrana,Nije_bilo_u_prodaji_02.05.2025
Lak za nokte SK19,1002964,0.011,11ml,Cien Beauty,0.99,,,0.99,4335619149076,Kozmetika,Nije_bilo_u_prodaji_02.05.2025
Lak za nokte SK19,1002964,0.011,11ml,Cien Beauty,0.99,,,0.99,4335619149106,Kozmetika,Nije_bilo_u_prodaji_02.05.2025
Lak za nokte SK19,1002964,0.011,11ml,Cien Beauty,0.99,,,0.99,4335619149113,Kozmetika,Nije_bilo_u_prodaji_02.05.2025
Mirisne luèice SK1,1003574,0.432,36komad,Livarno,2.99,,,0.08,4335619289659,Proizvodi za kuæanstvo,Nije_bilo_u_prodaji_02.05.2025
Mirisne luèice SK1,1003574,0.432,36komad,Livarno,2.99,,,0.08,4335619289673,Proizvodi za kuæanstvo,Nije_bilo_u_prodaji_02.05.2025
"Luèice, 100 kom.",1003764,1,100komad,Livarno,4.99,,,0.05,4335619302723,Proizvodi za kuæanstvo,Nije_bilo_u_prodaji_02.05.2025
Veganski namaz SK3,1004327,0.175,175g,Vemondo,2.19,,,12.51,4335619294578,Hrana,Nije_bilo_u_prodaji_02.05.2025
Lampion,1005217,0.356,1komad,Livarno,2.29,,,2.29,4335619302914,Proizvodi za kuæanstvo,Nije_bilo_u_prodaji_02.05.2025
Pileæi burger SK1,1007336,0.5,500g,Chef Select,5.49,,,10.98,4335619326064,Hrana,Nije_bilo_u_prodaji_02.05.2025
Vreæica velika,1007519,0.028,1komad,-,0.15,,,0.15,4335619326699,Proizvodi za kuæanstvo,Nije_bilo_u_prodaji_02.05.2025
Hrana za pse SK1,1010430,1.65,11x150g,Orlando,5.29,,,3.21,4335619311459,Proizvodi za kuæanstvo,Nije_bilo_u_prodaji_02.05.2025
Haringa u marinadi SK2,1012251,0.5,500g,Nautica,2.68,,,5.36,4056489618164,Hrana,Nije_bilo_u_prodaji_02.05.2025
Ženski parfem High End Fragrances,1013252,0.042,50ml,Suddenly,5.99,,,119.8,4335619216532,Kozmetika,Nije_bilo_u_prodaji_02.05.2025
Ženski parfem High End Fragrances,1013252,0.042,50ml,Suddenly,5.99,,,119.8,4335619216549,Kozmetika,Nije_bilo_u_prodaji_02.05.2025
Tofu SK4,1016537,0.18,180g,Vemondo,0.99,,,5.5,4056489067757,Hrana,Nije_bilo_u_prodaji_02.05.2025
Ekos Nugat torta,6909253,0.8,800g,,9.99,,,12.49,3858889619632,Hrana,"9,99"
Ekos Schwarzwald kocke 2/1,6909259,0.44,440g,,4.79,,,10.89,3858889619748,Hrana,"5,99"
Badel Kruškovac 24%,6909309,1,1l,,8.49,,,8.49,3850112110169,Piæe,Nije_bilo_u_prodaji_02.05.2025
BO Kukuruzni jastuèiæ sa svj. sirom,6909312,0.075,75g,,0.59,,,7.87,3856016907508,Hrana,Nije_bilo_u_prodaji_02.05.2025
BO Kukuruzni jastuèiæ sa svj. sirom,6909312,0.075,75g,,0.59,,,7.87,4053216239494,Hrana,Nije_bilo_u_prodaji_02.05.2025
Dove Dezodorans SK1,6909352,0.2,200ml,,4.99,,,24.95,8720181284946,Kozmetika,Nije_bilo_u_prodaji_02.05.2025
BO Kruh beskvasni bijeli sa sezamom,6909394,0.4,400g,,0.99,,,2.48,3858884927305,Hrana,Nije_bilo_u_prodaji_02.05.2025
Wein seljaèka šunka,6909410,0.35,350g,,5.49,,,15.69,4003419025400,Hrana,Nije_bilo_u_prodaji_02.05.2025
Flamingo Amber ale,6909422,0.33,0.33l,,1.89,,,5.73,3859893325014,Piæe,Nije_bilo_u_prodaji_02.05.2025
Tovar Pilsner,6909423,0.5,0.5l,,1.69,,,3.38,3859893325076,Piæe,Nije_bilo_u_prodaji_02.05.2025
Kraš Domaæica 500g,6909440,0.5,500g,,3.99,,,7.98,3850102012633,Hrana,Nije_bilo_u_prodaji_02.05.2025
"Mlada prasetina, cca. 2,5kg",6909460,1,"cca. 2,5kg",,3.99,,,3.99,2846856000000,Hrana,Nije_bilo_u_prodaji_02.05.2025
"Mlada prasetina, cca. 2,5kg",6909460,1,"cca. 2,5kg",,3.99,,,3.99,2846857000000,Hrana,Nije_bilo_u_prodaji_02.05.2025
Delicia Pasta Fusilli,6909481,0.5,500g,,0.49,,,0.98,6221022001347,Hrana,Nije_bilo_u_prodaji_02.05.2025
Borotalco Dezodorans u spreju Pure,6909482,0.2,200ml,,3.69,,,18.45,8002410046564,Kozmetika,Nije_bilo_u_prodaji_02.05.2025
Loacker Maxi napolitanke,6909498,0.167,167.5g,,1.89,,,11.42,8000380216819,Hrana,Nije_bilo_u_prodaji_02.05.2025
Zdenka Topljeni sir SK1,0005039,0.14,140g,,2.19,,,15.64,3858888590109,Hrana,"2,19"
Zdenka Topljeni sir SK1,0005039,0.14,140g,,2.19,,,15.64,3858888590147,Hrana,"2,19"
"Kiseli krastavci I. klasa, OM: 350g",0005064,0.35,720ml,Okusi zavièaja,2.15,,,6.14,20335694,Hrana,"2,09"
Nestlé Nescafe 2u1/3u1,0005074,0.137,"80g, 140g, 155g",,2.99,,,37.38,5998710967650,Piæe,"2,99"
Nestlé Nescafe 2u1/3u1,0005074,0.137,"80g, 140g, 155g",,2.99,,,21.36,5998710967650,Piæe,"2,99"
Nestlé Nescafe 2u1/3u1,0005074,0.137,"80g, 140g, 155g",,2.99,,,37.38,7613036870115,Piæe,"2,99"
Nestlé Nescafe 2u1/3u1,0005074,0.137,"80g, 140g, 155g",,2.99,,,19.29,8445291261044,Piæe,"2,99"
"Zelene masline bez koštice,ATG:850g",6200030,1.6,1700ml,Eridanous,6.59,,,7.75,20111724,Hrana,"6,59"
Nemea POP Agiorgitiko ,6200047,0.756,"0,75l",,3.99,,,5.32,4304493260245,Piæe,"3,99"
Kalamata masline ,6200070,0.36,370ml,Eridanous,1.89,,,9.45,20293697,Hrana,"1,69"
"Mini pita sa sirom, 4 komada",6200126,0.68,680g,Chef Select,2.99,,,4.4,20146368,Hrana,"2,99"
Pasta od maslina SK3,6200222,0.18,212ml,Eridanous,1.09,,,5.14,4056489126287,Hrana,"1,09"
Jastuèiæi punjeni sirom,6202055,1,1000g,Chef Select,3.89,,,3.89,20654047,Hrana,"3,89"
Crne masline u masl. ulju SK1,6204522,0.25,250g,Eridanous,2.29,,,9.16,20992934,Hrana,"2,29"
Pita od sira i špinata,6204855,1,1000g,Chef Select,4.75,,,4.75,20994310,Hrana,"5,29"
Manouri sir,6206564,0.2,200g,Eridanous,2.39,,,11.95,4056489125945,Hrana,"2,12"
"Maslinovo ulje, ek. djevièansko SK1",6206574,0.916,1l,Eridanous,8.99,,,8.99,4056489125976,Hrana,"8,99"
"Maslinovo ulje, ek. djevièansko SK1",6206574,0.916,1l,Eridanous,8.99,,,8.99,4056489125983,Hrana,"8,99"
Bougatsa s lješnjakom,6206676,0.45,450g,Eridanous,2.99,,,6.64,4056489189572,Hrana,"2,99"
Pasirana rajèica XXL,6206859,6,12x500g,Baresa,7.9,,,1.32,4056489602880,Hrana,Nije_bilo_u_prodaji_02.05.2025
Bougatsa sa vrhnjem,6206863,0.45,450g,Eridanous,2.69,,,5.98,4056489190233,Hrana,"2,49"
Pileæi gyros,6209054,0.33,330g,Eridanous,5.59,,,16.94,4056489466260,Hrana,"4,29"
Knorr Umaci SK1,0004901,0.336,750ml,,1.49,,,0.5,4000400117717,Hrana,"1,49"
Knorr Umaci SK1,0004901,0.336,750ml,,1.49,,,0.75,8711200414352,Hrana,"1,49"
Uskrsna vreæica,0025204,0.25,250g,Favorina,2.69,,,10.76,20076849,Hrana,"2,69"
Uskršnje èokoladne figure SK3,0025220,0.1,100g,Favorina,1.79,,,17.9,20155407,Hrana,"1,79"
Potpuna hrana za pse SK21,0025323,1.24,1240g,Orlando,1.89,,,1.52,20703752,Proizvodi za kuæanstvo,"1,89"
Vrhnje za kavu 10%,0025425,0.2,20x10g,Pilos,0.99,,,4.95,20039929,Hrana,"0,95"
Pizza-Mozzarella,0025490,0.4,400g,Milbona,,2.49,3.19,6.23,4056489790075,Hrana,"3,19"
"Svježi pileæi filet, cca. 500g",6905085,1,ca. 500g,Naša mesnica,7.39,,,7.39,2868660000000,Hrana,"7,39"
"Svj. pileæa jetra i srca, cca. 500g",6905091,1,ca. 500g,Naša mesnica,2.79,,,2.79,2868690000000,Hrana,2.79
Dukat b.Aktiv LGG tek. jog. Natur,6905119,2,2x1000g,,3.59,,,1.8,3850354016212,Hrana,"3,99"
Meri Merino det. Col. 75pranj.,6905163,4.613,"4,5l",,5.99,,,1.33,3580111105739,Sredstva za èišæenje,"5,69"
Lino Pillows Nougat,6905168,0.5,500g,,4.99,,,9.98,3850104263538,Hrana,"4,99"
Shake Mirisne granule za ormar SK1,6905239,0.038,1komad,,1.89,,,1.89,3859890779308,Proizvodi za kuæanstvo,"1,89"
Shake Miris za auto SK3,6905246,0.06,1komad,,2.99,,,2.99,3859890779124,Proizvodi za kuæanstvo,"2,99"
Obiteljski svježi kolaèi,6905271,0.33,"330g, 345g",Okusi zavièaja,5.49,,,15.91,4056489316732,Hrana,"5,49"
Obiteljski svježi kolaèi,6905271,0.33,"330g, 345g",Okusi zavièaja,5.49,,,16.64,4056489316749,Hrana,"5,49"
"File otkoštenog zabatka, cca. 500g",6905305,1,ca. 500g,Naša mesnica,6.99,,,6.99,2868829000000,Hrana,"6,99"
Proteini.si Prot. pl. crni rib. br.,6905318,0.055,55g,,1.29,,,23.45,3830069176128,Hrana,"1,29"
Proteini.si Prot. ploè. keks&krema,6905319,0.055,55g,,1.69,,,30.73,3830069179679,Hrana,"1,69"
Krema za njegu lica SK13,0051058,0.052,50ml,Cien,1.85,,,37,20277253,Kozmetika,"1,75"
Djeèji sprej za sunèanje ZF 50+,0051161,0.252,250ml,Cien Sun,6.99,,,27.96,4056489368366,Kozmetika,"6,99"
Djeèji sprej za sunèanje ZF 50+,0051161,0.252,250ml,Cien Sun,6.99,,,27.96,4335619130487,Kozmetika,"6,99"
Razlièiti deserti SK15,0092516,0.475,450g,Deluxe,3.79,,,8.42,4056489193135,Hrana,"3,49"
Razlièiti deserti SK15,0092516,0.475,450g,Deluxe,3.79,,,8.42,4056489526223,Hrana,"3,49"
Razlièiti deserti SK15,0092516,0.475,450g,Deluxe,3.79,,,7.58,4056489526223,Hrana,"3,49"
Èokoladni prutiæ Candy,0092691,0.04,40g,Mister Choc,0.49,,,0.49,4056489730347,Hrana,"0,49"
BO Seljaèka štruca,0092777,1,1000g,,1.59,,,1.59,20320898,Hrana,"1,59"
Bijela èok. s kok. i pš. pahulj.,0092925,0.2,200g,Fin Carré,3.29,,,16.45,20481957,Hrana,"2,99"
Instant nudli piletina,0009450,0.121,121g,,2.59,,,21.4,8585002442734,Piæe,Nije_bilo_u_prodaji_02.05.2025
Kinder Mini Friends,0009470,0.122,122g,,2.95,,,24.18,8000500409534,Hrana,Nije_bilo_u_prodaji_02.05.2025
Old Spice Gel za tuširanje,0009584,0.421,400ml,,3.85,,,9.63,4084500978881,Kozmetika,"3,85"
Old Spice Gel za tuširanje,0009584,0.421,400ml,,3.85,,,9.63,4084500978911,Kozmetika,"3,85"
Old Spice Gel za tuširanje,0009584,0.421,400ml,,3.85,,,9.63,8700216856812,Kozmetika,"3,85"
Old Spice Gel za tuširanje,0009584,0.421,400ml,,3.85,,,9.63,8700216859820,Kozmetika,"3,85"
"Coca-Cola Zero, 1,5l",0009639,1.56,"1,5l",,1.69,,,1.13,5449000133335,Piæe,Nije_bilo_u_prodaji_02.05.2025
Palaèinke na amerièki naèin,6600113,0.3,300g,MCENNEDY,2.29,,,7.63,20385286,Hrana,"2,29"
Mini sladoled desert SK2,6601298,0.1,140ml,Deluxe,1.39,,,9.93,20597825,Hrana,"1,39"
Božiæni vjenèiæi s maslacem SK1,6601407,0.3,300g,Favorina,2.39,,,7.97,20380311,Hrana,"3,29"
Amerièki sladoled SK16,6601570,0.43,"485ml,500ml",Gelatelli,3.89,,,8.02,20396176,Hrana,"3,99"
Amerièki sladoled SK16,6601570,0.43,"485ml,500ml",Gelatelli,3.89,,,7.78,20396176,Hrana,"3,99"
Amerièki sladoled SK16,6601570,0.43,"485ml,500ml",Gelatelli,3.89,,,8.02,4056489284574,Hrana,"3,99"
Amerièki sladoled SK16,6601570,0.43,"485ml,500ml",Gelatelli,3.89,,,7.78,4056489284574,Hrana,"3,99"
Uskrsni kolaè maslac èokolada SK3,6602337,0.3,300g,Favorina,1.99,,,6.63,20347390,Hrana,"1,99"
Soft cookies SK1,6605177,0.225,225g,MCENNEDY,2.59,,,11.51,20978020,Hrana,"2,59"
Amerièki sladoled SK12,6608641,0.418,500ml,Gelatelli,3.89,,,7.78,20559670,Hrana,"3,13"
Amerièki sladoled SK12,6608641,0.418,500ml,Gelatelli,3.89,,,7.78,20559694,Hrana,"3,13"
Sir mango-chilli,6609454,0.15,150g,Deluxe,1.99,,,13.27,4056489548614,Hrana,"1,99"
Salama s mesom divljaèi SK2,6700101,0.4,400g,Deluxe,3.89,,,9.73,20535612,Hrana,"4,89"
"Löwenbräu Svijetlo pivo 4,0%",6902038,0.5,"0,5l",,0.8,,,1.6,3850131004715,Piæe,"0,8"
Franck Cappuccino SK2,6902087,0.143,"112g,144g,160g",,2.59,,,17.5,3858881088344,Piæe,"2,95"
"Cabernet&Syrah, kval. crno vino ",6902127,0.75,"0,75l",Winemakers of Croatia,3.98,,,5.31,4304493257672,Piæe,"3,98"
Kraš Domaæica original,6902156,0.3,300g,,3.19,,,10.63,3850102511754,Hrana,"3,19"
Kraš èokoladne Napolitanke ,6902160,0.5,500g,,6.69,,,13.38,3850102320073,Hrana,"6,29"
"Kraš Bronhi, original",6902167,0.1,100g,,1.29,,,12.9,3850102014750,Hrana,"1,29"
"Kraš Bronhi, original",6902167,0.1,100g,,1.29,,,12.9,3850102215072,Hrana,"1,29"
"Kraš Bronhi, original",6902167,0.1,100g,,1.29,,,12.9,3850102516797,Hrana,"1,29"
"Lukaè Jaja, razred S",6909506,1.44,30komad,,4.99,,,0.17,3859889820608,Hrana,Nije_bilo_u_prodaji_02.05.2025
Kinder Crispy,6909571,0.034,34g,,0.79,,,0.79,8000500434123,Hrana,Nije_bilo_u_prodaji_02.05.2025
Mesne okruglice,6909604,0.48,480g,-,4.49,,,9.35,4335619246799,Hrana,Nije_bilo_u_prodaji_02.05.2025
Meggle svježi sir s vrhnjem,6909652,0.45,450g,,1.99,,,4.42,3870085020258,Hrana,Nije_bilo_u_prodaji_02.05.2025
Perla Hobotnica marinirana,6909663,0.21,210g,,6.49,,,30.9,3858892089163,Hrana,Nije_bilo_u_prodaji_02.05.2025
Rocher Premium Èoko. lješ & macada ,6909669,0.09,90g,,1.99,,,22.11,8000500447833,Hrana,Nije_bilo_u_prodaji_02.05.2025
"File crnog bakalara, svježi",6909673,0.4,400g,Naša ribarnica,5.99,,,14.98,4335619246973,Hrana,Nije_bilo_u_prodaji_02.05.2025
Perla Sipa kockice,6909690,0.235,235g,,5.49,,,23.36,3858892085271,Hrana,Nije_bilo_u_prodaji_02.05.2025
Svinjski but b.k. komad,6909726,1,"cca. 7,5 kg",Naša mesnica,2.99,,,2.99,2846581000000,Hrana,Nije_bilo_u_prodaji_02.05.2025
BO Domaæi Craft Country kruh,6909739,0.4,400g,,1.99,,,4.98,3859894428660,Hrana,Nije_bilo_u_prodaji_02.05.2025
z bregov Prot. -ml. pr. nap. Nougat,6909750,0.3,300ml,,1.49,,,4.97,3850108023756,Hrana,Nije_bilo_u_prodaji_02.05.2025
z bregov Protein-mlij. nap. pist.,6909752,0.3,300ml,,1.49,,,4.97,3850108023985,Hrana,Nije_bilo_u_prodaji_02.05.2025
"Èvrsto masno tkivo, cca. 5kg",6909755,1,cca. 5kg,-,2.29,,,2.29,2846671000000,Hrana,Nije_bilo_u_prodaji_02.05.2025
Tradicionalno dimljena peèenica,6909833,1,cca. 400g,Naša mesnica,9.99,,,9.99,2846839000000,Hrana,Nije_bilo_u_prodaji_02.05.2025
"BO Croissant s nougatom, 85g",0227543,0.095,85g,,0.78,,,9.18,4335619214149,Hrana,"0,79"
Pro Beauty Skin Krema,0228328,0.05,50ml,Cien,2.39,,,47.8,4335619217331,Kozmetika,Nije_bilo_u_prodaji_02.05.2025
Beauty's Choice BHA tekuæi piling,0228333,0.12,100ml,Cien,2.45,,,24.5,4335619217386,Kozmetika,Nije_bilo_u_prodaji_02.05.2025
GGN/MSC Premium Sushi SK20,0228627,0.178,"168g,178,5g,185g",select & go,4.99,,,29.7,4335619221628,Hrana,"3,79"
Deterdžent Spa Moments SK1,0228999,0.75,750ml,Formil,2.39,,,3.19,4335619226425,Sredstva za èišæenje,Nije_bilo_u_prodaji_02.05.2025
Omekšivaè Spa Moments SK1,0229010,0.75,750ml,Doussy,2.39,,,3.19,4335619226470,Sredstva za èišæenje,Nije_bilo_u_prodaji_02.05.2025
Deterdžent za rublje Color,0229011,2.231,"2,2l",Formil,4.5,,,2.05,4335619226487,Sredstva za èišæenje,Nije_bilo_u_prodaji_02.05.2025
Sushi SK2,0229316,0.195,"190g,200g",select & go,3.79,,,18.95,4335619221604,Hrana,"3,79"
Blazinice,0229353,0.16,2x140komad,Cien,2.29,,,2.29,4335619249554,Toaletne potrepštine,Nije_bilo_u_prodaji_02.05.2025
Antipasti namaz SK8,0229358,0.15,150g,Deluxe,2.79,,,18.6,4056489460343,Hrana,"2,46"
Antipasti namaz SK8,0229358,0.15,150g,Deluxe,2.79,,,18.6,4056489850816,Hrana,"2,46"
Pizza sa salamom XXL,0117021,1.4,4x350g,Trattoria Alfredo,8.07,,,5.76,4056489889953,Hrana,"7,47"
Prutiæi za maèke SK11,0118358,0.1,100g,Coshida,2.5,,,25,4056489915164,Proizvodi za kuæanstvo,Nije_bilo_u_prodaji_02.05.2025
Pommes Frites,0118593,0.75,750g,MCENNEDY,1.99,,,2.65,20724733,Hrana,"1,99"
Monster Energetski napitak Mango,0009268,0.55,"0,5l",Coca-Cola,1.39,,,2.78,,Piæe,"1,39"
Salama SK1,5605965,0.12,120g,French Style,2.29,,,19.08,,Hrana,"2,29"
Krumpir salata,0011035,1,1kg,Chef Select,2.29,,,2.29,,Hrana,"2,89"
Uskrsna jaja cca. 9kg,5580314,1,ca. 9kg,,7.73,,,7.73,,Hrana,Nije_bilo_u_prodaji_02.05.2025
Desert u èaši od èokolade SK1,7406620,0.12,2x60g,Deluxe,2.59,,,21.58,,Hrana,"2,59"
"Feferoni blagi/ljuti, OM 340g, SK1",0005988,0.333,720ml,Freshona,2.69,,,7.47,,Hrana,"2,69"
Klipiæ s maslinama,0061022,0.1,90g,,0.49,,,5.44,,Hrana,"0,49"
Rajèica grappolo,0082465,1,1kg,,2.69,,,2.69,,Hrana,"2,49"
Bio ðumbir,0081724,1,1kg,,4.99,,,4.99,,Hrana,"4,99"
Vreæice za kruhoreznicu,1010975,0.0004,1komad,-,0.03,,,0.03,,Proizvodi za kuæanstvo,Nije_bilo_u_prodaji_02.05.2025
Torta lješnjak SK3,0167330,0.4,400g,,5.99,,,14.98,,Hrana,Nije_bilo_u_prodaji_02.05.2025
Limeta komad,0080066,0.1,1komad,,0.24,,,0.24,,Hrana,"0,24"
Plodovi mora SK3,6000254,0.3,300g,Sol&Mar,2.99,,,9.97,,Hrana,"2,99"
Salata kristal,0082055,0.272,1komad,,0.89,,,0.89,,Hrana,"0,79"
Pepsi,0009477,3,"2x1,5l",,2.79,,,0.93,,Piæe,Nije_bilo_u_prodaji_02.05.2025
Mineralna voda gazirana,0000007,1.5,"1,5l",Saguaro,0.45,,,0.3,4304493258709,Piæe,"0,45"
"Voda s okusom limuna, gazirana",0000010,1.5,"1,5l",Saguaro,0.89,,,0.59,4304493256903,Piæe,"0,85"
Nestlé KitKat Classic,0000015,0.042,"41,5g",Nestlé,1.35,,,1.35,7613035365414,Hrana,"1,25"
Always Ultra higijenski ulošci BA,0000017,0.058,"9 komada, 10 komada, 14 komada",,1.66,,,0.17,8001841263908,Toaletne potrepštine,"1,66"
Always Ultra higijenski ulošci BA,0000017,0.058,"9 komada, 10 komada, 14 komada",,1.66,,,0.17,8001841263953,Toaletne potrepštine,"1,66"
Lenor Omekšivaè 60 pranja Sensitiv,0000084,1.8,"1,8l",,5.57,,,3.09,8001841375557,Sredstva za èišæenje,"5,57"
Bref WC Power Active Lemone,0000149,0.2,4x50g,Henkel,4.79,,,23.95,9000101308907,Sredstva za èišæenje,"4,19"
Purina One hrana za pse govedina,0000150,0.4,4x100g,Nestlé,1.89,,,4.73,7613036919203,Proizvodi za kuæanstvo,"1,89"
Smarties Pingvin,0000180,0.085,85g,,2.39,,,28.12,42370291,Hrana,"1,89"
KitKat Djed Božiænjak,0000319,0.085,85g,,2.39,,,28.12,42394792,Hrana,"2,39"
Milka Snjegoviæ,0000322,0.05,50g,,1.25,,,1.25,7622210760487,Hrana,"1,39"
Milka Oreo kuglice,0000326,0.112,112g,,2.92,,,26.07,7622210750600,Hrana,"2,92"
Perwoll Tekuæi det.Color 68pranja,0000333,3.84,"3,74l",Henkel,16.39,,,4.38,9000101576375,Sredstva za èišæenje,"16,39"
Head & Shoulders šampon SK,0000344,0.516,500ml,,6.59,,,13.18,8700216157933,Kozmetika,"6,59"
Pedigree Pseæe poslastice sort SK2,0000347,0.133,"123g,200g,77g",Mars,1.79,,,8.95,5998749141007,Proizvodi za kuæanstvo,"1,79"
Monster Energy Drink Green Zero,0000348,0.5,"0,5l",Coca Cola,1.59,,,3.18,5061013940139,Piæe,"1,59"
Doritos Nacho Chesse 160g,0000353,0.16,160g,,2.39,,,14.94,8606033741334,Hrana,Nije_bilo_u_prodaji_02.05.2025
Gillette Fusion Sport brijaè+zam.b.,0000369,0.039,1komad,,15.99,,,15.99,8700216075039,Kozmetika,"15,99"
Felix Fantastic Hrana za maèke,0000378,9.18,18x85g,,8.99,,,5.88,8445290501523,Proizvodi za kuæanstvo,"8,99"
Lays Èips slani,0000442,0.2,200g,,2.99,,,14.95,5900259128706,Hrana,"2,99"
Lays Èips slani,0000442,0.2,200g,,2.99,,,14.95,8606017377511,Hrana,"2,99"
Silan Omekšivaè Classic Fresh Sky ,0000450,2.86,"2,86l",Henkel,5.99,,,2.09,9000101581256,Sredstva za èišæenje,"5,99"
Purina one hrana za pse puretina,0000486,0.34,4x85g,,2.79,,,8.21,8445290299079,Proizvodi za kuæanstvo,"2,79"
"Vinski ocat 6%, 1l",0001108,1.011,1l,-,1.05,,,1.05,20445751,Hrana,"1,05"
Krem sladoled orah,0001125,0.534,1000ml,Bon Gelati,3.99,,,3.99,20086091,Hrana,"3,99"
Sladoled u keksu,0001211,0.536,8x120ml,Gelatelli,3.99,,,4.16,20192303,Hrana,"3,89"
"Papalina, cijela, smrz.",0001230,1,1kg,Ocean Sea,3.49,,,3.49,20257354,Hrana,"3,49"
"Grašak, smrznuto",0001255,1,1kg,Freshona,1.99,,,1.99,20156855,Hrana,"2,19"
"Grašak, smrznuto",0001255,1,1kg,Freshona,1.99,,,1.99,20164591,Hrana,"2,19"
Minas mljevena kava XXL,0001293,0.6,600g,Bellarom,6.99,,,11.65,4056489317777,Piæe,"5,99"
"XXL Tekuæi jogurt 2,8% m.m.",0001294,1.5,"1,5kg",Pilos,1.69,,,1.13,4056489316824,Hrana,"1,69"
"XXL Tekuæi jogurt 2,8% m.m.",0001294,1.5,"1,5kg",Pilos,1.69,,,1.13,4304493260115,Hrana,"1,69"
Sanitar Sredstvo za èišæenje SK1,0001311,0.75,750ml,,2.45,,,3.27,3850111502736,Sredstva za èišæenje,"2,09"
Sezam ploèice SK7,0001419,0.081,3x27g,Crownfield,0.49,,,6.05,20051785,Hrana,"0,49"
Sezam ploèice SK7,0001419,0.081,3x27g,Crownfield,0.49,,,6.05,20190576,Hrana,"0,49"
Potpuna suha hrana za pse,0001462,2,2kg,Bellosan,2.79,,,1.4,20053482,Proizvodi za kuæanstvo,"3,29"
Kiseli krastavci,0001480,0.33,720ml,Okusi zavièaja,1.48,,,4.48,20273354,Hrana,"1,65"
"Dukat Trajno mlijeko 2,8%, 1l-boca",0001484,1,1l,,1.19,,,1.19,3850354006053,Hrana,"1,19"
Carefree Dnevni ulošci sort. SK2,0001496,0.124,56komad,Johnson & Johnson,3.35,,,0.06,3574660322613,Toaletne potrepštine,"3,35"
Carefree Dnevni ulošci sort. SK2,0001496,0.124,56komad,Johnson & Johnson,3.35,,,0.06,3574660334937,Toaletne potrepštine,"3,35"
"Dukat kiselo vrhnje 12%, 200g",0001560,0.2,200g,,0.94,,,4.7,3850354009702,Hrana,"0,94"
"Jogurt èvrsti 3,2% m.m.",0001566,0.18,180g,Pilos,0.37,,,2.06,20447670,Hrana,"0,37"
"Dukat tekuæi jogurt 2,8%, 1kg",0001669,1,1kg,,2.49,,,2.49,3850354005582,Hrana,"2,32"
"Poli mini pileæa posebna, 220g",0001693,0.22,220g,,1.99,,,9.05,3838977010855,Hrana,"1,99"
"Poli pileæa posebna, 500g",0001694,0.5,500g,,4.25,,,8.5,3838977800470,Hrana,"4,25"
Zimska salama narezak,0001730,0.1,100g,Pikok,1.99,,,19.9,20491970,Hrana,"1,99"
Sirni namaz SK15,0001780,0.2,200g,Milbona,1.49,,,7.45,20095703,Hrana,"1,49"
"Voæni jogurt 1,8%, SK45, SK46",0001798,0.25,250g,Milbona,0.79,,,3.16,20002053,Hrana,"0,79"
"Voæni jogurt 1,8%, SK45, SK46",0001798,0.25,250g,Milbona,0.79,,,3.16,20109622,Hrana,"0,79"
"Voæni jogurt 1,8%, SK45, SK46",0001798,0.25,250g,Milbona,0.79,,,3.16,20332891,Hrana,"0,79"
"Voæni jogurt 1,8%, SK45, SK46",0001798,0.25,250g,Milbona,0.79,,,3.16,4056489232643,Hrana,"0,79"
Gouda listiæi,0001811,0.2,200g,Milbona,2.25,,,11.25,20092665,Hrana,"2,19"
Svježa pileæa krila,0001915,1,ca. 500g,Naša mesnica,,2.99,4.19,2.99,2852003000000,Hrana,"4,19"
Svježa pileæa krila,0001915,1,ca. 500g,Naša mesnica,,2.99,4.19,2.99,2852007000000,Hrana,"4,19"
"Oguljene, pržene sjem. suncokreta",0001957,0.1,100g,Alesto,0.59,,,5.9,20320003,Hrana,"0,59"
Puding od vanilije,0001960,0.2,200g,Pilos,0.45,,,2.25,20155773,Hrana,"0,49"
Mesni sir peèen u peænici,0001991,0.4,400g,Dulano,3.99,,,9.98,20110895,Hrana,"3,99"
"Rolana lopatica bez kože cca. 1,3kg",0001994,1,"ca. 1,3kg",Pikok,5.75,,,5.75,2819943000000,Hrana,"5,75"
"Rolana lopatica bez kože cca. 1,3kg",0001994,1,"ca. 1,3kg",Pikok,5.75,,,5.75,2819944000000,Hrana,"5,75"
"Rolana lopatica bez kože cca. 1,3kg",0001994,1,"ca. 1,3kg",Pikok,5.75,,,5.75,2819946000000,Hrana,"5,75"
"Rolana lopatica bez kože cca. 1,3kg",0001994,1,"ca. 1,3kg",Pikok,5.75,,,5.75,2847714000000,Hrana,"5,75"
"Rolana lopatica bez kože cca. 1,3kg",0001994,1,"ca. 1,3kg",Pikok,5.75,,,5.75,2847716000000,Hrana,"5,75"
"Dukat Vrhnje za kuh. 20%, 500g",0002023,0.5,500g,,3.49,,,6.98,3850354001263,Hrana,"3,39"
"Dukat Vrhnje za kuh. 20%, 500g",0002023,0.5,500g,,3.49,,,6.98,3858883520385,Hrana,"3,39"
"Bellarom Minas mljevena kava, 500g",0002160,0.5,500g,Bellarom,6.99,,,13.98,4056489925446,Piæe,"6,79"
Fritt Voæne karamele SK22,0002167,0.07,70g,,0.99,,,14.14,4000607523106,Hrana,"0,99"
Fritt Voæne karamele SK22,0002167,0.07,70g,,0.99,,,14.14,5901783034242,Hrana,"0,99"
Nescafé Cappuccino sort.,0002183,0.135,"112g,148g",Nestlé,4.19,,,29.1,5011546477640,Piæe,"4,19"
Nescafé Cappuccino sort.,0002183,0.135,"112g,148g",Nestlé,4.19,,,30.81,7613034532275,Piæe,"4,19"
Nescafé Cappuccino sort.,0002183,0.135,"112g,148g",Nestlé,4.19,,,29.1,7613034641366,Piæe,"4,19"
Nescafé Cappuccino sort.,0002183,0.135,"112g,148g",Nestlé,4.19,,,30.81,7613036701990,Piæe,"4,19"
Nescafé Cappuccino sort.,0002183,0.135,"112g,148g",Nestlé,4.19,,,29.1,7613036701990,Piæe,"4,19"
"Brašno TIP 550 glatko, 5kg",0002223,5,5kg,Belbake,3.58,,,0.72,4056489316107,Hrana,"3,58"
"Pšenièna krupica TIP 400, 1kg",0002236,1,1kg,Okusi zavièaja,0.99,,,0.99,4056489073642,Hrana,"0,99"
Riža okruglog zrna Originario,0002273,1,1kg,Golden Sun,1.99,,,1.99,4056489534273,Hrana,"1,99"
"Orah jezgra u rinfuzi, cca. 1kg",0002322,1,cca. 1kg,,5.69,,,5.69,3872084003294,Hrana,"5,49"
"Nutella, 400g ",0002346,0.4,400g,,4.69,,,11.73,80052395,Hrana,"4,39"
"Pasirana rajèica 8,5 Brix",0002490,0.5,500g,Baresa,0.99,,,1.98,20163402,Hrana,"0,99"
Sterilizirani grah borlotti,0002496,0.4,425ml,Freshona,0.59,,,2.46,4056489468448,Hrana,"0,59"
"Crvena paprika fileti, OM 300g",0002503,0.68,720ml,Freshona,1.79,,,5.97,20053093,Hrana,"2,49"
"Sprite, 2l ",0002668,2.08,2l,Coca-Cola,2.39,,,1.2,5449000004864,Piæe,"2,28"
"Premium Pils pivo 4,9%",0002704,0.504,"0,5l",Perlenbacher,0.99,,,1.98,4304493267879,Piæe,"0,99"
Minis Candy,0002785,0.35,350g,Mister Choc,3.09,,,8.83,20046316,Hrana,"3,59"
Orbit žvakaæe gume sort. I,0002907,0.014,14g,Mars,0.99,,,0.99,42070429,Hrana,"0,99"
Milka Èokolada sort.,0002911,0.279,"250g, 276g, 300g",,5.99,,,21.7,7622210012500,Hrana,"5,99"
Milka Èokolada sort.,0002911,0.279,"250g, 276g, 300g",,5.99,,,21.7,7622210273178,Hrana,"5,99"
Milka Èokolada sort.,0002911,0.279,"250g, 276g, 300g",,5.99,,,23.96,7622210273437,Hrana,"5,99"
Milka Èokolada sort.,0002911,0.279,"250g, 276g, 300g",,5.99,,,23.96,7622210612267,Hrana,"5,99"
Milka Èokolada sort.,0002911,0.279,"250g, 276g, 300g",,5.99,,,19.97,7622210702555,Hrana,"5,99"
Milka Èokolada sort.,0002911,0.279,"250g, 276g, 300g",,5.99,,,21.7,7622210702562,Hrana,"5,99"
Milka Èokolada sort.,0002911,0.279,"250g, 276g, 300g",,5.99,,,21.7,7622400904608,Hrana,"5,99"
Milka Èokolada sort.,0002911,0.279,"250g, 276g, 300g",,5.99,,,21.7,9012200001245,Hrana,"5,99"
"Biskvit SK2, SK13, SK20, SK23 400g",0002940,0.4,400g,Confiserie Firenze,2.49,,,6.23,4335619203198,Hrana,"2,69"
"Jumbo biskvit, SK5, SK8",0002942,0.6,600g,Confiserie Firenze,3.19,,,5.32,20139803,Hrana,"2,99"
Bordeaux AOP trocken,0002994,0.75,"0,75l",-,3.99,,,5.32,4056489249177,Piæe,"3,49"
Vermouth bijeli 15% Vol.,0002995,1,1l,Romanetti,5.49,,,5.49,4304493257092,Piæe,"5,29"
"London Dry Gin 37,5% Vol.",0003000,0.67,"0,7l",Castelgy,5.69,,,8.13,4304493262256,Piæe,"5,69"
Kompletna hrana za maèke SK19,0003002,0.1,100g,Coshida,0.39,,,3.9,20407513,Proizvodi za kuæanstvo,"0,45"
Potpuna hrana za pse SK1,0003024,10,10kg,Orlando,11.89,,,1.19,4056489142225,Proizvodi za kuæanstvo,"11,89"
Šampon za svakodne. pranje kose SK6,0003034,0.515,500ml,Cien,1.39,,,2.78,20153762,Kozmetika,"1,39"
Pro Vitamin šam. za njegu kose SK13,0003035,0.31,300ml,Cien,1.29,,,4.3,20159375,Kozmetika,"1,29"
Pro Vitamin šam. za njegu kose SK13,0003035,0.31,300ml,Cien,1.29,,,4.3,20159382,Kozmetika,"1,29"
Pro Vitamin šam. za njegu kose SK13,0003035,0.31,300ml,Cien,1.29,,,4.3,20159399,Kozmetika,"1,29"
Pjena za kosu SK8,0003050,0.22,250ml,Cien,1.33,,,5.32,20081508,Kozmetika,1.33
Pjena za kosu SK8,0003050,0.22,250ml,Cien,1.33,,,5.32,20301903,Kozmetika,1.33
Pjena za kosu SK8,0003050,0.22,250ml,Cien,1.33,,,5.32,4335619134386,Kozmetika,1.33
Lak za kosu SK11,0003054,0.31,400ml,Cien,1.98,,,4.95,20160425,Kozmetika,1.98
Lak za kosu SK11,0003054,0.31,400ml,Cien,1.98,,,4.95,20220433,Kozmetika,1.98
Lak za kosu SK11,0003054,0.31,400ml,Cien,1.98,,,4.95,4335619217119,Kozmetika,1.98
"Cedevita Instant nap., SK5, 200g",0003086,0.2,200g,,2.19,,,10.95,3850322006832,Piæe,"2,09"
Q10 krema za lice protiv bora SK7 ,0003089,0.051,50ml,Cien,2.89,,,57.8,20163990,Kozmetika,"2,89"
Losion poslije brijanja SK15,0003114,0.092,100ml,Cien MEN,2.39,,,23.9,20543266,Kozmetika,"2,39"
Èetkice za zube classic SK6,0003116,0.034,2komad,Dentalux,0.85,,,0.43,20231675,Kozmetika,"0,85"
Èetkice za zube SK3,0003117,0.037,2komad,Dentalux,0.89,,,0.45,20055912,Kozmetika,"0,89"
Pasta za zube SK6,0003120,0.155,125ml,Dentalux,0.85,,,6.8,4056489498063,Kozmetika,"1,05"
Pasta za zube SK6,0003120,0.155,125ml,Dentalux,0.85,,,6.8,4056489826118,Kozmetika,"1,05"
Signal zubna pasta SK2,0003124,0.075,75ml,,2.69,,,35.87,5900300056002,Kozmetika,"2,19"
Domestos sort.,0003183,0.75,750ml,,3.29,,,4.39,5996037079797,Sredstva za èišæenje,"2,49"
Tekuæe sred. za osvjež. WC-a SK23,0003185,0.165,3x55ml,W5,1.45,,,8.79,4056489868880,Sredstva za èišæenje,"1,45"
Djeèje vlažne maramice,0003242,0.385,80komad,Lupilu,1.15,,,0.01,20406844,Toaletne potrepštine,"1,09"
Kondomi od prirodnog lateksa SK1,0003281,0.013,12komad,Mondos,1.89,,,0.16,20088439,Toaletne potrepštine,"1,89"
Kondomi od prirodnog lateksa SK1,0003281,0.013,12komad,Mondos,1.89,,,0.16,20088453,Toaletne potrepštine,"1,89"
Spiralna žica od neh. èelika,0003308,0.08,4komad,W5,0.7,,,0.18,4056489663829,Proizvodi za kuæanstvo,"0,7"
"Alkalna baterija 1,5V AA",0003332,0.19,8komad,Aerocell,1.99,,,0.25,20080563,Proizvodi za kuæanstvo,"1,99"
Kremliker sa Whiskyem 17% vol.,0003491,0.74,"0,7l",Queen Margot,6.79,,,9.7,4304493262331,Piæe,"6,59"
Cola gazirano piæe sa sladilom,0003609,2,2l,Freeway,0.99,,,0.5,4304493257061,Piæe,"0,89"
"BO Kukuruzna ciabatta, 300g",0003646,0.3,300g,,0.99,,,3.3,3859890771562,Hrana,"0,93"
Axe Dezodorans u spreju Africa,0003696,0.15,150ml,,4.89,,,32.6,8710908052040,Kozmetika,"4,55"
Axe Dezodorans u spreju Africa,0003696,0.15,150ml,,4.89,,,32.6,8717644277379,Kozmetika,"4,55"
Keksi s maslacem SK3,0003801,0.4,2x200g,Sondey,2.65,,,6.63,20042905,Hrana,"2,79"
Topljeni sir u kadicama SK18,0003834,0.2,200g,Milbona,1.89,,,9.45,20010270,Hrana,"1,89"
Topljeni sir u kadicama SK18,0003834,0.2,200g,Milbona,1.89,,,9.45,20096502,Hrana,"1,89"
"Trajno mlijeko 2,8% m.m.",0003904,1.031,1l,Pilos,0.75,,,0.75,3870199000283,Hrana,"0,79"
Tvrdi bomboni u limenci SK7,0003929,0.2,200g,Sweet Corner,1.79,,,8.95,20078690,Hrana,"1,59"
Pro Vitamin balzam za kosu SK9,0003947,0.299,300ml,Cien,1.49,,,4.97,20189068,Kozmetika,"1,49"
Pro-Vitamin Šampon 2u1 SK3,0003948,0.311,300ml,Cien,1.49,,,4.97,20253974,Kozmetika,"1,49"
Neg. piæe naranèa 20%,0003963,1.037,"5x0,2l",Solevita,1.89,,,1.89,20092566,Piæe,"1,89"
Vreæe za smeæe 60l,0003966,0.7,25komad,Purio,2.35,,,0.09,20124786,Proizvodi za kuæanstvo,"2,35"
"Trajno mlijeko 3,5%",0003978,1.03,1l,Pilos,1.09,,,1.09,4056489108160,Hrana,"1,05"
Nestlé KitKat Minis 18 kom.,0004448,0.301,301g,Nestlé,5.99,,,19.9,7613035312050,Hrana,"4,99"
Kinder Milchschnitte 5x28g,0004450,0.14,5x28g,,3.39,,,24.21,8000500062654,Hrana,"2,99"
Old Spice Deo stick,0004454,0.056,50ml,,3.85,,,77,4015600862268,Kozmetika,"3,85"
Old Spice Deo stick,0004454,0.056,50ml,,3.85,,,77,4084500019195,Kozmetika,"3,85"
Old Spice Deo stick,0004454,0.056,50ml,,3.85,,,77,4084500490543,Kozmetika,"3,85"
Old Spice Deo stick,0004454,0.056,50ml,,3.85,,,77,4084500490581,Kozmetika,"3,85"
Bebimil Hrana za dojenèad 1,0004473,0.6,600g,,11.15,,,18.58,3859892697730,Hrana,"11,25"
Orbit Žvakaæe gume u boèici sort.,0004521,0.064,64g,,2.89,,,45.16,4009900412087,Hrana,"2,59"
Orbit Žvakaæe gume u boèici sort.,0004521,0.064,64g,,2.89,,,45.16,4009900537506,Hrana,"2,59"
Orbit Žvakaæe gume u boèici sort.,0004521,0.064,64g,,2.89,,,45.16,4009900538008,Hrana,"2,59"
"Laško Zlatorog Svijetlo pivo 4,9%",0004541,2,"4x0,5l",,5.29,,,2.65,3830001712667,Piæe,"5,27"
"Trajno mlijeko 2,8% m.m.",0004777,12.372,12x1l,Pilos,8.29,,,0.69,20778644,Hrana,"8,29"
"Kviki Grickalice, SK1",0004962,0.13,130g,,1.29,,,9.92,3850104237461,Hrana,"1,29"
Gouda komad,0004984,0.4,400g,Pilos,3.95,,,9.88,5900120064898,Hrana,"3,95"
Argeta Pašteta od tune 3x95g,0005122,0.285,3x95g,,4.99,,,17.51,3838471013222,Hrana,"4,99"
Zamjenski uložak za lampione,0005132,0.32,2komad,-,1.99,,,6.22,20233266,Proizvodi za kuæanstvo,"2,49"
"Argeta Kokošja pašteta SK2, 95g",0005140,0.095,95g,,1.49,,,15.68,3838471031394,Hrana,"1,39"
Pivac Chardonnay,0005351,1.985,2l,,2.89,,,1.45,5310140009326,Piæe,"2,89"
Pivac Chardonnay,0005351,1.985,2l,,2.89,,,1.45,5319991722279,Piæe,"2,89"
Dim. svinjska kraèica sk cca. 800g,0005542,1,ca. 800g,Pikok,5.79,,,5.79,2855420000000,Hrana,"5,79"
"Èajni kolutiæi SK1, RFA",0005588,0.767,"700g,800g",Sondey,2.59,,,3.7,20396053,Hrana,"2,59"
"Èajni kolutiæi SK1, RFA",0005588,0.767,"700g,800g",Sondey,2.59,,,3.24,20396053,Hrana,"2,59"
"Svježi pileæi želuci, 500g",0005594,0.5,500g,,1.59,,,3.18,4056489074199,Hrana,"1,49"
Svježi pileæi filet,0005607,1,ca. 500g,Naša mesnica,7.39,,,7.39,2136943000000,Hrana,"7,39"
Svježi pileæi filet,0005607,1,ca. 500g,Naša mesnica,7.39,,,7.39,2852021000000,Hrana,"7,39"
Svježi pileæi filet,0005607,1,ca. 500g,Naša mesnica,7.39,,,7.39,2852026000000,Hrana,"7,39"
Svježi pileæi filet,0005607,1,ca. 500g,Naša mesnica,7.39,,,7.39,2891923000000,Hrana,"7,39"
Svježi pileæi filet,0005607,1,ca. 500g,Naša mesnica,7.39,,,7.39,2891929000000,Hrana,"7,39"
Mljeveno meso junetina,0005610,0.45,450g,Naša mesnica,,3.79,5.39,8.42,20432614,Hrana,"5,19"
Èaj od mente,0005631,0.04,20x2g,Lord Nelson,0.69,,,0.69,20358600,Piæe,"0,59"
Axe gel za tuširanje sort.,0005639,0.257,250ml,,2.49,,,9.96,40883694,Kozmetika,"2,99"
Axe gel za tuširanje sort.,0005639,0.257,250ml,,2.49,,,9.96,8710447276587,Kozmetika,"2,99"
Skuša fileti u umaku rajèica,0005719,0.17,170g,Nixe,1.69,,,9.94,20762292,Hrana,"1,59"
Dolcela Gussnel,0005733,0.25,250g,,1.99,,,7.96,3850104219467,Hrana,"1,99"
Tic Tac SK5,0005761,0.018,18g,,0.79,,,0.79,42276616,Hrana,"0,79"
Jetrena pašteta SK37,0005881,0.15,150g,Pikok,0.99,,,6.6,20363932,Hrana,"0,99"
Schauma šampon sort.,0005896,0.52,400ml,,3.17,,,7.93,4015000910712,Kozmetika,"3,17"
Schauma šampon sort.,0005896,0.52,400ml,,3.17,,,7.93,4015000910880,Kozmetika,"3,17"
Schauma šampon sort.,0005896,0.52,400ml,,3.17,,,7.93,4015001005455,Kozmetika,"3,17"
Schauma šampon sort.,0005896,0.52,400ml,,3.17,,,7.93,4015100196863,Kozmetika,"3,17"
"Barcaffe mljevena kava, 175g",0005915,0.175,175g,,4.19,,,23.94,3838471041300,Piæe,"4,29"
"Orbit White žvakaæe gume sort., 14g",0005954,0.014,14g,Mars,0.99,,,0.99,42211686,Hrana,"0,99"
Nivea Dezodorans roler SK1,0005958,0.052,50ml,,3.95,,,79,42242055,Kozmetika,"3,95"
Njoki s nadj. slanina-brie/sir SK1,0006148,0.5,500g,Italiamo,2.39,,,4.78,20469689,Hrana,"2,49"
Raid Sprej protiv svih insekata,0006229,0.406,400ml,,7.39,,,18.48,5000204203066,Proizvodi za kuæanstvo,"7,39"
Kruškovac 25% vol.,0006304,1.08,1l,Alliance,7.89,,,7.89,4304493259294,Piæe,"7,89"
Ritter Sport SK17,0006343,0.1,100g,Ritter,2.39,,,23.9,4000417014009,Hrana,"1,79"
Ritter Sport SK17,0006343,0.1,100g,Ritter,2.39,,,23.9,4000417018007,Hrana,"1,79"
Ritter Sport SK17,0006343,0.1,100g,Ritter,2.39,,,23.9,4000417026002,Hrana,"1,79"
Ritter Sport SK17,0006343,0.1,100g,Ritter,2.39,,,23.9,4000417027009,Hrana,"1,79"
Ritter Sport SK17,0006343,0.1,100g,Ritter,2.39,,,23.9,4000417291004,Hrana,"1,79"
Ritter Sport SK17,0006343,0.1,100g,Ritter,2.39,,,23.9,4000417292001,Hrana,"1,79"
Ritter Sport SK17,0006343,0.1,100g,Ritter,2.39,,,23.9,4000417299000,Hrana,"1,79"
Ritter Sport SK17,0006343,0.1,100g,Ritter,2.39,,,23.9,4000417602510,Hrana,"1,79"
"Svježa pileæa leða, cca. 750g",0006457,1,ca. 750g,Naša mesnica,1.69,,,1.69,2852038000000,Hrana,"1,69"
"Svježa pileæa leða, cca. 750g",0006457,1,ca. 750g,Naša mesnica,1.69,,,1.69,2891132000000,Hrana,"1,69"
"Svježa pileæa prsa, bk sk, cca 500g",0006488,1,ca. 500g,Naša mesnica,5.99,,,5.99,2852055000000,Hrana,"5,89"
"Svježa pileæa prsa, bk sk, cca 500g",0006488,1,ca. 500g,Naša mesnica,5.99,,,5.99,2852057000000,Hrana,"5,89"
Svježi pileæi batak,0006489,1,ca. 500g,Naša mesnica,4.09,,,4.09,2852010000000,Hrana,"4,09"
Svježi pileæi batak,0006489,1,ca. 500g,Naša mesnica,4.09,,,4.09,2852012000000,Hrana,"4,09"
Svježi pileæi batak,0006489,1,ca. 500g,Naša mesnica,4.09,,,4.09,2852016000000,Hrana,"4,09"
Svježi pileæi batak,0006489,1,ca. 500g,Naša mesnica,4.09,,,4.09,2852018000000,Hrana,"4,09"
Svježi pileæi batak,0006489,1,ca. 500g,Naša mesnica,4.09,,,4.09,2891961000000,Hrana,"4,09"
Svježi pileæi batak,0006489,1,ca. 500g,Naša mesnica,4.09,,,4.09,2891967000000,Hrana,"4,09"
Imako Vranac 2l,0006571,1.99,2l,,2.65,,,1.33,5319991722026,Piæe,"2,65"
"Dalmatinski pršut, narezak",0006594,0.1,100g,Okusi zavièaja,2.99,,,29.9,20661243,Hrana,"2,99"
"Domaæi ribanci s jajima, 400g",0006627,0.4,400g,Okusi zavièaja,1.39,,,3.48,20492304,Hrana,"1,29"
"Orah kiflice, 400g",0006656,0.4,400g,Okusi zavièaja,3.99,,,9.98,20492106,Hrana,"3,99"
"Svježi pileæi zabatak, cca. 500g",0006675,1,ca. 500g,Naša mesnica,4.09,,,4.09,2852044000000,Hrana,"4,09"
"Svježi pileæi zabatak, cca. 500g",0006675,1,ca. 500g,Naša mesnica,4.09,,,4.09,2852046000000,Hrana,"4,09"
"Svježi pileæi zabatak, cca. 500g",0006675,1,ca. 500g,Naša mesnica,4.09,,,4.09,2852048000000,Hrana,"4,09"
"Svježi pileæi zabatak, cca. 500g",0006675,1,ca. 500g,Naša mesnica,4.09,,,4.09,2891972000000,Hrana,"4,09"
"Nutella, 1kg",0006686,1,1kg,,9.99,,,9.99,4008400401829,Hrana,"9,49"
"Zobeni keksi sa sezamom, 210g",0006704,0.21,210g,Sondey,1.29,,,6.14,20343255,Hrana,"1,29"
"Pileæi mix za juhu, cca. 500g",0006735,1,ca. 500g,Naša mesnica,2.99,,,2.99,2891120000000,Hrana,"2,69"
"Pileæi mix za juhu, cca. 500g",0006735,1,ca. 500g,Naša mesnica,2.99,,,2.99,2891128000000,Hrana,"2,69"
"Sir trapist, 700g",0006740,0.7,700g,Pilos,8.99,,,12.84,20102890,Hrana,"8,49"
Limoncino Or. di Sorrento 30% vol.,0007447,0.524,"0,5l",-,5.49,,,10.98,4304493262423,Piæe,"5,49"
Air Wick Fresh Matic Refill SK2,0008404,0.17,250ml,,6.69,,,26.76,3059943009066,Sredstva za èišæenje,"6,69"
Air Wick Fresh Matic Refill SK2,0008404,0.17,250ml,,6.69,,,26.76,3059943009080,Sredstva za èišæenje,"6,69"
Studenac Gazirana mineralna voda ,0008473,6,"4x1,5l",,2.59,,,0.43,3850104444500,Piæe,"2,29"
Studenac Gazirana mineralna voda ,0008473,6,"4x1,5l",,2.59,,,0.43,3856022301499,Piæe,"2,29"
"Jaja razred M, klasa A, 30 komada",0008481,1.74,30komad,,4.59,,,0.15,4056489925033,Hrana,"4,59"
"Vreæice za zamrzavanje, SK1",0008485,0.115,"26komad,38komad,50komad",Aromata,0.89,,,0.89,20476502,Proizvodi za kuæanstvo,"0,79"
"Mineralna voda negazirana, 0,5l",0008993,0.5,"0,5l",Saguaro,0.36,,,0.72,4304493256569,Piæe,"0,37"
"Mineralna voda negazirana, 0,5l",0008993,0.5,"0,5l",Saguaro,0.36,,,0.72,4304493258679,Piæe,"0,37"
"Mineralna voda gazirana, 0,5l",0008994,0.5,"0,5l",Saguaro,0.36,,,0.72,4304493256576,Piæe,0.34
Kokice za mikrovalnu peænicu,0009015,0.3,3x100g,Snack Day,1.39,,,4.63,20948955,Hrana,"1,39"
Mak mljeveni,0009017,0.2,200g,Belbake,1.59,,,7.95,20254193,Hrana,"1,59"
Mak mljeveni,0009017,0.2,200g,Belbake,1.59,,,7.95,20934804,Hrana,"1,59"
Srdele s povræem u umaku,0009041,0.1,100g,Okusi zavièaja,1.19,,,11.9,20538125,Hrana,"1,19"
"Dodatak jelima, 1kg",0009045,1,1000g,Kania,2.49,,,2.49,20360887,Hrana,"2,49"
Æevapèiæi,0009069,0.5,500g,Naša mesnica,3.79,,,7.58,3858881619418,Hrana,"3,79"
Milka plišana životinja,0009115,0.096,96g,,8.79,,,91.56,7622210857934,Hrana,"7,49"
"Ožujsko Svijetlo pivo 5%, 0,5l",0009326,0.5,"0,5l",,1.55,,,3.1,3850131400609,Piæe,"1,48"
Lampion SK7,0009364,0.29,290g,-,1.99,,,1.99,20233921,Proizvodi za kuæanstvo,"1,99"
Lampion SK7,0009364,0.29,290g,-,1.99,,,1.99,20779009,Proizvodi za kuæanstvo,"1,99"
Gel za kosu za muškarce SK13,0009855,0.15,"150ml,200ml",Cien,1.79,,,11.93,20187286,Kozmetika,"1,79"
Gel za kosu za muškarce SK13,0009855,0.15,"150ml,200ml",Cien,1.79,,,11.93,4056489442127,Kozmetika,"1,79"
"Minas mljevena kava, 200g",0009877,0.2,200g,-,3.29,,,16.45,20208462,Piæe,"2,79"
"Alpska šunka u komadu, cca. 600g",0010237,1,ca. 600g,Alpenfest,12.69,,,12.69,2810237000000,Hrana,"12,69"
"Alpska šunka u komadu, cca. 600g",0010237,1,ca. 600g,Alpenfest,12.69,,,12.69,2868770000000,Hrana,"12,69"
Kobasica za peèenje,0010501,0.5,500g,Dulano Selection,3.69,,,7.38,4056489141716,Hrana,"3,49"
Šunka narezana,0010707,0.1,100g,Dulano Selection,1.85,,,18.5,4056489114710,Hrana,"1,85"
"Mesnata slanina, dimljena",0010913,0.25,2x125g,Dulano,3.19,,,12.76,20064402,Hrana,"3,19"
Svinjske hrenovke u prir. ovitku,0011658,0.55,8x45g,Alpenfest,3.79,,,10.53,20154974,Hrana,"3,89"
Mediteranski pršut SK24,0011818,0.1,100g,Dulano Selection,2.59,,,25.9,4056489115137,Hrana,"2,59"
Pileæa i pureæa prsa QS SK18,0011880,0.2,200g,Dulano,3.39,,,16.95,20088484,Hrana,"2,99"
Krumpir salata SK2,0011924,1,1kg,Alpenfest,2.89,,,2.89,4056489531586,Hrana,"2,89"
Krumpir salata SK2,0011924,1,1kg,Alpenfest,2.89,,,2.89,4056489583035,Hrana,"2,89"
Mljeveni crni papar,0012046,0.05,50g,Kania,1.29,,,25.8,4056489416722,Hrana,"1,29"
MSC Fileti haringe u umaku SK20,0012408,0.2,200g,Nixe,1.49,,,7.45,4056489431060,Hrana,"1,49"
"MSC Morski plodovi SK2, ATG: 270g",0012609,0.3,300g,Ocean Sea,2.69,,,9.96,20102210,Hrana,"3,49"
Domino kocke ,0012715,0.25,250g,Favorina,2.69,,,10.76,20153670,Hrana,"2,79"
Spekulatius èajno pecivo,0012739,0.6,600g,Sondey,2.49,,,4.15,20036126,Hrana,"1,59"
Belgijske praline,0018726,0.36,360g,J.D. Gross,5.99,,,16.64,20125486,Hrana,"5,49"
"Èokoladne praline s krispom, SK1",0019920,0.2,200g,Favorina,1.89,,,9.45,20084318,Hrana,"1,99"
Kolaè od sira SK4,0021011,0.5,500g,Alpenfest,2.15,,,4.3,20010102,Hrana,"2,59"
Sredstvo za èišæenje poda SK17,0021341,1.075,1l,W5,1.49,,,1.49,20072407,Sredstva za èišæenje,"1,85"
Sredstvo za èišæenje poda SK17,0021341,1.075,1l,W5,1.49,,,1.49,20553258,Sredstva za èišæenje,"1,85"
Sredstvo za èišæenje poda SK17,0021341,1.075,1l,W5,1.49,,,1.49,4056489210061,Sredstva za èišæenje,"1,85"
Prašak za puding èokolada,0021814,0.123,123g,Belbake,0.69,,,5.61,4335619231368,Hrana,"0,59"
"Cantuccini Hrskavo pecivo SK2, RFA",0021969,0.3,300g,Sondey,2.49,,,8.3,20138318,Hrana,"2,29"
Umaci za tjesteninu SK8,0022470,0.34,340g,Italiamo,2.19,,,6.44,20496524,Hrana,"2,19"
Original tal. ocat Balsamico ,0022471,0.55,"0,5l",Acentino,1.99,,,3.98,20087586,Hrana,"1,99"
Tart SK8,0022531,0.26,260g,Duc de Coeur,2.69,,,10.35,20169961,Hrana,"2,99"
Tart SK8,0022531,0.26,260g,Duc de Coeur,2.69,,,10.35,4056489032687,Hrana,"2,99"
Kikiriki u tijestu SK9,0022808,0.2,200g,Alesto,1.59,,,7.95,20529963,Hrana,"1,59"
Baguettes-francuz SK5,0022918,0.35,2x175g,Chef Select,2.99,,,8.54,4056489455110,Hrana,"2,79"
Kolaè s ribanim tijestom SK10,0024334,0.4,400g,Alpenfest,2.59,,,6.48,20122874,Hrana,"2,49"
Trans. sprej za sunèanje ZF 30,0024972,0.151,200ml,Cien Sun,5.99,,,29.95,4056489368311,Kozmetika,"5,99"
Fix za Bolognese,0026245,0.04,40g,Kania,0.69,,,0.69,20003630,Hrana,"0,69"
Prekooceanska mini vina SK9,0027309,0.25,"0,25l",Cimarosa,1.89,,,7.56,4056489309154,Piæe,"1,89"
Èokolada s vrhnjem ,0027543,0.2,200g,Fin Carré,1.89,,,9.45,20080204,Hrana,"1,89"
Mini Mix Sladoled na štapiæu SK6,0027551,0.456,12x50ml,Gelatelli,6.49,,,10.82,20066581,Hrana,"6,39"
Bordeaux AOP Superieur,0027697,0.75,"0,75l",-,4.49,,,5.99,4056489415114,Piæe,"3,99"
Côtes du Rhône AOP Villages,0027699,0.75,"0,75l",-,4.49,,,5.99,4056489114116,Piæe,"2,99"
Camembert le Caractere,0028212,0.25,250g,Duc de Coeur,2.79,,,11.16,20442767,Hrana,"2,29"
Flips sa sirom,0028360,0.125,125g,Snack Day,0.95,,,7.6,20069483,Hrana,"0,99"
Flips sa sirom,0028360,0.125,125g,Snack Day,0.95,,,7.6,4056489704393,Hrana,"0,99"
Tamna èok. 70%,0028823,0.125,125g,J.D. Gross,2.99,,,23.92,20095291,Hrana,"2,99"
Flaster SK7,0028901,0.023,"20komad,40komad",Sensiplast,0.89,,,0.04,4042441018448,Toaletne potrepštine,"0,89"
Flaster SK7,0028901,0.023,"20komad,40komad",Sensiplast,0.89,,,0.04,4056489235606,Toaletne potrepštine,"0,89"
Flaster SK7,0028901,0.023,"20komad,40komad",Sensiplast,0.89,,,0.02,40895383,Toaletne potrepštine,"0,89"
Tortille SK4,0029070,0.24,240g,El Tequito,1.29,,,5.38,20121525,Hrana,"1,29"
Mladi grašak u rasolu (OM 265g),0029072,0.4,425ml,Freshona,0.85,,,3.21,4056489668145,Hrana,"0,99"
Tal. sjeckana rajèica sa zaè. SK1,0029238,0.4,425ml,Baresa,1.19,,,2.98,20198060,Hrana,"1,19"
Tal. sjeckana rajèica sa zaè. SK1,0029238,0.4,425ml,Baresa,1.19,,,2.98,20198077,Hrana,"1,19"
Oguljena rajèica - pelat,0029247,0.4,425ml,Baresa,0.79,,,1.98,20198107,Hrana,"0,99"
Grana Padano,0029350,0.2,200g,Milbona,3.69,,,18.45,4056489258865,Hrana,"3,79"
"Dnevni ulošci s Aloe Vera, SK8",0029444,0.072,"26komad,32komad,45komad",Siempre,1.25,,,0.04,20069629,Toaletne potrepštine,"1,25"
Datulje,0029763,0.18,180g,Deluxe,1.79,,,9.94,20235253,Hrana,"2,29"
Desertni specijaliteti SK19,0030937,0.155,"2x75g,2x80g",MCENNEDY,1.69,,,9.94,20934095,Hrana,"1,69"
Pjenasta kupka SK16,0031129,1.03,1l,Cien,2.25,,,2.25,4056489694595,Kozmetika,"2,25"
Twist štap. od lis. tijesta slani,0031460,0.15,150g,Snack Day,1.69,,,11.27,20071080,Hrana,"1,59"
"""Twist"" štap. od lis. tijesta sir ",0031462,0.15,150g,Snack Day,1.69,,,11.27,20071097,Hrana,"1,59"
"""Twist"" štap. od lis. tijesta sir ",0031462,0.15,150g,Snack Day,1.69,,,11.27,4056489108078,Hrana,"1,59"
Extra džem od višnje,0031562,0.45,450g,Maribel,2.99,,,6.64,20000646,Hrana,"2,59"
Èokolada SK2,0031870,0.1,100g,Alpenfest,1.09,,,10.9,20236267,Hrana,"1,09"
Èokolada SK2,0031870,0.1,100g,Alpenfest,1.09,,,10.9,20236281,Hrana,"1,09"
Lasagne SK32,0032112,0.4,400g,Chef Select,2.79,,,6.98,20211387,Hrana,"2,79"
Lasagne SK32,0032112,0.4,400g,Chef Select,2.79,,,6.98,20211394,Hrana,"2,79"
Lasagne SK32,0032112,0.4,400g,Chef Select,2.79,,,6.98,4056489708582,Hrana,"2,79"
"Svijetlo pivo 4,9%",0032276,0.503,"0,5l",Perlenbacher,0.99,,,1.98,4056489237181,Piæe,"0,99"
Snack kobasica Tirolska SK8,0032325,0.15,150g,Alpenfest,1.99,,,13.27,20242664,Hrana,"1,99"
Snack kobasica Tirolska SK8,0032325,0.15,150g,Alpenfest,1.99,,,13.27,4056489115458,Hrana,"1,99"
Snack kobasica Tirolska SK8,0032325,0.15,150g,Alpenfest,1.99,,,13.27,4056489115465,Hrana,"1,99"
Liebfraumilch ,0032468,0.75,"0,75l",-,3.49,,,4.65,4056489786269,Piæe,"3,29"
Superieur èok. štapiæi SK14,0032577,0.2,200g,J.D. Gross,4.69,,,23.45,20099763,Hrana,"4,69"
Superieur èok. štapiæi SK14,0032577,0.2,200g,J.D. Gross,4.69,,,23.45,20099770,Hrana,"4,69"
Pripravak za umak SK3,0034381,0.25,250g,Kania,1.69,,,6.76,20271831,Hrana,Nije_bilo_u_prodaji_02.05.2025
Australski Shiraz (EUA),0034497,0.75,"0,75l",Cimarosa,3.99,,,5.32,4304493261556,Piæe,"3,99"
Losion poslije sunèanja,0034641,0.495,500ml,Cien Sun,2.49,,,4.98,4056489368359,Kozmetika,"3,19"
Mlijeko za sunèanje ZF 20,0034646,0.257,250ml,Cien Sun,4.49,,,17.96,20007690,Kozmetika,"4,49"
Yogurt SK4,0036211,0.15,150g,MCENNEDY,0.99,,,6.6,20252823,Hrana,"0,89"
Yogurt SK4,0036211,0.15,150g,MCENNEDY,0.99,,,6.6,20252878,Hrana,"0,89"
Tempranillo la Mancha DO Barrica,0036258,0.75,"0,75l",Mezquiriz,2.49,,,3.32,20253721,Piæe,"2,29"
Krumpiriæi,0036300,0.45,450g,Halloween,1.59,,,3.53,20226862,Hrana,"1,25"
Èips rebrasti s okusom sira i luka,0036645,0.15,150g,Snack Day,1.15,,,7.67,4056489487531,Hrana,"1,15"
Viura/Airen Valdepenas DO,0036724,0.75,"0,75l",Vega del Cega,1.99,,,2.65,20256678,Piæe,"2,49"
Maslac za tijelo SK7,0038468,0.394,400ml,Cien,2.99,,,7.48,4056489665670,Kozmetika,"2,99"
Maslac za tijelo SK7,0038468,0.394,400ml,Cien,2.99,,,7.48,4335619175860,Kozmetika,"2,99"
"Prutiæi za maèke SK4, 50g",0038491,0.05,50g,Coshida,1.39,,,27.8,20295912,Proizvodi za kuæanstvo,"1,39"
Božiæne figure od èokolad. SK7,0038527,0.1,100g,Favorina,1.89,,,18.9,20036041,Hrana,"1,59"
Božiæne figure od èokolad. SK7,0038527,0.1,100g,Favorina,1.89,,,18.9,20702618,Hrana,"1,59"
"Kroketi od krumpira, punjeni SK4",0038685,0.6,600g,Alpenfest,2.99,,,4.98,20216252,Hrana,"2,49"
Pasta za zube SK4,0038752,0.155,125ml,Dentalux,1.05,,,8.4,20006891,Kozmetika,"1,05"
Pasta za zube SK4,0038752,0.155,125ml,Dentalux,1.05,,,8.4,4056489498087,Kozmetika,"1,05"
Pasta za zube SK4,0038752,0.154,125ml,Dentalux,1.05,,,8.4,4056489857303,Kozmetika,"1,05"
"Tamponi, razne vrste 56-80 kom. SK8",0038769,0.178,"56komad,64komad,80komad",Siempre,3.69,,,0.06,4056489722960,Toaletne potrepštine,"3,69"
"Tamponi, razne vrste 56-80 kom. SK8",0038769,0.178,"56komad,64komad,80komad",Siempre,3.69,,,0.05,4056489722977,Toaletne potrepštine,"3,69"
"Tamponi, razne vrste 56-80 kom. SK8",0038769,0.178,"56komad,64komad,80komad",Siempre,3.69,,,0.06,4056489849018,Toaletne potrepštine,"3,69"
Smoothie 250ml SK13,0038798,0.265,250ml,Solevita,1.49,,,5.96,4304493261921,Hrana,"1,49"
Hrana za pse SK13,0038821,0.3,300g,Orlando,0.79,,,2.63,4056489576679,Proizvodi za kuæanstvo,0.79
Hrana za pse SK13,0038821,0.3,300g,Orlando,0.79,,,2.63,4056489583448,Proizvodi za kuæanstvo,0.79
Balsamico umak SK5,0039128,0.316,250ml,Italiamo,1.39,,,5.56,4056489035282,Hrana,"1,39"
Balsamico umak SK5,0039128,0.316,250ml,Italiamo,1.39,,,5.56,8006614050075,Hrana,"1,39"
Vrhnje za kavu 12%,0039193,0.2,200g,Pilos,0.89,,,4.45,4335619020511,Hrana,"0,89"
Maramice za njegu kontr. ploèe SK2,0039559,0.227,30komad,W5,1.89,,,0.06,20199210,Proizvodi za kuæanstvo,"2,29"
Maramice za njegu kontr. ploèe SK2,0039559,0.227,30komad,W5,1.89,,,0.06,4056489286752,Proizvodi za kuæanstvo,"2,29"
Maramice za njegu kontr. ploèe SK2,0039559,0.227,30komad,W5,1.89,,,0.06,4335619061972,Proizvodi za kuæanstvo,"2,29"
Francuski senf SK3,0039577,0.2,200g,Kania,1.19,,,5.95,20201845,Hrana,"1,79"
Suha hrana za maèke 2 kg SK17,0039750,2,2kg,Coshida,3.45,,,1.73,4056489781790,Proizvodi za kuæanstvo,"3,45"
Tortilla XXL 12x25cm,0042917,0.74,740g,Tastino,2.29,,,3.09,20501396,Hrana,"2,29"
Kremasti jogurt SK2,0043990,0.15,150g,Italiamo,0.99,,,6.6,20257163,Hrana,"0,89"
Kremasti jogurt SK2,0043990,0.15,150g,Italiamo,0.99,,,6.6,20257187,Hrana,"0,89"
Twist s maslacem SK2,0045986,0.125,125g,Duc de Coeur,1.39,,,11.12,4056489257851,Hrana,"1,39"
Creme Brûlée,0048618,0.2,2x100g,Duc de Coeur,1.69,,,8.45,20281151,Hrana,"1,69"
Prosecco Treviso DOC frizzante,0048641,0.75,"0,75l",Allini,5.29,,,7.05,4304493261679,Piæe,"4,99"
Riža na mlijeku SK4,0051988,0.2,200g,Pilos,0.79,,,3.95,20277673,Hrana,"0,79"
"Smrznuto povræe, SK7",0054707,0.45,450g,Freshona,1.25,,,2.78,20385958,Hrana,"1,79"
Premium sladoled u kornetu SK6,0054730,0.456,6x120ml,Gelatelli,4.29,,,5.96,20459703,Hrana,"3,99"
Secco Rosato,0054772,0.2,"0,2l",Allini,1.19,,,5.95,4056489249306,Piæe,"0,99"
Secco Rosato,0054772,0.2,"0,2l",Allini,1.19,,,5.95,4304493268531,Piæe,"0,99"
Ekstra djevièansko masl. u. s Krete,0054826,0.687,750ml,Eridanous,7.99,,,10.65,20293604,Hrana,"7,99"
"Èajno pecivo SK2, UTZ",0055526,0.3,300g,Sondey,2.75,,,9.17,20302993,Hrana,"2,75"
Set za èišæenje prašine,0055532,0.051,1komad,W5,1.19,,,1.19,20303006,Proizvodi za kuæanstvo,"1,49"
Basmati riža XXL,0055571,4.5,"4,5kg",Golden Sun,9.99,,,2.22,20302245,Hrana,"9,99"
Ragolds Punjeni bomboni SK5,0055579,0.034,"33,6g",,0.59,,,0.59,4014600116104,Hrana,"0,59"
Kandirano voæe SK1,0055877,0.1,100g,Belbake,0.89,,,8.9,20003449,Hrana,"0,89"
Puding s vrhnjem (500g) SK1,0057580,0.5,500g,Milbona Selection,2.19,,,4.38,20301422,Hrana,"1,79"
Crv.grah i kuk. u umaku ATG: 285ml,0057770,0.43,425ml,El Tequito,1.59,,,5.58,20302313,Hrana,"1,39"
Specijaliteti od kozjeg sira SK30,0058128,0.1,100g,Duc de Coeur,1.71,,,17.1,20696658,Hrana,"1,71"
Tzatziki,0058153,0.25,250g,Pilos,0.99,,,3.96,20310103,Hrana,"0,8"
"Luèice, 50 kom.",0058558,0.5,50komad,Livarno,2.89,,,0.06,4056489849759,Proizvodi za kuæanstvo,"3,49"
Ledena kava SK6,0058658,0.261,250ml,Milbona,1.19,,,4.76,20036959,Hrana,"1,09"
Ledena kava SK6,0058658,0.261,250ml,Milbona,1.19,,,4.76,20310127,Hrana,"1,09"
Salvete 3-sl. više boja sort.,0058708,0.149,30komad,Floralys,0.99,,,0.03,20007416,Toaletne potrepštine,"0,95"
Extra hrskavi èips SK8,0059344,0.125,125g,Snack Day,1.39,,,11.12,20612016,Hrana,"1,39"
BO Krumpirov kruh s prženim lukom,0059570,0.37,350g,,1.19,,,3.4,20537050,Hrana,"1,19"
Higijenski sprej za ruke i površine,0060140,0.224,250ml,W5,1.85,,,7.4,20552770,Sredstva za èišæenje,"1,85"
Grèki zaèini SK5,0060253,0.041,"35g,40g,50g",Eridanous,0.79,,,22.57,20550080,Hrana,"0,79"
Grèki zaèini SK5,0060253,0.041,"35g,40g,50g",Eridanous,0.79,,,19.75,20550097,Hrana,"0,79"
Grèki zaèini SK5,0060253,0.041,"35g,40g,50g",Eridanous,0.79,,,22.57,4056489644262,Hrana,"0,79"
Grèki zaèini SK5,0060253,0.041,"35g,40g,50g",Eridanous,0.79,,,15.8,4056489723653,Hrana,"0,79"
Ledene praline SK2,0060312,0.07,10x10ml,Deluxe,1.35,,,13.5,20219925,Hrana,"1,59"
Maramice za èišæenje naoèala,0060424,0.089,54komad,W5,0.99,,,0.02,4335619104372,Proizvodi za kuæanstvo,"0,99"
"Festbier 5,5%",0060604,0.5,"0,5l",Perlenbacher,0.89,,,1.78,4304493261488,Piæe,"0,79"
Dezodorans SK21,0062781,0.117,200ml,Cien,1.29,,,6.45,20321055,Kozmetika,"1,29"
Dezodorans SK21,0062781,0.117,200ml,Cien,1.29,,,6.45,20399122,Kozmetika,"1,29"
Dezodorans SK21,0062781,0.117,200ml,Cien,1.29,,,6.45,20549190,Kozmetika,"1,29"
Dezodorans SK21,0062781,0.117,200ml,Cien,1.29,,,6.45,4056489321859,Kozmetika,"1,29"
Dezodorans muški SK15,0062785,0.123,200ml,Cien MEN,1.29,,,6.45,20321079,Kozmetika,"1,29"
Dezodorans muški SK15,0062785,0.123,200ml,Cien MEN,1.29,,,6.45,20980177,Kozmetika,"1,29"
Dezodorans muški SK15,0062785,0.123,200ml,Cien MEN,1.29,,,6.45,4056489235965,Kozmetika,"1,29"
Dezodorans muški SK15,0062785,0.123,200ml,Cien MEN,1.29,,,6.45,4056489547167,Kozmetika,"1,29"
Èokoladne lizalice SK5,0063416,0.15,150g,Favorina,1.59,,,10.6,20336608,Hrana,"1,59"
Tiramisu,0063494,0.5,500g,Deluxe,3.99,,,7.98,20331179,Hrana,"3,79"
Mj. indijskih ora. i kikirikija SK2,0065163,0.2,200g,Alesto,2.29,,,11.45,20333737,Hrana,"2,29"
Mj. indijskih ora. i kikirikija SK2,0065163,0.2,200g,Alesto,2.29,,,11.45,20333744,Hrana,"2,29"
Papirnate èaše,0065190,0.183,25komad,Grillmeister,1.89,,,0.08,4335619040656,Proizvodi za kuæanstvo,"2,49"
Müsli voæni SK1,0065568,1,1000g,Crownfield,3.29,,,3.29,20048341,Hrana,"3,49"
Krema za ruke SK6,0065854,0.109,"125ml,75ml",Cien,1.19,,,15.87,20864804,Kozmetika,"1,19"
Krema za ruke SK6,0065854,0.109,"125ml,75ml",Cien,1.19,,,15.87,4056489234098,Kozmetika,"1,19"
Odstr. laka za nokte bez acet. SK8,0065975,0.173,200ml,Cien,1.99,,,9.95,20336783,Kozmetika,"1,99"
Odstr. laka za nokte bez acet. SK8,0065975,0.173,200ml,Cien,1.99,,,9.95,4056489320722,Kozmetika,"1,99"
Odstr. laka za nokte bez acet. SK8,0065975,0.173,200ml,Cien,1.99,,,9.95,4056489869016,Kozmetika,"1,99"
Dnevni gel za umiv. i piling SK13,0067420,0.154,200ml,Cien,1.85,,,9.25,20351502,Kozmetika,"1,39"
Dnevni gel za umiv. i piling SK13,0067420,0.154,200ml,Cien,1.85,,,9.25,4056489246046,Kozmetika,"1,39"
Rošilj kobasice SK7,0067627,0.25,250g,Grillmeister,2.59,,,10.36,20348526,Hrana,"2,59"
Krumpir štapiæi SK16,0067918,0.125,125g,Snack Day,1.19,,,9.52,20340711,Hrana,"1,09"
Sok od naranèe XXL,0068193,2.09,2l,Solevita,3.99,,,2,20352851,Piæe,"3,19"
Alpenstern Limburger Sir SK4,0068296,0.2,200g,,1.99,,,9.95,4101430005163,Hrana,"3,19"
Alpenstern Limburger Sir SK4,0068296,0.2,200g,,1.99,,,9.95,4101430016329,Hrana,"3,19"
Pljeskavice XXL SK1,0068460,0.6,600g,Dulano,4.29,,,7.15,20339586,Hrana,"4,29"
MSC Fish & Chips,0069726,1,1000g,Hatherwood,6.99,,,6.99,20362904,Hrana,"6,69"
Beauty kompaktni puder SK4,0069825,0.005,"4,5g",Cien,2.25,,,2.25,20908867,Kozmetika,"2,25"
Temeljac SK2,0070146,0.14,140g,Kania,1.49,,,10.64,20365998,Hrana,"1,49"
Suhi kvasac,0070432,0.042,42g,Belbake,0.75,,,0.75,20358228,Hrana,"0,78"
Grèki sir,0070606,0.4,400g,Eridanous,3.59,,,8.98,20376000,Hrana,"3,39"
Mini prutiæi ,0070702,0.5,500g,Mister Choc,5.49,,,10.98,4056489172581,Hrana,"4,39"
Èokoladni listiæi s mentom,0070924,0.3,300g,J.D. Gross,3.69,,,12.3,4335619250567,Hrana,"3,29"
Espresso kava u zrnu RFA,0072859,1,1000g,Bellarom,16.99,,,16.99,4056489135135,Piæe,"13,99"
Meki sir,0074719,0.18,180g,Duc de Coeur,2.69,,,14.94,20400811,Hrana,"2,59"
Sirni namaz,0074722,0.3,300g,Milbona,2.45,,,8.17,20364328,Hrana,"2,25"
Njega lica za muškarce SK6 ,0076409,0.051,50ml,Cien,2.39,,,47.8,4056489323099,Kozmetika,"2,59"
Odstranjivaè mrlja,0077358,0.252,250ml,Formil,1.39,,,5.56,4056489242741,Sredstva za èišæenje,"1,39"
Hugo,0077503,0.75,"0,75l",Allini,2.99,,,3.99,4304493261716,Piæe,"2,99"
Èetkica za zube Performance SK5,0077569,0.016,1komad,Dentalux,0.89,,,0.89,20411459,Kozmetika,"0,89"
Èetkica za zube Performance SK5,0077569,0.016,1komad,Dentalux,0.89,,,0.89,4056489845591,Kozmetika,"0,89"
"Aluminijska folija 12µ, 30m",0077667,0.288,1komad,Aromata,2.65,,,2.65,4056489118534,Proizvodi za kuæanstvo,"2,65"
Grèki jogurt natur,0077784,0.5,4x125g,Milbona,1.99,,,3.98,4056489010708,Hrana,"1,99"
Grèki jogurt natur,0077784,0.5,4x125g,Milbona,1.99,,,3.98,4056489010739,Hrana,"1,99"
Mini banana,0080025,0.25,250g,,0.89,,,3.56,20537531,Hrana,Nije_bilo_u_prodaji_02.05.2025
Mini banana,0080025,0.25,250g,,0.89,,,3.56,4014071025325,Hrana,Nije_bilo_u_prodaji_02.05.2025
Cikla,0082825,0.5,500g,,1.59,,,3.18,8413567021050,Hrana,"1,59"
Celer list,0082846,0.458,1komad,,1.29,,,1.29,20489069,Hrana,"1,19"
Kukuruz 400g,0082864,0.4,400g,,1.99,,,1.99,20401634,Hrana,"1,99"
Kukuruz 400g,0082864,0.4,400g,,1.99,,,1.99,20408367,Hrana,"1,99"
Bukovaèa 250g,0082986,0.25,250g,,1.39,,,5.56,20305765,Hrana,"1,39"
Šampinjoni smeði 250g,0083006,0.25,250g,,1.29,,,5.16,3859889614245,Hrana,"1,29"
Šampinjoni 500g,0083018,0.5,500g,,,1.29,1.89,2.58,3859889614115,Hrana,"1,89"
Shiitake,0083055,0.1,100g,,1.69,,,16.9,20255299,Hrana,"1,69"
Krumpir 2kg,0083224,2,2kg,,1.89,,,0.95,20242213,Hrana,"1,79"
Rajèica Adora 300g,0083697,0.3,300g,,2.49,,,8.3,4056489031505,Hrana,"2,49"
Bio salata sortirana,0084519,0.1,100g,,1.29,,,1290,20239121,Hrana,Nije_bilo_u_prodaji_02.05.2025
Bio tikvica 500g,0084545,0.5,500g,,2.49,,,4.98,20240066,Hrana,"1,69"
Bio paprika mix 400g,0084587,0.4,400g,,2.49,,,6.23,20598617,Hrana,Nije_bilo_u_prodaji_02.05.2025
Bio brokula 300g,0084645,0.3,300g,,1.69,,,5.63,20229245,Hrana,"1,49"
Bio zaèinsko bilje,0084647,0,1komad,,1.69,,,1.69,20242800,Hrana,"1,49"
Bio zaèinsko bilje,0084647,0,1komad,,1.69,,,1.69,4056489928409,Hrana,"1,49"
Bio zaèinsko bilje,0084647,0,1komad,,1.69,,,1.69,40897288,Hrana,"1,49"
Bio zaèinsko bilje,0084647,0,1komad,,1.69,,,1.69,8024122552003,Hrana,"1,49"
Svježi cappelletti sort. SK7,0087019,0.25,250g,Deluxe,2.29,,,9.16,20438319,Hrana,"2,29"
Svježi cappelletti sort. SK7,0087019,0.25,250g,Deluxe,2.29,,,9.16,20438333,Hrana,"2,29"
Sjajilo za obuæu SK3,0087031,0.075,1komad,W5,1.29,,,1.29,20491369,Sredstva za èišæenje,"1,29"
Sirup SK26,0087297,0.903,"0,7l",Solevita,1.99,,,2.84,4304493262867,Piæe,"1,99"
Umaci na talijanski naèin SK1,0087611,0.35,350g,Italiamo,1.59,,,4.54,20431457,Hrana,"1,59"
Umaci za tjesteninu SK6,0087612,0.35,350g,Italiamo,1.59,,,4.54,20602116,Hrana,"1,59"
Snack od sira sort.,0088099,0.22,220g,Milbona,3.29,,,14.95,4006923082204,Hrana,"3,29"
Mlijeèna èok. s grožð. i lješnj.,0088282,0.1,100g,Fin Carré,1.29,,,12.9,20449100,Hrana,"1,39"
Šampon protiv prhuti SK10,0088436,0.3,300ml,Cien,1.29,,,4.3,20447120,Kozmetika,"1,29"
Tilsiter listiæi,0088534,0.15,150g,Milbona,2.09,,,13.93,4056489171966,Hrana,"1,99"
Rukavice za jednokratnu uporabu SK3,0089720,0.523,100komad,W5,5.99,,,0.06,20454159,Proizvodi za kuæanstvo,"5,99"
Rukavice za jednokratnu uporabu SK3,0089720,0.523,100komad,W5,5.99,,,0.06,4056489978992,Proizvodi za kuæanstvo,"5,99"
Panirano povræe SK1,0091923,0.5,500g,Freshona,2.99,,,5.98,20486129,Hrana,"2,99"
Gel za tuširanje 3u1 SK16,0091976,0.309,300ml,Cien,1.05,,,3.5,20460952,Kozmetika,"1,05"
Gel za tuširanje 3u1 SK16,0091976,0.309,300ml,Cien,1.05,,,3.5,4056489753049,Kozmetika,"1,05"
Krpe za domaæinstvo SK6,0092429,0.076,"5komad,6komad",W5,0.99,,,0.2,20007577,Proizvodi za kuæanstvo,"1,19"
Macaroni al Forno,0093667,1,1kg,Italiamo,5.99,,,5.99,4335619257535,Hrana,"4,79"
Kremasti kefir SK4,0094282,0.25,250g,Pilos,,0.69,0.99,2.76,20713966,Hrana,"0,99"
"Farmer Cookies SK4, UTZ",0094327,0.2,200g,Sondey,2.29,,,11.45,20706999,Hrana,"2,29"
La Brique meki kremasti sir,0095631,0.2,200g,Duc de Coeur,3.19,,,15.95,20487652,Hrana,"2,99"
Zaèini za kavu SK3,0097017,0.09,90g,Deluxe,2.29,,,25.44,20515133,Hrana,"1,79"
Zaèini za kavu SK3,0097017,0.09,90g,Deluxe,2.29,,,25.44,20515157,Hrana,"1,79"
Zaèini za kavu SK3,0097017,0.09,90g,Deluxe,2.29,,,25.44,20515164,Hrana,"1,79"
Alpska šunka narezana,0097072,0.08,80g,Italiamo,1.99,,,24.88,20491536,Hrana,"1,99"
Pizza Mozzarella,0097153,0.335,335g,Trattoria Alfredo,2.49,,,7.43,20516734,Hrana,"2,49"
Gotova jela SK3,0097242,0.35,350g,Vitasia,2.39,,,6.83,20416041,Hrana,"2,99"
Gotova jela SK3,0097242,0.35,350g,Vitasia,2.39,,,6.83,20416058,Hrana,"2,99"
Zaèinsko ulje SK7,0097277,0.12,125ml,Deluxe,2.39,,,19.12,20520212,Hrana,"2,39"
Zaèinsko ulje SK7,0097277,0.12,125ml,Deluxe,2.39,,,19.12,4056489821939,Hrana,"2,39"
Snack s okusom slanine,0097344,0.13,130g,Snack Day,1.49,,,11.46,20522506,Hrana,"1,49"
Zaèinska mješavina SK7,0097448,0.047,"40g,45g,50g,55g",Deluxe,2.29,,,41.64,20520120,Hrana,"1,79"
Zaèinska mješavina SK7,0097448,0.047,"40g,45g,50g,55g",Deluxe,2.29,,,41.64,20520144,Hrana,"1,79"
Zaèinska mješavina SK7,0097448,0.047,"40g,45g,50g,55g",Deluxe,2.29,,,50.89,20520151,Hrana,"1,79"
Zaèinska mješavina SK7,0097448,0.047,"40g,45g,50g,55g",Deluxe,2.29,,,45.8,20520168,Hrana,"1,79"
Indijski orašèiæi SK12,0097783,0.15,150g,Alesto,2.99,,,19.93,4335619202924,Hrana,"1,99"
Hrana za maèke premium SK16,0097851,1.2,12x100g,Coshida,,2.99,4.19,2.49,4056489142638,Proizvodi za kuæanstvo,"4,19"
o.b. Tamponi SK1,0099299,0.052,"54komad,64komad",,4.29,,,0.08,3574661582474,Toaletne potrepštine,"4,29"
o.b. Tamponi SK1,0099299,0.052,"54komad,64komad",,4.29,,,0.07,3574661582481,Toaletne potrepštine,"4,29"
Dimljena losos pastrva,0099488,0.1,100g,Nautica,3.69,,,36.9,4056489144076,Hrana,"3,69"
Mlijeko za èišæenje lica,0099961,0.25,250ml,Cien,1.79,,,7.16,4056489232339,Kozmetika,"1,69"
Javorov sirup,0106210,0.25,250ml,MCENNEDY,3.99,,,15.96,20177492,Hrana,"3,99"
Šeæer u kocki,0106989,0.5,500g,Belbake,1.29,,,2.58,20615451,Hrana,"1,29"
Milkshake SK4,0108408,0.243,230ml,MCENNEDY,0.99,,,4.3,20573126,Hrana,"0,99"
Milkshake SK4,0108408,0.243,230ml,MCENNEDY,0.99,,,4.3,20573140,Hrana,"0,99"
Keksiæi u posudi SK1,0108652,0.6,600g,Favorina,3.3,,,5.5,20615062,Hrana,"3,99"
Keksiæi u posudi SK1,0108652,0.6,600g,Favorina,3.3,,,5.5,20615079,Hrana,"3,99"
Premium Sol u mlincu SK11,0108674,0.153,"180g,70g",Deluxe,3.59,,,51.29,20611781,Hrana,"3,89"
Maslac za usne SK10,0112665,0.008,"3,3ml",Cien,2.49,,,2.49,20907860,Kozmetika,"2,49"
Tvrdi planinski sir SK1,0113436,0.2,200g,Alpenfest,2.29,,,11.45,20643942,Hrana,"2,29"
MSC Tuna  Steak (Yellowfin),0115093,0.25,250g,Grillmeister,4.65,,,18.6,4056489346050,Hrana,"5,59"
Keksi s kremom od vanilije,0115227,0.5,500g,Sondey,1.99,,,3.98,20627096,Hrana,"1,99"
Sirni namaz SK27,0115249,0.11,"100g,125g",Alpenfest,1.89,,,18.9,20476939,Hrana,"1,79"
"Gumene rukavice, 2 para SK3",0115731,0.066,4komad,W5,0.99,,,0.25,20655037,Proizvodi za kuæanstvo,"0,99"
Focaccini SK1,0115956,0.3,300g,Chef Select,1.99,,,6.63,20696887,Hrana,"1,99"
ASC Dimljena pastrva SK1,0116232,0.125,125g,Nautica,3.59,,,28.72,4056489417910,Hrana,"2,99"
Sjenilo za oèi SK1,0116878,0.003,3g,Cien,1.58,,,1.58,20657116,Kozmetika,"1,58"
Vruæa èokolada na štapiæu SK2,0118894,0.06,60g,Deluxe,1.59,,,26.5,20158194,Hrana,"1,59"
Vruæa èokolada na štapiæu SK2,0118894,0.06,60g,Deluxe,1.59,,,26.5,20725327,Hrana,"1,59"
Vruæa èokolada na štapiæu SK2,0118894,0.06,60g,Deluxe,1.59,,,26.5,20725334,Hrana,"1,59"
Hummus SK1,0119130,0.2,200g,1001 delights,1.39,,,6.95,20757809,Hrana,"1,49"
Bulgur Salata SK5,0119137,0.213,"200g,250g",Chef Select,1.89,,,7.56,4056489008651,Hrana,"1,79"
Zeleni èaj UTZ SK21,0119798,0.044,"25x1,75g",Lord Nelson,1.59,,,1.59,20769604,Piæe,"1,29"
Riesling Washington State,0122092,0.75,"0,75l",Cimarosa,4.99,,,6.65,4056489440055,Piæe,"4,99"
Tamna èokolada s 95% kakaa,0122201,0.125,125g,J.D. Gross,3.69,,,29.52,20815882,Hrana,"3,69"
Limun/Èokol. desert SK2,0122380,0.475,"450g,500g",Deluxe,3.79,,,8.42,20553043,Hrana,"3,79"
Tekuæi jogurt  SK8,0122949,0.85,850g,Milbona,1.89,,,2.22,20817381,Hrana,"1,89"
Riblji štapiæi bez glutena,0123307,0.3,300g,Ocean Sea,3.99,,,13.3,20828738,Hrana,"3,99"
Energy Drink Zero,0123682,0.5,"0,5l",-,0.99,,,1.98,4304493264335,Piæe,"0,99"
Ayran classic,0123703,0.25,250ml,1001 delights,0.59,,,2.36,20860608,Hrana,"0,59"
Uskršnji keksi,0124090,0.175,175g,Favorina,1.49,,,8.51,20851477,Hrana,"1,49"
Krokant SK1,0124350,0.1,100g,Belbake,1.29,,,12.9,20840143,Hrana,"0,99"
Mini Mix gumenih bombona SK5,0124407,0.3,300g,Sweet Corner,2.69,,,8.97,20754075,Hrana,"2,69"
Emmentaler komad,0124435,0.4,400g,Milbona,3.99,,,9.98,20691660,Hrana,"3,99"
"Filet lososa s kožom, cca. 200-400g",0124551,1,ca. 200-400g,-,,14.99,19.99,14.99,2845517000000,Hrana,"19,99"
Maasdamer komad,0127613,0.4,400g,Milbona,4.29,,,10.73,20906665,Hrana,Nije_bilo_u_prodaji_02.05.2025
"Seljaèka šunka, dimljena SK10",0127892,0.08,80g,Dulano,1.79,,,22.38,20908393,Hrana,"1,59"
"Seljaèka šunka, dimljena SK10",0127892,0.08,80g,Dulano,1.79,,,22.38,20908409,Hrana,"1,59"
Krema za ruke Tradition SK5,0128286,0.03,30ml,Cien,1.29,,,1.29,20903183,Kozmetika,"1,29"
Glossy Gel Lak za nokte SK18,0128299,0.011,11ml,Cien Beauty,1.15,,,1.15,4056489269809,Kozmetika,"1,15"
Glossy Gel Lak za nokte SK18,0128299,0.011,11ml,Cien Beauty,1.15,,,1.15,4056489273042,Kozmetika,"1,15"
Glossy Gel Lak za nokte SK18,0128299,0.011,11ml,Cien Beauty,1.15,,,1.15,4056489751458,Kozmetika,"1,15"
Glossy Gel Lak za nokte SK18,0128299,0.011,11ml,Cien Beauty,1.15,,,1.15,4056489751472,Kozmetika,"1,15"
Bio integralni hrskavi kruh SK1,0128524,0.2,200g,Tastino,2.39,,,11.95,20918286,Hrana,"2,39"
Svinjska koljenica Sous vide,0128564,0.6,600g,Alpenfest,4.99,,,8.32,20918552,Hrana,"4,99"
Nero d'Avola DOC Sicilia,0128628,0.75,"0,75l",CORTE AURELIO,3.99,,,5.32,4056489220527,Piæe,"3,49"
Nero d'Avola DOC Sicilia,0128628,0.75,"0,75l",CORTE AURELIO,3.99,,,5.32,4056489546566,Piæe,"3,49"
Veganska pizza SK1,0129141,0.37,"350g,390g",Vemondo,1.99,,,5.1,20864842,Hrana,"1,59"
Veganska pizza SK1,0129141,0.37,"350g,390g",Vemondo,1.99,,,5.69,4056489451136,Hrana,"1,59"
Suha hrana za pse govedina XXL,0131301,13,13kg,Bellosan,9.99,,,0.77,20762025,Proizvodi za kuæanstvo,"9,99"
Müsli SK67,0131337,0.75,750g,Crownfield,3.69,,,4.92,20071943,Hrana,"3,69"
Vreæice za zamrzavanje [50µ] SK2,0131735,0.132,"15komad,20komad",Aromata,1.23,,,0.06,20991319,Proizvodi za kuæanstvo,"1,85"
Kikiriki u èokoladi sa šeæ. prelj.,0132367,0.25,250g,Mister Choc,2.59,,,10.36,20998264,Hrana,"2,99"
Sol za posipanje,0132497,10,10kg,,3.32,,,3.32,4001475752100,Proizvodi za kuæanstvo,"3,32"
"Svinjski kare, cca. 1100-1800g",0132526,1,ca.1100-1800g,,2.99,,,2.99,2865371000000,Hrana,"4,75"
"Svinjski vrat bk, cca.600-1600g",0132527,1,cca.600-1600g,,4.15,,,4.15,2865355000000,Hrana,Nije_bilo_u_prodaji_02.05.2025
Njega za zube SK12,0132608,0.046,"1komad,6komad",Dentalux,1.99,,,1.99,20525101,Kozmetika,"1,99"
Konac za zube SK15,0132609,0.028,1komad,Dentalux,1.85,,,1.85,40899329,Kozmetika,"1,85"
Sušene rajèice SK1,0132790,0.1,100g,Italiamo,2.19,,,21.9,20089405,Hrana,"2,19"
Risotto SK2,0132819,0.175,175g,Italiamo,1.89,,,10.8,40877457,Hrana,"1,89"
Hairvital Regenerator za kosu SK5,0133014,0.248,250ml,Cien,1.49,,,5.96,20978457,Kozmetika,"1,49"
Hairvital Regenerator za kosu SK5,0133014,0.248,250ml,Cien,1.49,,,5.96,20978471,Kozmetika,"1,49"
Premium Vodka  40%,0135134,0.47,"0,5l",Korol,5.49,,,10.98,4304493263116,Piæe,"5,49"
Pomfrit od batata,0135175,0.5,500g,Harvest Basket,2.99,,,5.98,20918712,Hrana,"2,99"
Pomfrit od batata,0135175,0.5,500g,Harvest Basket,2.99,,,5.98,4056489150398,Hrana,"2,99"
Pacifièke kozice u umaku SK12,0135387,0.1,100g,Vitasia,2.69,,,26.9,20134242,Hrana,"2,69"
Pacifièke kozice u umaku SK12,0135387,0.1,100g,Vitasia,2.69,,,26.9,4056489186489,Hrana,"2,69"
Dimljeni losos XXL,0135463,0.22,220g,Nautica,5.49,,,24.95,4335619207646,Hrana,"6,89"
Voæni èaj 30% UTZ,0135748,0.075,25x3g,Lord Nelson,1.39,,,18.53,40899237,Piæe,"1,39"
Tablete za strojno pranje posuða,0135958,0.9,60x15g,W5,5.29,,,5.88,20058784,Sredstva za èišæenje,"5,29"
Tekuæi det. za pr. rublja SK1 27pr.,0136086,1.53,"1,485l",Formil,3.85,,,2.59,4056489186618,Sredstva za èišæenje,"3,85"
Jednokratne rukavice SK3,0136355,0.373,100komad,W5,5.99,,,0.06,4056489697220,Proizvodi za kuæanstvo,"5,99"
Prirodni regenerator za kosu SK3,0136838,0.25,250ml,Cien,1.79,,,7.16,4056489254782,Kozmetika,"1,79"
Maramice za èišæenje prašine,0136874,0.092,24komad,W5,0.99,,,0.04,20089399,Proizvodi za kuæanstvo,"0,99"
Mimolette Polutvrdi sir,0137096,0.2,200g,,3.98,,,19.9,3228022180129,Hrana,"3,98"
Riblji tapas s umakom SK7,0140211,0.1,100g,Vitasia,2.49,,,24.9,20249472,Hrana,"2,49"
Svježi sir SK16,0140323,0.3,300g,Milbona,2.19,,,7.3,4334035442242,Hrana,"1,99"
Svježi sir SK16,0140323,0.3,300g,Milbona,2.19,,,7.3,4335619134256,Hrana,"1,99"
Višenamjenska krpa za èišæenje,0140657,0.076,4komad,W5,1.79,,,0.45,20263737,Proizvodi za kuæanstvo,"1,79"
RSA Western Cape muškat,0141041,0.75,"0,75l",Cimarosa,3.99,,,5.32,4056489012184,Piæe,"2,89"
Hrana za pse SK1,0141357,0.4,4x100g,Orlando Pure Taste,1.99,,,4.98,20305673,Proizvodi za kuæanstvo,"2,39"
Agragold Zucker,0141457,10,10x1kg,,6.99,,,6.99,9007829025109,Hrana,Nije_bilo_u_prodaji_02.05.2025
Pure Taste Suha hrana za maèke SK1 ,0141827,0.4,400g,Coshida Pure Taste,1.99,,,4.98,4056489017127,Proizvodi za kuæanstvo,"1,99"
Picco Pizzi SK26,0146099,0.36,360g,Trattoria Alfredo,3.99,,,11.08,40891460,Hrana,"3,99"
Proteinski namaz SK1,0148680,0.2,200g,Mister Choc,2.99,,,14.95,4056489167600,Hrana,Nije_bilo_u_prodaji_02.05.2025
Francuski specijaliteti SK1,0148724,0.08,80g,Duc de Coeur,2.69,,,33.63,4056489168058,Hrana,"2,69"
Loptice svježi sir SK1,0149574,0.24,240g,Deluxe,2.69,,,11.21,4056489186496,Hrana,"2,69"
Loptice svježi sir SK1,0149574,0.24,240g,Deluxe,2.69,,,11.21,4056489186502,Hrana,"2,69"
Premium biljni liker 38%,0149604,0.7,"0,7l",Jagdstolz,6.39,,,9.13,4304493264854,Piæe,"6,39"
Mini pizza SK1,0150165,0.222,"212g,232g",Trattoria Alfredo,2.69,,,1.16,4056489199397,Hrana,"2,49"
"Orašasti plodovi, kandirani SK3",0150218,0.2,200g,Alpenfest,2.29,,,11.45,4056489201816,Hrana,"2,19"
Premium suha hrana za maèke SK6,0150382,0.8,800g,Coshida Selection,2.79,,,3.49,4056489591719,Proizvodi za kuæanstvo,"2,79"
Dezodorans SK17,0150789,0.052,50ml,Cien,0.99,,,19.8,4056489425199,Kozmetika,"1,05"
Dezodorans SK17,0150789,0.052,50ml,Cien,0.99,,,19.8,4335619175488,Kozmetika,"1,05"
High protein jogurt SK4,0150828,0.2,200g,Milbona,0.99,,,4.95,4056489258353,Hrana,"0,99"
High protein jogurt SK4,0150828,0.2,200g,Milbona,0.99,,,4.95,4056489258360,Hrana,"0,99"
Steakhouse pomfrit WS SK1,0150995,0.75,750g,MCENNEDY,2.79,,,3.72,4056489195771,Hrana,"2,79"
Deterdžent za pranje rublja 112pr.,0151386,8.4,"8,4kg",Formil,10.75,,,1.28,4056489225409,Sredstva za èišæenje,"10,75"
Deterdžent za pr. oboj. rublja 50pr,0151387,3.75,"3,75kg",Formil Basic,5.69,,,1.52,4056489225416,Sredstva za èišæenje,"5,69"
Japanska mješavina rižinih krekera,0154102,0.25,250g,Alesto,1.99,,,7.96,20317171,Hrana,"1,99"
Slatki kikiriki XXL,0154118,0.35,350g,Alesto,1.69,,,4.83,20337698,Hrana,"1,99"
Mljevena kava SK4,0154291,0.25,250g,Bellarom,4.99,,,19.96,4056489708940,Piæe,"4,99"
Zaèini SK1,0154517,0.127,"100g,120g,140g,130g",Kania,1.69,,,12.07,4056489279426,Hrana,"1,69"
Zaèini SK1,0154517,0.127,"100g,120g,140g,130g",Kania,1.69,,,16.9,4056489279440,Hrana,"1,69"
Zaèini SK1,0154517,0.127,"100g,120g,140g,130g",Kania,1.69,,,12.07,4056489279457,Hrana,"1,69"
Mljeveni kajenski papar / Chili,0154545,0.045,45g,Kania,0.99,,,0.99,4056489411888,Hrana,"0,99"
Bio Müsli SK13,0155017,0.5,500g,Crownfield,4.29,,,8.58,4056489296805,Hrana,"4,29"
Bio Müsli SK13,0155017,0.5,500g,Crownfield,4.29,,,8.58,4056489300786,Hrana,"4,29"
Spužva za pranje posuða SK3,0155075,0.056,6komad,W5,0.85,,,0.14,4056489299097,Proizvodi za kuæanstvo,"0,75"
Morski plodovi marinirani,0155811,0.3,300g,Deluxe,3.59,,,11.97,4056489351610,Hrana,"3,59"
Praline SK2,0156123,0.14,140g,J.D. Gross,3.99,,,28.5,4056489601005,Hrana,"3,99"
Losos u lisnatom SK1,0156223,0.7,700g,Deluxe,10.99,,,15.7,4056489314745,Hrana,"8,69"
Kalifornijske pistacije XXL,0156339,0.5,500g,Alesto,6.59,,,13.18,4335619014497,Hrana,"6,59"
Sredstvo za èišæenje sa spužvom SK1,0156905,0.425,"300g,400g,500g",W5,2.39,,,0.6,4056489322832,Sredstva za èišæenje,"2,39"
Sredstvo za èišæenje sa spužvom SK1,0156905,0.425,"300g,400g,500g",W5,2.39,,,0.48,4056489322849,Sredstva za èišæenje,"2,39"
High Protein Pizza SK3,0156963,0.264,"254g,274g",Trattoria Alfredo,3.99,,,15.71,4056489539780,Hrana,"3,99"
High Protein Pizza SK3,0156963,0.264,"254g,274g",Trattoria Alfredo,3.99,,,1.46,4056489539780,Hrana,"3,99"
Umaci SK1,0156969,0.2,200g,Let's have a party!,1.39,,,6.95,4056489322917,Hrana,"1,09"
XXL file lososa s kožom,0157235,1,8x125g,-,15.99,,,15.99,4335619173323,Hrana,Nije_bilo_u_prodaji_02.05.2025
Osvježivaè za hladnjak,0157292,0.04,40g,W5,1.29,,,32.25,4056489329022,Sredstva za èišæenje,"1,29"
Osvježivaè za hladnjak,0157292,0.04,40g,W5,1.29,,,32.25,4056489849797,Sredstva za èišæenje,"1,29"
WC Osvježivaè 2x48g SK10,0157484,0.096,2x48g,W5,1.55,,,16.15,4056489339298,Sredstva za èišæenje,"1,45"
Deterdžent za pranje rublja SK1,0157797,5.4,5l,Formil,10.99,,,0.11,4056489451372,Sredstva za èišæenje,"8,59"
Deterdžent za pranje rublja SK3,0157957,2.2,"2,2l",Formil,4.79,,,2.18,4056489849032,Sredstva za èišæenje,"4,99"
Božiæne šeæerne dekoracije SK5,0158076,0.01,10g,Belbake,4.99,,,499,4056489344926,Hrana,"4,99"
Nature Šampon za kosu SK1,0158151,0.21,200ml,Cien Nature,2.29,,,11.45,4056489329763,Kozmetika,"2,29"
Tjestenina SK1,0162218,0.5,500g,Deluxe,2.69,,,5.38,4335619201866,Hrana,"2,69"
Ayran jogurt tekuæi,0162443,1.026,1l,1001 delights,1.39,,,1.39,4056489437604,Hrana,"1,39"
Napitak ružièaste guave 25%,0162466,1.04,1l,El Tequito,1.99,,,1.99,4056489439660,Piæe,"1,89"
Smarties muffin,0162731,0.12,4x30g,,3.29,,,27.42,4056489441137,Hrana,"3,29"
Veganski pesto umak SK1,0162808,0.19,190g,Vemondo,1.49,,,7.84,4056489441298,Hrana,"1,59"
Pesto XXL SK1,0162835,0.55,550g,Baresa,3.99,,,7.25,4056489441403,Hrana,"3,99"
Bezglutensko tijesto za pizzu ,0163174,0.26,260g,Chef Select,2.49,,,9.58,4056489447214,Hrana,"2,49"
TK Falafel SK1 ,0163501,0.3,300g,Vemondo,2.59,,,8.63,4056489451778,Hrana,"2,59"
Veganska gotova jela SK6,0164813,0.6,600g,Vemondo,3.79,,,6.32,20934149,Hrana,"3,79"
Mediteranski mix predjela,0165147,0.4,400g,Eridanous,3.69,,,9.23,4056489463337,Hrana,"3,69"
Germ knedle SK3,5003458,0.56,560g,Alpenfest,3.39,,,6.05,20751982,Hrana,"2,99"
Salama specijaliteti SK1,5006858,0.1,100g,Alpenfest,1.99,,,19.9,4056489055099,Hrana,"1,99"
High protein napitak SK4,5007051,0.35,350g,Milbona,1.39,,,3.97,4335619038592,Hrana,"1,29"
Knedle sa sviježim sirom SK1,5008681,0.41,410g,Alpenfest,2.79,,,6.8,4056489117650,Hrana,"2,79"
L.Casei Active Drink SK1,5010625,0.4,4x100g,Milbona,1.35,,,3.38,4056489630807,Hrana,"1,35"
Senf Estragon,5010805,0.33,330g,Kania,1.49,,,4.52,4056489456513,Hrana,"1,49"
Tilsiter komad OG,5010999,0.4,400g,Milbona,4.75,,,11.88,4056489862338,Hrana,"4,69"
Bio zrnati sir,5108134,0.2,200g,Milbona,1.39,,,6.95,4056489187813,Hrana,"1,39"
Kolaèi SK2,5111625,0.107,"100g,120g",Deluxe,2.46,,,24.6,4056489615880,Hrana,Nije_bilo_u_prodaji_02.05.2025
Baklava,5200062,0.25,250g,Deluxe,4.99,,,19.96,20347925,Hrana,"4,59"
Sirevi SK1,5200709,0.14,140g,Hatherwood,2.99,,,21.36,4056489712022,Hrana,"2,99"
Sirevi SK1,5200709,0.14,140g,Hatherwood,2.99,,,21.36,4056489712046,Hrana,"2,99"
Cheddar sir SK2,5200949,0.15,150g,Milbona,2.69,,,17.93,20575335,Hrana,"2,39"
Cake Angels Ukrasi za tortu SK2,5202468,0.113,"102g,113g,123g",,3.49,,,34.22,5030101027939,Hrana,"3,29"
Žitne pahuljice SK3,5501912,0.25,250g,Crownfield,1.49,,,5.96,20290436,Hrana,"1,69"
Jogurt grèkog tipa 10% m.m.,5502370,0.4,400g,Pilos,1.49,,,3.73,20261382,Hrana,"1,39"
Riblji namaz SK6,5502752,0.08,80g,Chef Select,0.89,,,11.13,20857622,Hrana,"0,89"
Hrenovke XXL,5505584,0.92,920g,Pikok,5.99,,,6.51,20763039,Hrana,"6,29"
Osvježivaè zraka SK4,5507867,0.425,425g,W5,1.69,,,3.98,20931513,Sredstva za èišæenje,"1,69"
Osvježivaè zraka SK4,5507867,0.425,425g,W5,1.69,,,3.98,4056489878551,Sredstva za èišæenje,"1,69"
Osvježivaè zraka SK1,5513690,0.182,300ml,W5,2.8,,,9.33,20012502,Sredstva za èišæenje,Nije_bilo_u_prodaji_02.05.2025
Tekuæi sapun SK9,5514468,0.52,500ml,Cien,0.79,,,1.58,4056489622482,Kozmetika,"0,89"
"Šam., gel i kupka 3u1 SK6",5516395,0.515,500ml,Cien,1.69,,,3.38,4335619008311,Kozmetika,"1,69"
Vlažne maramice za èišæenje SK3,5516867,0.439,"50komad,60komad",W5,1.59,,,0.03,4056489783848,Proizvodi za kuæanstvo,"1,49"
Margarin kocka 70%,5517827,0.25,250g,Vita D'or,0.7,,,2.8,20425197,Hrana,"0,89"
"Lak za nokte ""Valentinovo"" SK2",5518746,0.009,8ml,Cien,0.99,,,0.99,5901801641513,Kozmetika,"0,89"
"Lak za nokte ""Valentinovo"" SK2",5518746,0.009,8ml,Cien,0.99,,,0.99,5901801641551,Kozmetika,"0,89"
"Lak za nokte ""Valentinovo"" SK2",5518746,0.009,8ml,Cien,0.99,,,0.99,5901801652434,Kozmetika,"0,89"
"Lak za nokte ""Valentinovo"" SK2",5518746,0.009,8ml,Cien,0.99,,,0.99,5901801652465,Kozmetika,"0,89"
"Lak za nokte ""Valentinovo"" SK2",5518746,0.009,8ml,Cien,0.99,,,0.99,5901801652489,Kozmetika,"0,89"
"Lak za nokte ""Valentinovo"" SK2",5518746,0.009,8ml,Cien,0.99,,,0.99,5901801652519,Kozmetika,"0,89"
Radler Limun Menta Vol. 0%,5519352,0.499,"0,5l",Argus,0.79,,,1.58,4335619260825,Piæe,"0,75"
Hopa Cao napitak s kakaom,5522160,0.5,500g,Bellarom,2.79,,,5.58,4335619298293,Piæe,"2,49"
Èokoladna uskršnja jaja,5602899,0.13,130g,Favorina,2.79,,,21.46,20638252,Hrana,"2,79"
Sapun iz Provanse SK10,5603194,0.1,100g,Duc de Coeur,0.79,,,7.9,4056489566274,Kozmetika,"0,79"
Sapun iz Provanse SK10,5603194,0.1,100g,Duc de Coeur,0.79,,,7.9,4056489566298,Kozmetika,"0,79"
Pizza Tartifette,5606355,0.45,450g,Duc de Coeur,2.79,,,6.2,20056285,Hrana,"2,79"
Kesten krema,5606587,0.325,325g,Deluxe,1.99,,,6.12,20292829,Hrana,"2,49"
Savaron sir,5606831,0.3,300g,Duc de Coeur,3.99,,,13.3,3271560012094,Hrana,"3,58"
Salama SK1,5609643,0.075,75g,Duc de Coeur,1.48,,,19.73,4056489040583,Hrana,Nije_bilo_u_prodaji_02.05.2025
"Sir, cca.175g",5610875,1,cca. 175g,Deluxe,34.06,,,34.06,2846530000000,Hrana,Nije_bilo_u_prodaji_02.05.2025
Quiche Lorraine,5617735,0.4,400g,Duc de Coeur,2.39,,,5.98,4056489759393,Hrana,"2,39"
Losos u lisnatom sa špinatom,5617858,0.5,500g,Duc de Coeur,5.99,,,11.98,20594459,Hrana,"5,99"
Bordeaux Château les Tuileries 2022,5618922,0.75,"0,75l",,3.49,,,4.65,4304493260269,Piæe,"3,49"
Lisnato tijesto losos/poriluk,5619716,0.36,360g,Deluxe,2.37,,,6.58,4056489970026,Hrana,Nije_bilo_u_prodaji_02.05.2025
Francuski sir SK1,5622210,0.168,"150g,170g,200g",,3.65,,,24.33,3492848348005,Hrana,Nije_bilo_u_prodaji_02.05.2025
Francuski sir SK1,5622210,0.168,"150g,170g,200g",,3.65,,,21.47,3492848348005,Hrana,Nije_bilo_u_prodaji_02.05.2025
Francuski sir SK1,5622210,0.168,"150g,170g,200g",,3.65,,,24.33,3492848349002,Hrana,Nije_bilo_u_prodaji_02.05.2025
Puding s keksom,5700100,0.5,4x125g,Sol&Mar,1.79,,,3.58,20349240,Hrana,"1,79"
"Masline bez koštica SK1, OM 170g",5700192,0.34,370ml,Baresa,1.59,,,9.35,20443382,Hrana,"1,39"
Zel. masline punj. paprikom OM 150g,5708903,0.35,370ml,Baresa,1.39,,,9.27,4056489120933,Hrana,"1,39"
Serrano šunka Gran Reserva,5709324,0.15,150g,Deluxe,3.69,,,24.6,4056489140160,Hrana,"3,99"
Maria Orginal XXL (suncokret. ulje),5712066,1,5x200g,Sondey,2.99,,,2.99,4056489746980,Hrana,"2,99"
"Španjolski pršut, narezak",5714225,0.1,100g,,2.39,,,23.9,4056489512257,Hrana,Nije_bilo_u_prodaji_02.05.2025
Proteinski štapiæ (280ml) SK1,5715036,0.182,"4x45,5g",Gelatelli,4.49,,,24.67,4056489576266,Hrana,"4,49"
BIO Wellness èaj SK8,5716102,0.024,12x2g,Lord Nelson,2.39,,,99.58,20189112,Piæe,"2,99"
Èokoladna krema SK1,5716262,0.13,130g,Deluxe,1.79,,,13.77,4056489689881,Hrana,"1,79"
Mirisni štapiæi za prostor SK11,5717281,0.046,50ml,W5,1.69,,,33.8,4056489690283,Sredstva za èišæenje,"1,69"
Mirisni štapiæi za prostor SK11,5717281,0.046,50ml,W5,1.69,,,33.8,4056489801443,Sredstva za èišæenje,"1,69"
Puding vanilija High protein,5717829,0.5,4x125g,Milbona,2.49,,,4.98,4056489801788,Hrana,"1,99"
Pistacije s èokoladom SK2,5718988,0.15,150g,Italiamo,3.29,,,21.93,4056489964407,Hrana,"3,79"
Gel za tuširanje Argan XXL,5719008,1.236,1200ml,Cien,1.79,,,1.49,4056489964858,Kozmetika,Nije_bilo_u_prodaji_02.05.2025
Premium gyoza SK 3,5719960,0.162,"170g,154g",Deluxe,3.39,,,22.01,4335619075733,Hrana,Nije_bilo_u_prodaji_02.05.2025
Kocke za juhu SK2,5720527,0.72,720g,Kania,4.39,,,6.1,4056489688914,Hrana,"4,39"
"Èokoladno jaje, SK2",6008597,0.25,250g,Favorina,4.49,,,17.96,4056489419587,Hrana,"4,49"
"Èokoladno jaje, SK2",6008597,0.25,250g,Favorina,4.49,,,17.96,4056489419594,Hrana,"4,49"
Bio napitak od badema,6008600,1.01,1l,Vemondo,1.99,,,1.99,20050894,Hrana,"1,99"
Strolghino salama s tartufima,6009589,0.2,200g,Deluxe,6.99,,,34.95,4056489099703,Hrana,Nije_bilo_u_prodaji_02.05.2025
Depilacijske trake SK4,6009602,0.057,"16komad,32komad,40komad",Cien,1.99,,,0.12,4056489523574,Kozmetika,"1,99"
Depilacijske trake SK4,6009602,0.057,"16komad,32komad,40komad",Cien,1.99,,,0.06,4056489523574,Kozmetika,"1,99"
Burrata,6010320,0.125,125g,Milbona,2.29,,,18.32,4056489163534,Hrana,"2,29"
Svježi Panzerotti SK55,6012356,0.25,250g,Italiamo,1.79,,,7.16,4056489420491,Hrana,"1,79"
Culurgiones s vrganjima,6012999,0.3,300g,Deluxe,1.75,,,5.83,4056489469575,Hrana,"1,75"
Njoki bez glutena,6013152,0.4,2x200g,Chef Select,1.25,,,3.13,4056489522980,Hrana,"1,25"
Namaz od pistacija,6013376,0.19,190g,Deluxe,3.99,,,21,4056489721413,Hrana,"3,99"
Bufala stracciatella sir,6014172,0.15,150g,Deluxe,2.29,,,15.27,4056489525684,Hrana,"2,29"
Punjeni njoke SK9,6014684,0.5,500g,Deluxe,2.29,,,4.58,20969363,Hrana,"2,29"
Svinjski file s marmeladom od nara.,6016059,0.09,90g,Deluxe,1.95,,,21.67,4056489796824,Hrana,Nije_bilo_u_prodaji_02.05.2025
"Burger s leæom, bund. i suš. rajè.",6017083,0.16,2x80g,Vemondo,2.09,,,13.06,4335619023352,Hrana,"2,09"
Miris za rublje SK2,6017284,0.25,250ml,Doussy,2.49,,,9.96,4335619027558,Sredstva za èišæenje,"2,99"
Miris za rublje SK2,6017284,0.25,250ml,Doussy,2.49,,,9.96,4335619027589,Sredstva za èišæenje,"2,99"
Pandoro s Giandujom,6019385,0.75,750g,Deluxe,6.09,,,8.12,4335619244597,Hrana,Nije_bilo_u_prodaji_02.05.2025
Crni papar u zrnu,6402799,0.014,14g,Kania,0.37,,,0.37,20756376,Hrana,"0,37"
Kokice s okusom maslaca,6402919,0.3,3x100g,Snack Day,1.39,,,4.63,20948931,Hrana,"1,39"
Stolno crno vino,6402930,2,2l,-,3.29,,,1.65,4056489338086,Piæe,"2,99"
Voæni prutiæi SK13,6403633,0.15,5x30g,Alesto,1.99,,,13.27,20755263,Hrana,"1,99"
Francuski Mix bez kukuruza,6403695,1,1000g,Freshona,2.49,,,2.49,4056489157663,Hrana,"2,39"
Goldenfood Sv. patka s iznutricama,6404499,1,ca.3 kg,,4.49,,,4.49,2838525000000,Hrana,"2,95"
Goldenfood Sv. patka s iznutricama,6404499,1,ca.3 kg,,4.49,,,4.49,2838528000000,Hrana,"2,95"
Goldenfood Sv. patka s iznutricama,6404499,1,ca.3 kg,,4.49,,,4.49,2838529000000,Hrana,"2,95"
Sok od jabuke 100%,6405077,1,1l,Solevita,1.59,,,1.59,20949785,Piæe,"1,59"
Debreciner kobasice,6405288,0.3,300g,Kuljanka,2.29,,,7.63,20755744,Hrana,"2,39"
"Svježi pureæi file, 850g",6406797,0.85,850g,-,8.99,,,10.58,20170332,Hrana,"8,99"
"Pureæi batak, cca. 750g",6406798,1,ca. 750g,-,4.19,,,4.19,2881964000000,Hrana,"3,99"
"Pureæi batak, cca. 750g",6406798,1,ca. 750g,-,4.19,,,4.19,2881969000000,Hrana,"3,99"
"Pureæi batak, cca. 750g",6406798,1,ca. 750g,-,4.19,,,4.19,2895890000000,Hrana,"3,99"
"Pureæa krila s kosti, cca. 750g",6406819,1,ca.750g,-,4.19,,,4.19,2874870000000,Hrana,"3,89"
Bitter Lemon,6406961,1.5,"1,5l",Freeway,1.39,,,0.93,4056489070917,Piæe,"1,39"
Miris za auto SK3,6700767,0.007,1komad,W5,0.79,,,0.79,20591144,Sredstva za èišæenje,"0,79"
Voda s okusom naranèe,6701346,1.5,"1,5l",Saguaro,0.89,,,0.59,4335619059788,Piæe,"0,85"
Sredstvo za uklanjanje plijesni,6702328,0.533,500ml,W5,1.99,,,3.98,20671785,Sredstva za èišæenje,Nije_bilo_u_prodaji_02.05.2025
Salama s lješnjacima,6703845,0.5,500g,Deluxe,5.49,,,10.98,20837532,Hrana,"5,49"
Praška šunka XXL,6704425,0.3,300g,Pikok,3.69,,,12.3,20838201,Hrana,"3,69"
Paèja pašteta,6704745,0.23,230g,Deluxe,2.79,,,12.13,20838423,Hrana,"3,49"
Zobena kaša super food SK2,6706365,0.065,65g,Crownfield,0.59,,,9.08,20839505,Hrana,"0,59"
Zobena kaša s jabukom i cimetom,6706568,0.065,65g,Crownfield,0.39,,,6,20107567,Hrana,"0,45"
Kuhana šunka 95%,6707522,0.1,100g,Pikok Pure,1.39,,,13.9,4056489063513,Hrana,"1,49"
Mozzarella Mini,6708449,0.285,150g,Pilos,1.65,,,11,4056489580591,Hrana,"1,55"
Müsli ploèice malina,6714742,0.03,30g,Crownfield,0.29,,,0.29,4056489724353,Hrana,"0,29"
"Kuhana šunka, obiteljsko pakiranje",6715552,0.3,300g,Pikok,2.19,,,7.3,4056489725664,Hrana,"1,99"
Slani pereci,6717811,0.15,150g,Alpenfest,1.19,,,7.93,4335619058958,Hrana,"0,99"
Prašak za pecivo,6807138,0.05,5x10g,Belbake,0.39,,,7.8,4056489294405,Hrana,"0,39"
Meteor Varikina Cekina,6900203,1.15,1l,,1.49,,,1.49,3859888110168,Sredstva za èišæenje,"1,45"
Juneæi odrezak iz buta,6900297,0.45,450g,Naša mesnica,7.99,,,17.76,20339999,Hrana,"7,99"
Buðola,6900635,1,ca. 600g,Okusi zavièaja,19.69,,,19.69,2206350000000,Hrana,"19,69"
Buðola,6900635,1,ca. 600g,Okusi zavièaja,19.69,,,19.69,2838720000000,Hrana,"19,69"
Podravka Goveða juha s tjesteninom,6900740,0.065,65g,,0.89,,,13.69,3850104003134,Hrana,"0,99"
Fant Fix Grah i Variva umak,6900769,0.06,60g,,1.39,,,23.17,3850104075759,Hrana,"1,39"
"Cedevita Instant napitak, limun",6900825,1,1000g,,6.69,,,6.69,3850322015803,Piæe,"6,39"
Dezinfekcijske maramice za ruke,6900992,0.085,20komad,Floralys,0.59,,,0.03,20660420,Toaletne potrepštine,"0,59"
Argeta Pašteta od lososa,6901391,0.095,95g,,2.39,,,25.16,3838471013109,Hrana,"2,39"
Franck Èaj jabuka-cimet,6901465,0.06,60g,,2.29,,,38.17,3858881082694,Piæe,"2,29"
Franck Zeleni èaj,6901466,0.035,35g,,1.99,,,1.99,3858881083752,Piæe,"2,19"
Svježa maðarica XXL,6901517,0.85,850g,Okusi zavièaja,6.19,,,7.28,20778651,Hrana,"5,99"
Svježi posni sir XXL,6901554,1,1kg,Okusi zavièaja,2.69,,,2.69,3859890811459,Hrana,"2,69"
Mentol bomboni SK2,6901559,0.1,100g,Amanie,0.59,,,5.9,20778934,Hrana,"0,59"
Bruschetti Maretti s rajèicama,6901569,0.15,150g,,1.59,,,10.6,3800205872955,Hrana,"1,59"
Bruschette Maretti 4 vrste sira,6901572,0.15,150g,,1.25,,,8.33,3800205877561,Hrana,"1,25"
Èešnjovka/Dalmatinska kob. XXL SK1,6901672,0.4,400g,Okusi zavièaja,5.49,,,13.73,20779023,Hrana,"5,49"
"Gordons Dry Gin 37,5%",6901713,0.7,"0,7l",,20.49,,,29.27,5000289925440,Piæe,"18,99"
Šunka u ovitku,6901745,0.5,500g,Pikok,3.39,,,6.78,20778965,Hrana,"3,39"
Šunka u ovitku,6901745,0.5,500g,Pikok,3.39,,,6.78,4056489926443,Hrana,"3,39"
"Traminac, kvalitetno bijelo vino",6901756,0.75,"0,75l",Winemakers of Croatia,5.49,,,7.32,4304493256736,Piæe,"5,49"
Podravka èajna pašteta,6901760,0.095,95g,,0.89,,,9.37,3858886469209,Hrana,"0,89"
Krušne mrvice XXL,6901791,0.6,600g,Belbake,0.79,,,1.32,20779474,Hrana,"0,79"
XXL vrhnje za kuhanje 20% m.m.,6901810,1,1l,Pilos,2.99,,,2.99,4056489317166,Hrana,"2,89"
Èokoladni Truffle kolaèiæi,6901897,0.225,225g,Deluxe,2.99,,,13.29,20780180,Hrana,"2,99"
Èokoladni Truffle kolaèiæi,6901897,0.225,225g,Deluxe,2.99,,,13.29,3859892847203,Hrana,"2,99"
Domaæi ajvar,6901931,0.55,550g,Deluxe,6.39,,,11.62,20780265,Hrana,"6,63"
Domaæi ajvar,6901931,0.55,550g,Deluxe,6.39,,,11.62,4335619246386,Hrana,"6,63"
"Jogurt èvrsti 3,2% m.m.",6901955,0.9,900g,Pilos,1.89,,,2.1,20780579,Hrana,"1,69"
Svježi sir XXL,6901957,1,1kg,Okusi zavièaja,2.89,,,2.89,3859890811442,Hrana,"2,89"
"Franck Kava Jubilarna, mlj. 400g",6901972,0.4,400g,,8.29,,,20.73,3858881085596,Piæe,"8,29"
Nutella,6901980,0.75,750g,,5.69,,,7.59,4008400404127,Hrana,"5,49"
"Rosal Lip Balm SK1, 4,8g",6902002,0.005,"4,8g",,0.99,,,0.99,3856007908583,Kozmetika,"0,99"
Dukat b.Aktiv LGG jogurt natur,6902220,1,1kg,,2.99,,,2.99,3850354015819,Hrana,"2,82"
Zvijezda Majoneza 165g,6902241,0.165,165g,,2.49,,,15.09,3858882210263,Hrana,"2,29"
Barkleys Classic SK10,6902264,0.05,50g,,2.39,,,47.8,87313260,Hrana,"2,39"
Dukat b.Aktiv LGG Smoothie SK1,6902278,0.33,330g,,1.99,,,6.03,3850354004233,Hrana,"1,82"
Dukat b.Aktiv LGG Smoothie SK1,6902278,0.33,330g,,1.99,,,6.03,3850354013082,Hrana,"1,82"
Meggle Maslac sa zaèinskim biljem,6902301,0.125,125g,,2.99,,,23.92,40349251,Hrana,"2,99"
"Puèka kobasica, 750g",6902319,0.75,750g,Pikok,4.69,,,6.25,20781323,Hrana,"4,69"
"Jaja podni uzgoj, razred L, 10 kom.",6902414,0.68,10komad,Okusi zavièaja,2.99,,,0.3,4056489075004,Hrana,"2,69"
"Jaja podni uzgoj, razred L, 10 kom.",6902414,0.68,10komad,Okusi zavièaja,2.99,,,0.3,4056489316992,Hrana,"2,69"
Grah trešnjevac,6902459,0.5,500g,,1.79,,,3.58,20255503,Hrana,"1,99"
Drniške del. Maran Peèenica,6902480,1,cca. 400g,,20.99,,,20.99,3857500112613,Hrana,"20,99"
Gabriel Jogurt od kozjeg mlijeka,6902503,0.5,500ml,,1.79,,,3.58,3859892805555,Hrana,"1,79"
"Dimljena svinjska rebra, cca. 700g",6902571,1,ca. 700g,Pikok,7.96,,,7.96,2504581000000,Hrana,"7,96"
"Dimljena svinjska rebra, cca. 700g",6902571,1,ca. 700g,Pikok,7.96,,,7.96,2803054000000,Hrana,"7,96"
"Franck Jubilarna kava, mlj., 250g",6902572,0.25,250g,,5.39,,,21.56,3858881080263,Piæe,"5,39"
Sky Cola,6902574,2,2l,,1.79,,,0.9,3871059000481,Piæe,"1,79"
Iloèki Traminac,6902576,0.75,"0,75l",,8.05,,,10.73,3859889556538,Piæe,"6,69"
Jana Vitamin Immuno,6902592,0.5,"0,5l",,1.09,,,2.18,3858890871975,Piæe,"1,09"
Jana Vitamin Immuno,6902594,1.5,"1,5l",,1.79,,,1.19,3858890873085,Piæe,"1,79"
Jadro Napolitanke,6902658,0.43,430g,,3.19,,,7.42,3850102522545,Hrana,"3,19"
Pileæa posebna,6902748,1,1000g,Pikok,2.89,,,2.89,40894621,Hrana,"2,89"
"Panceta, cca. 350g",6902818,1,ca. 350g,Okusi zavièaja,11.9,,,11.9,2809100000000,Hrana,"11,9"
Zvijezda Suncokretovo ulje,6902824,3.68,4x1l,,5.99,,,1.5,3856015312044,Hrana,"5,99"
Zvijezda Suncokretovo ulje,6902824,3.68,4x1l,,5.99,,,1.5,3856015312860,Hrana,"5,99"
Pik Kuhana šunka 350g,6902836,0.35,350g,,3.49,,,9.97,3850139360028,Hrana,"3,49"
Pileæi ražnjiæi od filea,6902885,0.45,450g,Naša mesnica,5.29,,,11.76,4056489611073,Hrana,"5,09"
"PIK Fina Šunka, narezana, 150g",6902889,0.15,150g,,3.29,,,21.93,3850139250671,Hrana,"3,25"
Champ. Edition Štapiæi s kikirik.,6902955,0.15,150g,Snack Day,0.59,,,3.93,40894560,Hrana,"0,59"
Pik Domaæa dimljena kobasica XXL,6903025,0.4,400g,,3.39,,,8.48,3850139173697,Hrana,"3,39"
"Palmolive Gel za tuširanje, SK1",6903031,0.517,500ml,,4.49,,,8.98,3830055879064,Kozmetika,"4,25"
"Teleæi vrat s kosti, cca. 1kg",6903098,1,ca. 1kg,Naša mesnica,,8.89,10.99,8.89,2869021000000,Hrana,"4,78"
"Teleæi vrat s kosti, cca. 1kg",6903098,1,ca. 1kg,Naša mesnica,,8.89,10.99,8.89,2869022000000,Hrana,"4,78"
"Teleæi vrat s kosti, cca. 1kg",6903098,1,ca. 1kg,Naša mesnica,,8.89,10.99,8.89,2869025000000,Hrana,"4,78"
Koko Meso mlade kokoši,6903247,1,"ca. 1,1kg",,2.19,,,2.19,2819436000000,Hrana,"2,19"
Ketchup SK1,6903311,1,1000g,Kania,1.69,,,1.69,20251031,Hrana,"1,69"
Ketchup SK1,6903311,1,1000g,Kania,1.69,,,1.69,4056489610762,Hrana,"1,69"
"Le Coq Cocktail Cosmopolitan, 4,7%",6903701,0.33,"0,33l",,1.19,,,3.61,4740098090618,Piæe,"1,52"
Zvijezda Majoneza,6903779,0.4,400g,,4.29,,,10.73,3858882219020,Hrana,"3,99"
Flips s kikirikijem,6903840,0.04,40g,Snack Day,0.25,,,0.25,20251741,Hrana,"0,25"
Dekorativna traka 2m,6904165,0.039,1komad,,1.19,,,1.19,3856023014107,Proizvodi za kuæanstvo,"1,19"
Dekorativna traka 2m,6904165,0.039,1komad,,1.19,,,1.19,3858885895818,Proizvodi za kuæanstvo,"1,19"
Ukrasna vreæica 12x39x9cm,6904173,0.01,1komad,,0.89,,,0.89,3856023060609,Proizvodi za kuæanstvo,0.89
Ukrasna vreæica 32x26x12cm,6904180,0.1,1komad,,1.49,,,1.49,3856023020948,Proizvodi za kuæanstvo,"1,45"
Ukrasna vreæica 32x26x12cm,6904180,0.1,1komad,,1.49,,,1.49,3856023022942,Proizvodi za kuæanstvo,"1,45"
Ukrasna vreæica 32x26x12cm,6904180,0.1,1komad,,1.49,,,1.49,3856023029040,Proizvodi za kuæanstvo,"1,45"
Ukrasna vreæica 32x26x12cm,6904180,0.1,1komad,,1.49,,,1.49,3856023055858,Proizvodi za kuæanstvo,"1,45"
Ukrasna vreæica 32x26x12cm,6904180,0.1,1komad,,1.49,,,1.49,3856023060302,Proizvodi za kuæanstvo,"1,45"
Papir/folija 70x100cm,6904186,0.022,1komad,,1.29,,,1.29,3858888055868,Proizvodi za kuæanstvo,"1,19"
Celofan 70x100cm,6904190,0.02,1komad,,0.69,,,0.69,3858888053444,Proizvodi za kuæanstvo,"0,69"
Jägermeister Biljni liker 35%+2èaše,6904197,0.7,"0,7l",,14.99,,,21.41,3830033590066,Piæe,"13,99"
Triangle Snack slani SK1,6904309,0.05,50g,Snack Day,0.59,,,11.8,4056489074502,Hrana,"0,59"
Dolcela Suhi kvasac,6904507,0.007,7g,,0.55,,,0.55,3850104266003,Hrana,"0,55"
Vindi Juice rajèica 100% ,6904571,1,1000ml,,1.59,,,1.59,3850108074949,Piæe,"1,59"
Encian B-Kompleks,6904613,0.017,30komad,,3.55,,,0.12,3858890104080,Hrana,"3,55"
'z bregov Protein pud. kokos-badem,6904868,0.18,180g,,1.29,,,7.17,3850108040920,Hrana,"1,29"
BO Polubijeli domaæi kruh,6904897,0.4,400g,,0.59,,,1.48,4052917163152,Hrana,"0,59"
BO Polubijeli domaæi kruh,6904897,0.4,400g,,0.59,,,1.48,4052917946724,Hrana,"0,59"
Badel Pelinkovac Gorki 31%,6904981,0.1,"0,1l",,1.69,,,16.9,3850112110398,Piæe,"1,69"
Hipp BIO meni povræe/puretina,6905079,0.22,220g,,2.05,,,9.32,9062300103493,Hrana,"2,05"
Eye round steak,6905443,0.22,220g,Naša mesnica,5.69,,,25.86,4056489316923,Hrana,"5,29"
BO Kukuruzni miješ. kruh bez kvasca,6905465,0.4,400g,,1.45,,,3.63,3858884927084,Hrana,"1,45"
BO Kukuruzni miješ. kruh bez kvasca,6905465,0.4,400g,,1.45,,,3.63,3858884928937,Hrana,"1,45"
"Tuborg Svijetlo pivo 4,6%",6905524,3,"6x0,5l",,6.29,,,2.1,3858887584147,Piæe,"6,49"
"Tuborg Svijetlo pivo 4,6%",6905524,3,"6x0,5l",,6.29,,,2.1,8600331000223,Piæe,"6,49"
Nivea Micelarna voda duopack,6905888,0.8,2x400ml,,6.49,,,8.11,9005800351551,Kozmetika,"6,49"
Fix umaci (62-70g) SK1,6905911,0.065,"62g,70g",Kania,0.49,,,7.9,4056489317418,Hrana,"0,49"
Dorina Èokolada SK1,6905966,0.231,"220g,250g",,4.49,,,20.41,3850102502189,Hrana,"4,49"
Kobasica dede Štefa,6905989,0.4,2x200g,Okusi zavièaja,6.99,,,17.48,4056489317883,Hrana,"6,99"
Violeta Omekšivaè 114 pranja SK1,6906055,3.992,4l,,4.49,,,1.12,3870128028593,Sredstva za èišæenje,"4,79"
PPK Pašteta SK2,6906081,0.1,100g,,0.69,,,6.9,3858881617070,Hrana,"0,69"
Vafli od smeðe riže SK15,7202044,0.12,120g,Sondey,0.99,,,8.25,20962425,Hrana,"0,99"
Èips od smeðe riže humus,7206101,0.06,60g,Vemondo,0.89,,,14.83,4056489942429,Hrana,Nije_bilo_u_prodaji_02.05.2025
Meat Revolution Wagyu beef burger,7206484,0.25,250g,,6.59,,,26.36,3800216653918,Hrana,"6,49"
Meat Revolution teleæi burger,7206486,0.25,250g,,3.39,,,13.56,3800216654007,Hrana,"3,39"
Bruschette SK3,7207327,0.14,140g,Snack Day,1.29,,,9.21,4056489693314,Hrana,"1,29"
Hamburger pecivo 4 kom.,7207822,0.32,320g,Tastino,2.19,,,6.84,4056489941170,Hrana,"2,19"
Domaæi narezak SK3,7300421,0.1,100g,Pikok,1.59,,,15.9,20605698,Hrana,"1,59"
Leone Sladoled na štapiæu SK1,7302358,0.21,6x60ml,,2.79,,,7.75,3830053872173,Hrana,"2,79"
Leone Sladoled na štapiæu SK1,7302358,0.21,6x60ml,,2.79,,,7.75,3830053878922,Hrana,"2,79"
BO Hamburger pecivo sa sezamom,7302644,0.09,90g,,0.25,,,2.78,3831001838760,Hrana,Nije_bilo_u_prodaji_02.05.2025
Leone Sladolde na štapiæu SK2,7303384,0.152,"4x60ml,4x70ml",,2.29,,,8.18,3830053876157,Hrana,"2,29"
Leone Sladolde na štapiæu SK2,7303384,0.152,"4x60ml,4x70ml",,2.29,,,8.18,3830053879462,Hrana,"2,29"
Èokoladne kokice SK1,7706767,0.18,180g,Mister Choc,2.69,,,14.94,4056489038986,Hrana,"2,69"
Kobasica od mesa peradi SK2,7711309,0.379,"350g,400g",Grillmeister,3.29,,,9.4,4009335090102,Hrana,"3,29"
Desert SK1,7711590,0.3,300g,Alpenfest,2.49,,,8.3,4056489388401,Hrana,Nije_bilo_u_prodaji_02.05.2025
Desert u èašici SK5,7712768,0.09,90g,Deluxe,1.69,,,18.78,4056489484301,Hrana,"1,69"
Vivil Bomboni bez šeæera sort.,7713799,0.12,120g,,1.79,,,14.92,4020400893039,Hrana,"1,79"
Proteinski prutiæ 30% SK1,7715079,0.045,45g,-,0.99,,,22,4056489884903,Hrana,"0,99"
Parfem Sudd.Lux/G.Bellini Val. SK2,7716840,0.1,100ml,,4.99,,,49.9,4335619131224,Kozmetika,"4,99"
Šunka s morskom soli SK1,7718017,0.1,100g,Deluxe,2.79,,,27.9,4335619132894,Hrana,"2,4"
Manner napolitanke,7718516,0.4,400g,,3.49,,,8.73,9000331627229,Hrana,Nije_bilo_u_prodaji_02.05.2025
Vipro Ajvar SK1,8300048,0.54,540g,,2.99,,,5.54,5319990177926,Hrana,Nije_bilo_u_prodaji_02.05.2025
Kajmak namaz,9000033,0.25,250g,Pilos,2.49,,,9.96,20965297,Hrana,"2,49"
Adriatikos bijeli sir (OM 500g),9000134,0.55,550g,Pilos,,2.99,4.65,5.98,4056489508489,Hrana,"4,69"
Mini pogaèice sa sezamom,9000150,1,1kg,Tastino,2.49,,,2.49,20966393,Hrana,"2,49"
Toast bijeli,9000294,0.5,500g,Tastino,0.99,,,1.98,20967307,Hrana,"0,99"
Kroasan s kakao kremom,9000802,1,1kg,Tastino,2.99,,,2.99,4056489087953,Hrana,"3,29"
"Rozen kore, 430g",9003206,0.43,430g,,1.99,,,4.63,4056489736035,Hrana,Nije_bilo_u_prodaji_02.05.2025
Predjela XXL SK3,0158188,0.3,300g,Chef Select,4.49,,,14.97,4056489675891,Hrana,"4,49"
Štapiæi od bambusa,0159122,0.06,10komad,Vitasia,0.59,,,0.06,4056489364139,Proizvodi za kuæanstvo,"0,69"
BO Cronuts,0159136,0.08,77g,,0.79,,,10.26,4056489044123,Hrana,"0,79"
Tamna èokolada 85%,0159177,0.1,100g,Fin Carré,1.89,,,18.9,4056489366461,Hrana,"1,99"
Mlijeko za sunèanje sensitive ZF 30,0159512,0.257,250ml,Cien Sun,4.99,,,19.96,4335619130593,Kozmetika,"5,99"
Mješavine za muffine SK27,0159610,0.325,"310g,340g",Belbake,2.49,,,7.32,20149932,Hrana,"2,19"
ASC file lososa u noriju,0159654,0.125,125g,Vitasia,4.29,,,34.32,4056489376033,Hrana,"4,29"
High Protein Gris puding SK1,0160550,0.2,200g,Milbona,0.99,,,4.95,4056489955023,Hrana,"0,99"
High Protein Gris puding SK1,0160550,0.2,200g,Milbona,0.99,,,4.95,4056489955030,Hrana,"0,99"
High Protein napitak SK1,0160560,0.35,350g,Milbona,1.49,,,4.26,4304493267459,Hrana,"1,49"
Slatka zaèinska paprika,0160935,0.049,49g,Kania,1.06,,,1.06,4056489411864,Hrana,"1,06"
Pasta Bowl SK5,0161221,0.4,400g,Italiamo,2.79,,,6.98,4056489416265,Hrana,"2,79"
Vreæice za pseæi izmet [15µ],0161549,0.12,4x20komad,Orlando,1.65,,,0.02,4056489844341,Proizvodi za kuæanstvo,"1,65"
Mirisni osvježivaè prostora SK18,0161698,0.148,150ml,W5,1.39,,,9.27,4056489232247,Sredstva za èišæenje,"1,69"
Mirisni osvježivaè prostora SK18,0161698,0.148,150ml,W5,1.39,,,9.27,4335619092532,Sredstva za èišæenje,"1,69"
Mirisni osvježivaè prostora SK18,0161698,0.148,150ml,W5,1.39,,,9.27,4335619172418,Sredstva za èišæenje,"1,69"
"Pereci, 10 komada",0161717,0.868,868g,Alpenfest,2.79,,,3.21,4056489423867,Hrana,"2,59"
Karamelizirani orašasti plodovi SK2,6209670,0.13,"120g,150g",Eridanous,1.69,,,14.08,4056489603016,Hrana,"1,59"
Dimljena tuna SK2,6210738,0.16,160g,Nixe,2.19,,,21.06,4056489771630,Hrana,"2,39"
Lisnato s kobasicom,6211185,0.5,500g,Vemondo,4.19,,,8.38,4056489905721,Hrana,Nije_bilo_u_prodaji_02.05.2025
Kava s aromom SK1,6211933,0.2,200g,Bellarom,6.49,,,32.45,4335619096714,Piæe,"5,7"
Grèka slatka pita,6212426,1,1kg,Vemondo,3.79,,,3.79,4335619098411,Hrana,Nije_bilo_u_prodaji_02.05.2025
Prutiæ sa svježim sirom,6400293,0.15,5x30g,Kuljanka,1.35,,,9,20105211,Hrana,"1,99"
Prutiæ sa svježim sirom,6400293,0.15,5x30g,Kuljanka,1.35,,,9,20755829,Hrana,"1,99"
Pržene suncokretove sjemenke,6400716,0.2,200g,Alesto,0.89,,,4.45,20948313,Hrana,"0,89"
Poklon paket Nivea Men Active,6906110,0.308,300ml,,4.39,,,14.63,9005800372990,Kozmetika,"4,39"
Sarajevski kiseljak,6906128,6,"4x1,5l",,2.59,,,0.43,3875000182219,Piæe,"2,59"
"Dukat Èokoladno mlijeko, 1l",6906227,1,1l,,2.39,,,2.39,3850354007661,Hrana,"2,39"
BO Mini somun,6906324,0.08,80g,,0.29,,,3.63,4056489610717,Hrana,"0,29"
Zaštitna maska za lice crna,6906335,0.04,10komad,,0.8,,,0.08,8682742370454,Toaletne potrepštine,"0,8"
Vau Mjau Vlažne maram. za životinje,6906355,0.35,50komad,-,1.72,,,0.03,4056489317210,Proizvodi za kuæanstvo,"1,72"
"Jaja iz podnog uzgoja, razred M",6906363,1.044,18komad,Okusi zavièaja,5.09,,,0.28,4056489610618,Hrana,"4,19"
"Jaja iz podnog uzgoja, razred M",6906363,1.044,18komad,Okusi zavièaja,5.09,,,0.28,4056489610663,Hrana,"4,19"
"Jaja iz podnog uzgoja, razred M",6906363,1.044,18komad,Okusi zavièaja,5.09,,,0.28,4056489610694,Hrana,"4,19"
Mokra hrana za pse,0137350,1.2,12x100g,Orlando,4.49,,,3.74,20092375,Proizvodi za kuæanstvo,"4,49"
Suha hrana za maèke govedina&perad,0137710,1,1kg,Sweet Cat,1.79,,,1.79,20102593,Proizvodi za kuæanstvo,"1,79"
Bio dj. kašica špageti i bolonjez,0138009,0.22,220g,Lupilu,1.09,,,4.95,4056489882244,Hrana,"1,09"
Namaz svježi sirSK48,0138068,0.097,"100g,90g",Deluxe,1.99,,,22.11,20112080,Hrana,"1,99"
Namaz svježi sirSK48,0138068,0.097,"100g,90g",Deluxe,1.99,,,19.9,20112097,Hrana,"1,99"
Krema za lice SK5,0138687,0.05,50ml,Cien Nature,1.93,,,1.93,4056489329800,Kozmetika,"1,93"
Suha hrana za pse SK4,0138813,1.5,"1,5kg",Orlando Gourmet,2.39,,,1.59,4056489333548,Proizvodi za kuæanstvo,"2,39"
Bio Chia sjemenke,0139011,0.3,300g,Golden Sun,2.75,,,9.17,4056489762959,Hrana,"2,75"
Narezana salama od divljaèi SK2,0139016,0.06,60g,Deluxe,1.89,,,31.5,20137748,Hrana,"1,89"
Gotova jela SK3,7306745,0.35,350g,,4.99,,,14.26,3830044817145,Hrana,Nije_bilo_u_prodaji_02.05.2025
Poli Pileæa hrenovka,7306953,0.26,260g,,1.99,,,7.65,3850220153935,Hrana,Nije_bilo_u_prodaji_02.05.2025
Francuska salata XXL,7308741,0.75,750g,,2.89,,,3.85,3830044817084,Hrana,Nije_bilo_u_prodaji_02.05.2025
Mlinotest Pepa pig tjestenina,7309016,0.5,500g,,1.29,,,2.58,5060208333053,Hrana,Nije_bilo_u_prodaji_02.05.2025
"Kras Primorski pršut, ca.1000g",7309126,1,ca.1000g,,14.99,,,14.99,2191260000000,Hrana,Nije_bilo_u_prodaji_02.05.2025
"Kras Primorski pršut, ca.1000g",7309126,1,ca.1000g,,14.99,,,14.99,2191262000000,Hrana,Nije_bilo_u_prodaji_02.05.2025
Mini keksi od maslaca,7400010,0.35,350g,Sondey,4.29,,,12.26,20190538,Hrana,"4,29"
Èokoladni paket SK2,7405837,0.185,185g,Deluxe,4.99,,,26.97,4056489215011,Hrana,"5,49"
Macarons u obliku srca,7406024,0.09,6x15g,Für Dich,3.49,,,38.78,4056489215325,Hrana,"2,75"
Mini kolaè s èokoladom,7406530,0.192,8x24g,Deluxe,4.79,,,24.95,4056489365853,Hrana,"4,69"
Keksi preliveni èokoladom,7406604,0.1,100g,Deluxe,2.39,,,23.9,40873442,Hrana,"2,49"
Izbor èokolada SK8,0002837,0.2,200g,J.D. Gross,5.69,,,28.45,20187002,Hrana,"5,69"
Schogetten SK96,0002838,0.1,100g,,1.75,,,17.5,4000415039707,Hrana,"1,29"
Schogetten SK96,0002838,0.1,100g,,1.75,,,17.5,4000415749804,Hrana,"1,29"
Schogetten SK96,0002838,0.1,100g,,1.75,,,17.5,4000607167706,Hrana,"1,29"
Schogetten SK96,0002838,0.1,100g,,1.75,,,17.5,4000607852008,Hrana,"1,29"
Schogetten SK96,0002838,0.1,100g,,1.75,,,17.5,4000607854705,Hrana,"1,29"
Müsli prutiæi SK50,0002858,0.2,200g,Crownfield,1.65,,,8.25,20422677,Hrana,"1,65"
Osvježivaè prostora SK8,0151608,0.295,300ml,W5,1.19,,,3.97,4056489226789,Sredstva za èišæenje,"1,19"
Osvježivaè prostora SK8,0151608,0.295,300ml,W5,1.19,,,3.97,4335619092556,Sredstva za èišæenje,"1,19"
Namazi sa svježim sirom,0151668,0.4,400g,Eridanous,3.99,,,9.98,4056489231547,Hrana,"3,99"
Mješavina orašastih plodova SK5,0152058,0.2,200g,Alesto,3.39,,,16.95,20559625,Hrana,"3,99"
Orašasti plodovi XXL SK 1,0152117,0.3,300g,Alesto,3.99,,,13.3,20716608,Hrana,"3,99"
Aluminijska folija 20m,0152161,0.157,1komad,Aromata,1.79,,,1.79,20900922,Proizvodi za kuæanstvo,Nije_bilo_u_prodaji_02.05.2025
Sladoled SK1,0152614,0.173,3x90ml,MCENNEDY,2.99,,,11.07,4056489248477,Hrana,"2,99"
Pjenušac polusuhi,0152672,0.75,"0,75l",Burg Schöneck,3.29,,,4.39,4056489237433,Piæe,"2,99"
Morski plodovi praline,0152734,0.5,500g,J.D. Gross,4.99,,,9.98,4056489864547,Hrana,"6,79"
Premium Sushi SK1,0152782,0.178,"168g,178,5g,185g",select & go,3.79,,,22.56,4056489250166,Hrana,"3,79"
Premium Sushi SK1,0152782,0.178,"168g,178,5g,185g",select & go,3.79,,,21.23,4056489250166,Hrana,"3,79"
Premium Sushi SK1,0152782,0.178,"168g,178,5g,185g",select & go,3.79,,,21.23,4056489250197,Hrana,"3,79"
Grèka predjela,0153181,0.15,150g,Chef Select,2.39,,,15.93,4056489241898,Hrana,"2,39"
Èaj SK1,0153400,0.06,15x4g,Lord Nelson,2.79,,,46.5,4056489262152,Piæe,"2,79"
Dark 70% sladoled na štapiæu,0153561,0.082,110ml,Gelatelli,1.29,,,11.73,4056489263036,Hrana,"1,29"
Eau de Parfum SK6,0153747,0.063,75ml,Suddenly,6.49,,,86.53,4056489268055,Kozmetika,"6,49"
Toaletna voda za muškarce SK5,0153751,0.063,75ml,G. Bellini,6.49,,,86.53,4056489545590,Kozmetika,"6,49"
Toaletna voda za muškarce SK5,0153751,0.063,75ml,G. Bellini,6.49,,,86.53,4056489545613,Kozmetika,"6,49"
Toaletna voda za muškarce SK5,0153751,0.063,75ml,G. Bellini,6.49,,,86.53,4056489545620,Kozmetika,"6,49"
RFA Sok od naranèe s pulpom 100%,0168714,1.045,1l,Solevita,3.49,,,3.49,4056489527794,Piæe,"3,49"
BO Pletenica od diz. tij. s lješnj.,0169093,0.5,500g,,3.79,,,7.58,4056489531531,Hrana,"3,69"
Hummus SK33,0170159,0.2,200g,Chef Select,0.99,,,4.95,4056489545811,Hrana,"1,39"
Lisnato tijesto s kozicama,0170444,0.28,280g,Ocean Sea,3.49,,,12.46,20121938,Hrana,"3,49"
Churros SK1,0170832,0.225,225g,Sol&Mar,2.29,,,10.18,4056489558811,Hrana,"2,29"
Smrznute borovnice,0173945,0.5,500g,Freshona,4.19,,,8.38,4056489620099,Hrana,"3,79"
High Protein Drink XXL SK1,0174614,0.42,420g,Milbona,1.49,,,3.55,4304493268982,Hrana,"1,49"
Chardonnay IGT Puglia,0174649,0.75,"0,75l",CORTE AURELIO,2.65,,,3.53,4056489546580,Piæe,"2,65"
Pileæi panirani nuggets,0174985,0.3,300g,El Tequito,2.69,,,8.97,4056489620495,Hrana,Nije_bilo_u_prodaji_02.05.2025
Pileæi panirani nuggets,0174985,0.3,300g,El Tequito,2.69,,,8.97,4056489620518,Hrana,Nije_bilo_u_prodaji_02.05.2025
Bio napitak od zobi XXL,0175127,8.288,8x1l,Vemondo,7.99,,,1,4056489626633,Hrana,"8,33"
BO Kolaè od maka,0176304,0.32,320g,,2.39,,,7.47,4056489641315,Hrana,Nije_bilo_u_prodaji_02.05.2025
Deterdžent za pranje posuða XXL SK1,0176452,3.06,3l,W5,2.99,,,1,4056489644477,Sredstva za èišæenje,"2,99"
Žitne kuglice s èokoladom,0176596,0.5,500g,Crownfield,2.09,,,4.18,4056489654223,Hrana,"1,99"
Pahuljice s medom i kikirikijem SK1,0176608,0.5,500g,Crownfield,2.09,,,4.18,4056489825722,Hrana,"1,99"
Èokoladne pahuljice XXL SK4,0176893,0.9,900g,Crownfield,3.99,,,4.43,4056489021490,Hrana,"3,99"
Lak za nokte Cocktail SK2,0177036,0.01,11ml,Cien Beauty,1.29,,,117.27,4056489430896,Kozmetika,"1,29"
File haringe u umaku od rajèice XXL,0177096,0.6,3x200g,Nixe,3.99,,,6.65,4056489893769,Hrana,"4,19"
Smrznuto povræe za tavu SK1,0177323,1,1kg,Freshona,3.29,,,3.29,4056489658634,Hrana,"2,99"
Smrznuto povræe za tavu SK1,0177323,1,1kg,Freshona,3.29,,,3.29,4056489658658,Hrana,"2,99"
Sterilizirani crveni grah,0178286,0.41,425ml,Freshona,0.62,,,2.43,4056489666028,Hrana,0.62
Tablete protiv kamenca XXL,0178469,1,100x10g,W5,5.99,,,5.99,4056489668718,Sredstva za èišæenje,"4,79"
Maramice za èišæenje naoèala,0179093,0.08,52komad,W5,0.99,,,0.02,4056489686514,Proizvodi za kuæanstvo,"0,99"
Ledo Kontiki sladoled štapiæ,6905584,0.264,4x70ml,,4.49,,,16.04,3850116035307,Hrana,"3,99"
Ledo štrukli,6905603,0.6,600g,,3.69,,,6.15,3850116765198,Hrana,"3,39"
Ledo Losos filet s kožom,6905605,0.4,400g,,6.99,,,17.48,3850116765716,Hrana,"7,29"
Dimlj. rolani kare s kožom cca.850g,6905606,1,ca. 850g,Okusi zavièaja,6.29,,,6.29,2868880000000,Hrana,"6,29"
Barcaffe Mljevena kava,6905718,1,1000g,,17.39,,,17.39,3838975531659,Piæe,"11,45"
PP Pileæa krilca Texas,6905744,0.5,500g,,4.19,,,8.38,3838977041439,Hrana,"4,19"
ABC Svježi krem sir FIT,6905797,0.1,100g,,1.15,,,11.5,3850257060749,Hrana,"1,15"
"Pecorino Romano DOP, ribani",6000996,0.1,100g,Italiamo,2.69,,,26.9,20622732,Hrana,"2,69"
Masline bez koštice OM 320g,6001239,0.68,720ml,Baresa,2.59,,,8.09,20623005,Hrana,"2,99"
Sir toskanski SK3,6001274,0.15,150g,Deluxe,3.99,,,26.6,20446260,Hrana,"3,99"
Pizza u obliku srca,6001399,0.3,300g,Für Dich,2.69,,,8.97,20623340,Hrana,"2,59"
Orecchiette ili Trofie,6001877,0.5,500g,Italiamo,1.69,,,3.38,20462673,Hrana,"1,69"
Krema od pistacija,6002172,0.19,190g,Italiamo,3.49,,,18.37,20633257,Hrana,"2,99"
Krokant SK1,6002379,0.1,100g,Italiamo,2.79,,,27.9,20633554,Hrana,"2,79"
Krokant SK1,6002379,0.1,100g,Italiamo,2.79,,,27.9,20633561,Hrana,"2,79"
BO Croissant s pistacijama,6002597,0.085,75g,,0.99,,,13.2,8003269122751,Hrana,"0,89"
Croissant višnja,6002908,0.53,530g,Italiamo,3.59,,,6.77,20685669,Hrana,"3,59"
Bezglutenski muffini,6003413,0.2,4x50g,Confiserie Firenze,2.49,,,12.45,20822385,Hrana,"2,49"
Pappardelle,6003429,0.25,250g,Deluxe,2.12,,,8.48,20822460,Hrana,"2,12"
Namaz od lješnjaka,6003963,0.75,750g,Choco Nussa,3.85,,,5.13,20682255,Hrana,"3,85"
Pašteta s tunam / lososom SK1,6004564,0.1,100g,Nixe,1.59,,,15.9,20632861,Hrana,"1,79"
Panirani arancini,6006459,0.3,300g,Italiamo,1.72,,,5.73,20050184,Hrana,"1,72"
Mješavina gljiva SK1,6006955,0.3,"250g,350g",Deluxe,2.69,,,7.69,20053062,Hrana,"2,69"
Mješavina gljiva SK1,6006955,0.3,"250g,350g",Deluxe,2.69,,,7.69,20053086,Hrana,"2,69"
Sir scamorza SK2,6007645,0.3,300g,Milbona,3.49,,,11.63,4056489420088,Hrana,Nije_bilo_u_prodaji_02.05.2025
Sir scamorza SK2,6007645,0.3,300g,Milbona,3.49,,,11.63,4056489420095,Hrana,Nije_bilo_u_prodaji_02.05.2025
"Èajno pecivo s kakaom, UTZ",6008224,0.4,400g,Sondey,1.99,,,4.98,20264666,Hrana,"1,99"
"Matièna mlijeè, propolis i vit. C",5701146,0.1,10komad,Optisana,4.99,,,0.5,20425890,Hrana,"4,99"
Maslinovo ulje u spreju SK11,5701525,0.183,200ml,Kania,2.89,,,14.45,20879020,Hrana,"2,89"
Proljetne rolice,5702423,0.28,280g,Vitasia,2.89,,,10.32,20295929,Hrana,"2,69"
Arganovo ulje za kosu,5702733,0.096,100ml,Cien,3.49,,,34.9,20494971,Kozmetika,"3,49"
Biskvit torta SK2,5702871,0.347,"330g,370g",Sol&Mar,1.89,,,5.73,20421151,Hrana,"1,89"
Biskvit torta SK2,5702871,0.347,"330g,370g",Sol&Mar,1.89,,,5.11,4334035905587,Hrana,"1,89"
Siao Long Pao SK2,5704408,0.24,"230g,250g",Vitasia,3.99,,,15.96,20796501,Hrana,"3,99"
Chorizo Extra kobasica,5704737,0.2,2x100g,Dulano Selection,2.89,,,14.45,20796549,Hrana,"2,79"
Peperoncini sa sirom,5706124,0.26,284ml,Deluxe,4.29,,,28.6,20945565,Hrana,"4,29"
Premium izbor narezaka,5706740,0.1,100g,Deluxe,2.89,,,28.9,20074814,Hrana,"2,95"
Vreæe za smeæe 120l,6906382,0.396,10komad,Purio,1.69,,,0.17,4056489317562,Proizvodi za kuæanstvo,"1,49"
Gabriel kefir od kozjeg mlijeka,6906391,0.5,500ml,,2.19,,,4.38,3859892805562,Hrana,"2,19"
Nivea Gel za tuširanje SK1,6906406,0.25,250ml,,2.99,,,11.96,4005808780723,Kozmetika,"2,99"
Nivea Gel za tuširanje SK1,6906406,0.25,250ml,,2.99,,,11.96,9005800222950,Kozmetika,"2,99"
Frozy Panirani osliæ filet Hubbsi,6906429,0.4,400g,,3.49,,,8.73,3858891044866,Hrana,"3,59"
Nila Mixed Happy Color 68 pranja,6906442,3.796,"3,7l",,4.99,,,1.35,3850105185914,Sredstva za èišæenje,"4,99"
Cedevita instant napitak SK1,6906472,0.455,455g,,4.39,,,9.65,3850322014905,Piæe,"4,19"
Cedevita Instant napitak SK1,6906479,0.9,900g,,6.69,,,7.43,3850322015025,Piæe,"6,39"
Pro Sport Izotonik Naranèa,6906599,0.77,"0,75l",,1.35,,,1.8,3858884603957,Piæe,"1,26"
Saltwater Cabernet Sauvignon,6906676,0.75,"0,75l",,9.99,,,13.32,3859891102143,Piæe,"9,99"
Lino Lada Namaz Milk,6906695,0.7,700g,,4.99,,,7.13,3856020259945,Hrana,"4,79"
PPK Debrecinka,6906711,0.4,400g,,3.49,,,8.73,3858884998961,Hrana,"3,29"
BO Zlatni craft kruh s kis. tijest.,6906985,0.41,410g,,1.79,,,4.37,3859893136252,Hrana,"1,69"
"Piko Jaja razred S, Klasa A",6907006,1.06,10komad,,1.79,,,0.18,3859889711654,Hrana,"1,49"
BO Somun send. s pur. šun. i sirom ,6907018,0.16,160g,,,0.85,1.29,5.31,4052917842002,Hrana,"1,29"
Pivac Dalm. pršut,6907042,0.5,500g,,10.99,,,21.98,3858890183306,Hrana,"10,99"
WC Net Crystal Pink Gel za èišæenje,6907112,1.5,2x750ml,,3.99,,,2.66,3859892558772,Sredstva za èišæenje,"3,15"
WC Net Citrus Fresh Gel za èišæenje,6907114,1.5,2x750ml,,3.15,,,2.1,3859892558819,Sredstva za èišæenje,"3,15"
Lasta Krem štapiæi lješnjak,6907120,0.2,200g,,1.79,,,8.95,3870128030060,Hrana,"1,85"
Lasta Krem štapiæi bijela èokolada,6907122,0.2,200g,,1.79,,,8.95,3870128032071,Hrana,"1,85"
Ornel Omekšivaè za rublje 96pr. SK1,6907137,2.4,"2,4l",,5.99,,,2.5,3850105182340,Sredstva za èišæenje,"6,59"
Ferrero Rocher,6907166,0.05,50g,,2.09,,,41.8,80177043,Hrana,"1,89"
Rexona Dezodorans SK1,6907181,0.15,150ml,,4.69,,,31.27,8720181177835,Kozmetika,"4,69"
Margo Nova Margarin 50%,6907188,0.225,225g,,1.29,,,5.73,3856015327284,Hrana,"1,19"
Nivea Krema protiv bora+duopack SK1,6907201,0.106,2x50ml,,8.99,,,89.9,9005800375540,Kozmetika,"8,99"
Sredstvo za èišæenje podova,6907203,1.006,1l,-,1.39,,,1.39,4056489611905,Sredstva za èišæenje,"1,19"
Zakuska ATG 540g,6907221,0.54,580ml,Kania,4.99,,,9.24,4056489611684,Hrana,"4,99"
"Križevaèka mljekara Trajno m. 2,8%",6907251,1,1l,,0.75,,,0.75,3859893374081,Hrana,"0,69"
'z bregov Prot. -ml. pr. nap.Nougat,6907263,0.5,"0,5l",,1.99,,,3.98,3850108023633,Hrana,"2,49"
Bezalkoholni koktel SK1,6907271,0.33,"0,33l",-,0.89,,,2.7,4056489611714,Piæe,"0,69"
Voæni prutiæ SK1,6407641,0.03,30g,Alesto,0.39,,,0.39,4056489158271,Hrana,"0,49"
Hrskava patka,6410320,0.32,320g,Deluxe,6.99,,,21.84,4056489499596,Hrana,"5,59"
Goldenfood Svj. paèji batak-zabatak,6410895,1,"ca0,4-0,6kg",,8.99,,,8.99,2898051000000,Hrana,"8,99"
Party-mix,6411077,0.38,380g,Grillmeister,2.99,,,7.87,4056489500711,Hrana,"2,99"
Mješavina voænih karamela,0146114,0.4,400g,Sweet Corner,2.99,,,7.48,4056489101888,Hrana,"2,65"
Svježi prirodni sok SK16,0146799,1.045,1l,Solevita,3.29,,,3.29,4304493265547,Hrana,"3,19"
Izbor finih keksa,0147416,0.5,2x250g,Favorina,5.59,,,11.18,4056489128267,Hrana,"5,79"
"Mars,Snickers,Twix,Bou.Minis SK2",0147829,0.275,275g,,3.59,,,13.05,5000159473354,Hrana,"3,59"
Kurkuma mljevena,0147942,0.05,50g,Kania,1.19,,,23.8,4056489142560,Hrana,"1,19"
Amerièki Box,0148212,0.85,850g,MCENNEDY,6.59,,,7.75,4056489150190,Hrana,"5,17"
Bella Caffe DG Caffe Cortado UTZ,0142677,0.101,"100,8g ",Bellarom,3.99,,,39.58,20357979,Piæe,"3,79"
Èaj od kamilice ,0142928,0.038,"25x1,5g",Lord Nelson,0.89,,,0.89,4056489023791,Piæe,"0,59"
Èaj u piramida vreæicama UTZ SK47,0143058,0.038,"20x1,4g,20x1,8g",Deluxe,1.99,,,1.99,4335619249776,Piæe,"1,99"
Èaj u piramida vreæicama UTZ SK47,0143058,0.038,"20x1,4g,20x1,8g",Deluxe,1.99,,,1.99,4335619249783,Piæe,"1,99"
Vreæice za led SK2,0143080,0.058,20komad,Aromata,0.69,,,0.03,20155209,Proizvodi za kuæanstvo,"0,89"
Vreæice za led SK2,0143080,0.058,20komad,Aromata,0.69,,,0.03,20155223,Proizvodi za kuæanstvo,"0,89"
Grickalice za pse premium SK4,0143111,0.1,100g,Orlando Pure Taste,2.99,,,29.9,4056489024705,Proizvodi za kuæanstvo,"2,99"
BO Milka Muffins ,0143244,0.22,2x110g,,2.99,,,13.59,5413321002755,Hrana,"2,99"
BO Milka Donut,0143246,0.056,56g,,0.69,,,12.32,4017040892126,Hrana,"0,69"
Cedevita Fresh naranèa,6904319,0.34,340ml,,1.19,,,3.5,3850322013366,Piæe,"1,12"
"Proviact tekuæi jogurt 1,0%",6904320,1,1kg,Pilos,1.65,,,1.65,4304493259614,Hrana,"1,59"
BO Domaæa pogaèa,6904332,0.3,300g,,,0.65,0.99,2.17,4052917232025,Hrana,"0,99"
Mozzarella u komadu XXL,6904356,0.7,700g,,4.79,,,6.84,3859894087164,Hrana,"4,79"
"Svježe pile, cca. 2kg",6904372,1,ca. 2kg,,3.18,,,3.18,2146200000001,Hrana,"3,19"
"Svježe pile, cca. 2kg",6904372,1,ca. 2kg,,3.18,,,3.18,2146206000000,Hrana,"3,19"
"Teleæi kare s kosti, cca. 500g",6904381,1,ca. 500g,Naša mesnica,18.99,,,18.99,2851940000000,Hrana,"12,99"
Coppa Cocktails Mojito 10%,6904391,0.7,"0,7l",,9.99,,,14.27,8712436103768,Piæe,"9,99"
"Dimljena šunka s kosti, cca. 6kg",6904437,6,ca. 6kg,Pikok,5.49,,,5.49,2845190035863,Hrana,"4,89"
"Dimljena šunka s kosti, cca. 6kg",6904437,6,ca. 6kg,Pikok,5.49,,,5.49,2845193000000,Hrana,"4,89"
Tirolska kobasica,6904440,0.8,800g,,4.29,,,5.36,3858881618626,Hrana,"4,19"
Talijanski desert SK1,0133222,0.34,"4x80g,4x90g",Milbona,2.79,,,0.78,40879079,Hrana,"2,79"
Hrana za pse SK4,0133276,0.4,400g,Orlando Gourmet,1.39,,,3.48,40879437,Proizvodi za kuæanstvo,"1,39"
Bio jagode,0134177,0.3,300g,,4.49,,,14.97,40891132,Hrana,Nije_bilo_u_prodaji_02.05.2025
Biskvit s lješnjak èok. punjenjem,0134275,0.029,29g,Milbona,0.35,,,0.35,40894027,Hrana,"0,35"
Sprej za sunèanje ZF 30,0134608,0.201,200ml,Cien Sun,4.99,,,24.95,4056489601692,Kozmetika,"5,99"
Sprej za sunèanje ZF 30,0134608,0.201,200ml,Cien Sun,4.99,,,24.95,40897646,Kozmetika,"5,99"
Njega za pranje beba SK5,0135048,0.511,500ml,Lupilu,2.25,,,4.5,20008802,Kozmetika,"2,25"
Ukrasna vreæica 32x26x12cm,6906786,0.08,1komad,,1.45,,,1.45,3856023014183,Proizvodi za kuæanstvo,"1,45"
Ukrasna vreæica 32x26x12cm,6906786,0.08,1komad,,1.45,,,1.45,3856023028937,Proizvodi za kuæanstvo,"1,45"
Ukrasna vreæica 32x26x12cm,6906786,0.08,1komad,,1.45,,,1.45,3856023029125,Proizvodi za kuæanstvo,"1,45"
Ukrasna vreæica 32x26x12cm,6906786,0.08,1komad,,1.45,,,1.45,3856023029323,Proizvodi za kuæanstvo,"1,45"
Ukrasna vreæica 32x26x12cm,6906786,0.08,1komad,,1.45,,,1.45,3856023049642,Proizvodi za kuæanstvo,"1,45"
Ukrasna vreæica 32x26x12cm,6906786,0.08,1komad,,1.45,,,1.45,3856023049673,Proizvodi za kuæanstvo,"1,45"
Ukrasna vreæica vinska 39x12x9cm,6906787,0.045,1komad,,0.99,,,0.99,3856023060616,Proizvodi za kuæanstvo,"1,25"
Aranžman Valentina/Jeruzalem SK2,6906824,1.53,1komad,,24.99,,,24.99,3858892744888,Proizvodi za kuæanstvo,"24,99"
Cappuccino (RFA) SK2,6906884,0.2,200g,Bellarom,2.29,,,11.45,4056489611196,Piæe,"1,99"
Violeta Vlažni toaletni papir,6906921,0.454,100komad,,2.89,,,0.03,3870128031326,Toaletne potrepštine,"2,89"
"Pivac Hamburger, cca 1,2kg",6906930,1,"ca. 1,2kg",,6.29,,,6.29,2105213000000,Hrana,"6,29"
"TOCO napitak naranèa, mrkva, nekt.",6906948,1.53,"1,5l",,1.39,,,0.93,3858890878790,Piæe,"1,39"
Cappuccino SK5,5523540,0.13,130g,Bellarom,1.19,,,9.15,4056489622130,Piæe,"1,09"
Chicken pops SK1,5523640,0.21,210g,MCENNEDY,1.79,,,8.52,4056489119425,Hrana,"1,59"
Sred. za posuða u gelu koncen. SK4,5528354,0.918,900ml,W5,1.49,,,1.66,4056489259787,Sredstva za èišæenje,"1,49"
Sreds. za pranje posuða balsam SK1,5528497,0.51,500ml,W5,0.99,,,1.98,4056489261087,Sredstva za èišæenje,"0,99"
"Crni èaj Selection SK1, 40x1,5g",5528847,0.073,"40x1,5g,40x2g",Lord Nelson,1.19,,,14.88,4056489261384,Piæe,"1,19"
"Crni èaj Selection SK1, 40x1,5g",5528847,0.073,"40x1,5g,40x2g",Lord Nelson,1.19,,,19.83,4056489261407,Piæe,"1,19"
Univ. bio. vl. maram. za èiš. SK1,5532381,0.476,80komad,W5,1.99,,,0.02,4056489304241,Proizvodi za kuæanstvo,"1,99"
"Pureæi filet XXL, cca. 1-1,5 kg",5533555,1,"ca.1-1,5kg",RZEZNIK,8.19,,,8.19,2835554000000,Hrana,"7,75"
"Pureæi filet XXL, cca. 1-1,5 kg",5533555,1,"ca.1-1,5kg",RZEZNIK,8.19,,,8.19,2894257000000,Hrana,"7,75"
BIO kukuruzni snack SK1,5534361,0.06,60g,Snack Day,0.59,,,9.83,4056489715900,Hrana,"0,89"
Uskršnje jaje s punjenjem SK1,5543310,0.144,144g,Favorina,2.49,,,17.29,4056489584537,Hrana,"2,49"
Mlijeèna èokolada s nadjevom SK6,5545795,0.1,100g,,0.86,,,8.6,5904358566575,Hrana,"1,29"
High protein jogurt SK1,0187248,0.4,400g,Milbona,1.89,,,4.73,4056489814771,Hrana,"1,89"
Zobene pahuljice,0187306,1,1kg,Crownfield,1.29,,,1.29,4335619267114,Hrana,"1,29"
Gotova jela XXL SK1,0189003,1,1000g,Chef Select,4.89,,,4.89,4056489846482,Hrana,"4,49"
Obiteljski šampon SK2,0189434,1.03,1l,Cien,1.59,,,1.59,4056489845348,Kozmetika,"1,39"
Mediteranski zaèini SK2,0189653,0.027,"16g,27g,28g,30g,35g",Italiamo,1.59,,,58.89,20046262,Hrana,"1,59"
Mediteranski zaèini SK2,0189653,0.027,"16g,27g,28g,30g,35g",Italiamo,1.59,,,56.79,20046262,Hrana,"1,59"
Mediteranski zaèini SK2,0189653,0.027,"16g,27g,28g,30g,35g",Italiamo,1.59,,,45.43,20046262,Hrana,"1,59"
Mediteranski zaèini SK2,0189653,0.027,"16g,27g,28g,30g,35g",Italiamo,1.59,,,45.43,20046385,Hrana,"1,59"
Mediteranski zaèini SK2,0189653,0.027,"16g,27g,28g,30g,35g",Italiamo,1.59,,,45.43,20046392,Hrana,"1,59"
Osvježivaè WC školjke SK2,0190620,0.099,3x33g,W5,2.49,,,25.15,4056489585565,Sredstva za èišæenje,"2,45"
Mlijeèni desert SK70,0190738,0.502,900ml,Bon Gelati,3.99,,,4.43,4056489657170,Hrana,"3,99"
Mlijeèni desert SK70,0190738,0.502,900ml,Bon Gelati,3.99,,,4.43,4056489786092,Hrana,"3,99"
Kokice za mikrovalnu peænicu SK1,0190773,0.3,3x100g,MCENNEDY,1.19,,,3.97,20064570,Hrana,"0,99"
High Protein riža na mlijeku SK1,0191691,0.2,200g,Milbona,0.99,,,4.95,4056489857334,Hrana,"0,99"
Pesto s tartufima SK1,0192434,0.14,140g,Deluxe,1.99,,,14.21,4056489864875,Hrana,"1,89"
Gumeni bomboni trešnja,0192518,0.2,200g,Sweet Corner,1.19,,,5.95,4056489865087,Hrana,"1,19"
Šeæerna dekoracija Uskrs SK33,0192649,0.027,"11g,12g,16g,25g,4x25g",Belbake,1.99,,,124.38,4056489865643,Hrana,"1,99"
Šeæerna dekoracija Uskrs SK33,0192649,0.027,"11g,12g,16g,25g,4x25g",Belbake,1.99,,,180.91,4056489865667,Hrana,"1,99"
Šeæerna dekoracija Uskrs SK33,0192649,0.027,"11g,12g,16g,25g,4x25g",Belbake,1.99,,,165.83,4056489865667,Hrana,"1,99"
Maramice za upijanje boja,0193010,0.048,40komad,-,2.29,,,0.06,4335619128316,Proizvodi za kuæanstvo,"2,19"
Meki sir u salamuri XXL,0193013,1.2,1200g,Milbona,10.79,,,8.99,4056489869887,Hrana,"10,99"
"Cider jabuka 4,5%",0193099,0.33,"0,33l",Woodgate,0.99,,,3,4335619394995,Piæe,"0,99"
Peterostruka brit. x5+2 nadop.,0193290,0.031,1komad,Cien,4.99,,,4.99,4056489873990,Kozmetika,"4,99"
Punjeni Mochis SK1,0193909,0.18,6x30g,Deluxe,3.99,,,22.17,4056489883173,Hrana,"3,99"
Gotova jela za tavu SK57,0194158,0.75,750g,Culinea,4.99,,,6.65,4056489127277,Hrana,"4,49"
Univerzalna krpa od mikrovla. SK10,0085302,0.063,"2komad,3komad",W5,1.56,,,0.52,20431839,Proizvodi za kuæanstvo,"2,35"
Univerzalna krpa od mikrovla. SK10,0085302,0.063,"2komad,3komad",W5,1.56,,,0.52,20431853,Proizvodi za kuæanstvo,"2,35"
Univerzalna krpa od mikrovla. SK10,0085302,0.063,"2komad,3komad",W5,1.56,,,0.52,4056489920557,Proizvodi za kuæanstvo,"2,35"
Univerzalna krpa od mikrovla. SK10,0085302,0.063,"2komad,3komad",W5,1.56,,,0.78,4056489920564,Proizvodi za kuæanstvo,"2,35"
Èips s okusom slanine/èešnjaka SK1,0085314,0.15,150g,Snack Day,0.99,,,6.6,40894843,Hrana,"0,99"
Trolli Gumeni špageti SK2,0085374,0.225,225g,,1.99,,,8.84,4000512363859,Hrana,"1,99"
"Slanina na slavonski, cca. 350g",6907887,1,ca. 350g,Okusi zavièaja,18.99,,,18.99,2845860000000,Hrana,"18,99"
Cremolli Oblatne,6907915,0.2,200g,,0.65,,,3.25,3859892892784,Hrana,"0,59"
"Svježa lignja, oèišæena",6907918,0.4,400g,Naša ribarnica,9.99,,,24.98,4056489611608,Hrana,"9,99"
Prime Napitak Ice Pop,6907944,0.53,"0,5l",,2.19,,,4.38,4262358180469,Piæe,"2,19"
Prime Napitak Tropical Punch,6907947,0.53,"0,5l",,2.19,,,4.38,850003560717,Piæe,"2,19"
Podravka Pekmez šljiva,6907953,0.66,660g,,4.69,,,7.11,3856020252847,Hrana,"4,49"
Podravka Bronho èaj,6907982,0.04,40g,,2.49,,,2.49,3856020252960,Piæe,"1,99"
BO Domaæi craft klipiæ,6908106,0.06,60g,,0.65,,,10.83,4052917910145,Hrana,"0,59"
Aquafresh Pasta za zube SK2,6908130,0.1,100ml,,2.85,,,28.5,5054563203649,Kozmetika,"2,69"
Parodontax Pasta za zube SK2,6908139,0.075,75ml,,5.95,,,79.33,5054563949738,Kozmetika,"5,55"
Parodontax Pasta za zube SK2,6908139,0.075,75ml,,5.95,,,79.33,5054563950055,Kozmetika,"5,55"
Corny Banana,6908140,0.05,50g,,1.19,,,23.8,4011800584511,Hrana,"1,19"
Èoksa Èokolada Creamy Milk,6908144,0.068,68g,,1.39,,,20.44,3850102001613,Hrana,"1,39"
Sensodyne Pasta za zube Flourid ,6908199,0.15,2x75ml,,5.99,,,39.93,5054563078124,Kozmetika,"4,99"
Jabuka Pink Lady,0080213,0.8,800g,,2.49,,,3.11,20520335,Hrana,"2,29"
Kruška 1kg,0080281,1,1kg,,1.89,,,1.89,7798155403649,Hrana,"2,19"
"Grožðe bijelo 500g, bez koštica",0080505,0.5,500g,,2.49,,,4.98,4014071609808,Hrana,"2,19"
"Grožðe bijelo 500g, bez koštica",0080505,0.5,500g,,2.49,,,4.98,4049107050552,Hrana,"2,19"
"Grožðe bijelo 500g, bez koštica",0080505,0.5,500g,,2.49,,,4.98,8718858740550,Hrana,"2,19"
Ananas,0080611,1.655,1komad,,2.22,,,2.22,20586379,Hrana,"2,49"
Ananas,0080611,1.655,1komad,,2.22,,,2.22,8033229870088,Hrana,"2,49"
Kokos,0080696,0.471,1komad,,0.99,,,0.99,20552749,Hrana,"0,99"
Physalis,0080735,0.1,100g,,,0.49,1.29,4.9,8718858740123,Hrana,"1,29"
Borovnica 400g,0080818,0.4,400g,,4.49,,,11.23,4014071782501,Hrana,"4,44"
Borovnica 125g,0080820,0.125,125g,,1.49,,,11.92,20305826,Hrana,"1,49"
Borovnica 125g,0080820,0.125,125g,,1.49,,,11.92,7804674660002,Hrana,"1,49"
Borovnica 250g,0080823,0.25,250g,,,1.89,2.79,7.56,4014071764910,Hrana,"2,89"
Bio jagoda,0081680,0.25,250g,,1.99,,,7.96,20240189,Hrana,"2,49"
Salata Crispy,0082064,0.08,80g,,1.09,,,13.63,4056489021339,Hrana,"1,09"
Rajèica koktel 250g,0082410,0.25,250g,,,1.09,1.29,4.36,20228675,Hrana,"1,49"
Rajcica koktel 500g,0082411,0.5,500g,,2.49,,,4.98,20316488,Hrana,"2,49"
Cheddar SK3,5208562,0.3,300g,Deluxe,4.99,,,16.63,4056489221661,Hrana,"3,05"
"Kare,narezani SK2",5300489,0.3,300g,Hatherwood,2.99,,,9.97,20582975,Hrana,"2,99"
"Kare,narezani SK2",5300489,0.3,300g,Hatherwood,2.99,,,9.97,20688417,Hrana,"2,99"
Prutiæi punjeni èokoladom RFA,5500248,0.28,280g,Sondey,1.59,,,5.68,20498351,Hrana,"1,55"
"Jako pivo 7,2%",5500395,0.502,"0,5l",Argus,0.95,,,1.9,4056489877738,Piæe,"1,09"
Peèena pileæa pljeskavica,5501824,0.2,200g,Baroni,0.79,,,3.95,20205225,Hrana,"0,69"
Hand cooked chips s tartufima,6907333,0.125,125g,Deluxe,1.29,,,10.32,4056489612032,Hrana,"0,99"
Juneæi burger,6907396,0.4,400g,Naša mesnica,4.29,,,10.73,4056489611813,Hrana,"4,29"
Podravka Švicarska juha,6907452,0.054,54g,,1.39,,,25.74,3850104007385,Hrana,"1,39"
Lasta Krem štapiæi kokos,6907456,0.2,200g,,1.79,,,8.95,3870128035669,Hrana,"1,85"
Lignja oèišæena,6907468,0.4,400g,Naša ribarnica,9.99,,,24.98,3859894083876,Hrana,"9,99"
Podravka Fini Mini Goveði noodles,6907470,0.375,375g,,1.79,,,4.77,3856020258399,Hrana,"1,99"
"Šibenska pivovara Mihovil, bl. ale ",6907522,0.5,"0,5l",,1.59,,,3.18,3857500050977,Piæe,"1,99"
Kulenova seka,6907532,0.3,300g,Okusi zavièaja,4.79,,,15.97,4056489612438,Hrana,"4,79"
Saltas Slani štapiæi s kikirikijem,6907567,0.16,4x40g,,1.49,,,9.31,3856014114205,Hrana,"1,79"
Èarli Deterdžent za posuðe SK1,6907576,0.923,900ml,,2.69,,,2.99,3850111304132,Sredstva za èišæenje,"2,39"
Èarli Deterdžent za posuðe SK1,6907576,0.923,900ml,,2.69,,,2.99,3850111304446,Sredstva za èišæenje,"2,39"
Craft Gorska Kobasica,6907581,0.32,320g,Okusi zavièaja,4.49,,,14.03,4056489925088,Hrana,"4,49"
Marinirana pileæa krila,6907588,0.5,500g,Naša mesnica,2.79,,,5.58,4056489611936,Hrana,"2,79"
Pivac Šunka za pizzu,6907596,0.8,800g,,4.49,,,5.61,3858884997728,Hrana,"3,99"
Palmolive Tekuæi sapun SK1,6907657,0.519,500ml,,2.99,,,5.98,8003520029133,Kozmetika,"2,99"
Delikatess šunka,6907668,0.15,150g,Pikok,1.59,,,10.6,4056489925286,Hrana,"2,39"
Proteinska ploèica vanilija,6907685,0.05,50g,,2.49,,,49.8,3830081429028,Hrana,"2,49"
Proteini limun,6907687,0.2,200g,,8.89,,,44.45,3830081425426,Hrana,"8,89"
Champion Edition Èips Chilli,6907691,0.25,250g,Champion Edition,1.19,,,4.76,4056489925224,Hrana,"1,19"
Borotalco Dezodorans u spreju SK1,6907698,0.09,150ml,,4.19,,,27.93,8002410041866,Kozmetika,"3,89"
Goveða peèenica,6907752,0.1,100g,Deluxe,2.79,,,27.9,4056489925255,Hrana,"2,79"
Ferrero Kinder Bueno mini Eggs sez.,6907852,0.08,80g,,2.59,,,32.38,8000500390641,Hrana,"2,79"
"'z bregov Tekuæi jogurt 2,8% m.m.",6901015,1,1kg,,2.49,,,2.49,3850108030389,Hrana,"2,42"
Vindija Puding vanilija,6901017,0.125,125g,,0.65,,,5.2,38500022,Hrana,"0,65"
"'z bregov Svježe mlijeko 3,2% m.m.",6901019,1,1l,,1.49,,,1.49,3850108011821,Hrana,"1,49"
Kinder Èokolada 12 komada,6901037,0.15,150g,,2.39,,,15.93,4008400202921,Hrana,"1,99"
Pitroid Sprej protiv svih kukaca,6901185,0.349,400ml,,4.19,,,10.48,3856007902024,Proizvodi za kuæanstvo,"4,19"
Pitroid Sprej protiv leteæih kukaca,6901186,0.28,300ml,,3.69,,,12.3,3856007903625,Proizvodi za kuæanstvo,"3,69"
Aranžman Pup & Viktorija SK1,6901254,0.725,1komad,,11.99,,,11.99,3858889010446,Proizvodi za kuæanstvo,"11,99"
Grickalice SK1,0120556,0.15,150g,MCENNEDY,1.39,,,9.27,20770976,Hrana,"1,49"
Gumeni bomboni,0120822,0.3,300g,Sweet Corner,1.79,,,5.97,20724108,Hrana,"1,79"
BO Lisnato s jabukom i pudingom,0120943,0.1,90g,,0.59,,,6.56,20786427,Hrana,"0,55"
BO Lisnato s kakaom,0120944,0.1,90g,,0.59,,,6.56,20786434,Hrana,"0,55"
BO Lisnato pizza,0120948,0.1,90g,,0.59,,,6.56,20786472,Hrana,"0,59"
Sladoled štapiæ bijela èok.-badem,0121510,0.504,6x120ml,Bon Gelati,5.99,,,8.32,4056489375081,Hrana,"5,49"
Kobasica SK2,0121534,0.168,"150g,180g",Grillmeister,1.35,,,9,20668655,Hrana,"1,49"
Višenamjenske vlažne maramice,0121962,0.498,100komad,W5,1.49,,,0.01,4335619082984,Proizvodi za kuæanstvo,"1,49"
Alkalna baterija AAA,0121965,0.115,10komad,Tronic,2.99,,,0.3,4056489617013,Proizvodi za kuæanstvo,"2,25"
Fileti haringe,0179778,0.256,256g,Nautica,2.19,,,8.26,4056489697664,Hrana,"1,99"
Zlatni i srebrni listiæi SK1,0180015,0.001,3komad,Belbake,3.99,,,1.33,4056489704041,Hrana,"2,99"
Grissini SK1,0180196,0.25,250g,Deluxe,1.99,,,7.96,4056489697787,Hrana,"1,99"
Praline,0180469,0.25,250g,J.D. Gross,4.99,,,19.96,4056489713449,Hrana,"4,29"
Cabanossi SK1,0180492,0.2,200g,Dulano,2.99,,,14.95,4056489713630,Hrana,"2,99"
Razlièiti deserti SK21,0180597,0.475,"450g,500g",Deluxe,3.79,,,8.42,4056489714231,Hrana,Nije_bilo_u_prodaji_02.05.2025
Hrana za maèke XXL SK2,0180681,2.4,24x100g,Coshida,6.99,,,2.91,20262686,Proizvodi za kuæanstvo,"6,99"
BO Pšenièni bijeli kruh,0180897,0.28,250g,-,1.49,,,5.96,4056489718857,Hrana,"1,49"
Easy snack XXL SK1,0183860,0.725,"700g,750g",Chef Select,6.99,,,9.32,4056489754978,Hrana,"6,99"
Kotanyi Secrets SK4,0184462,0.035,"25g,30g,35g,38g,40g",,0.65,,,0.65,9001414011539,Hrana,"0,79"
Kotanyi Secrets SK4,0184462,0.035,"25g,30g,35g,38g,40g",,0.65,,,0.65,9001414134610,Hrana,"0,79"
Sladoled kakao,0185719,1.25,2500ml,Bon Gelati,4.75,,,1.9,4056489788973,Hrana,"4,75"
Proteinska ploèica SK6,0185837,0.045,45g,Sportyfeel,1.39,,,1.39,4056489789871,Hrana,Nije_bilo_u_prodaji_02.05.2025
Instant kava Crema,0186464,0.16,160g,Bellarom,5.89,,,36.81,4056489786030,Piæe,"5,15"
Lasagne Vegan,0166041,0.4,400g,Vemondo,2.99,,,7.48,4056489482017,Hrana,"2,99"
Tekuæi sapun za ruke antibakt. SK3,0166335,1.044,1l,Cien,1.99,,,1.99,4056489345312,Kozmetika,"1,99"
Keksi od ðumbira bez glutena,0166363,0.15,150g,Sondey,2.29,,,15.27,40874227,Hrana,"1,79"
Losos u lisnatom tijestu SK1,0166719,0.7,700g,Deluxe,10.99,,,15.7,4056489490906,Hrana,"8,09"
Espresso XXL,0167112,0.288,3x96g,Bellarom,9.99,,,34.69,4056489494775,Piæe,Nije_bilo_u_prodaji_02.05.2025
Namaz za bruschette SK3,0168069,0.19,190g,Deluxe,1.59,,,8.37,4056489516361,Hrana,"1,99"
Balsamico krema SK1,0168074,0.182,150ml,Acentino,1.29,,,8.6,4056489516415,Hrana,"1,29"
Mesni sir XXL SK1,0168204,0.492,"450g,500g",Dulano,3.99,,,7.98,4056489520283,Hrana,"3,99"
Onion Rings,0168305,0.45,450g,Let's have a party!,1.89,,,4.2,4056489920472,Hrana,"1,89"
Krema za ruke SK1,0168553,0.101,100ml,Cien,1.1,,,11,4335619092174,Kozmetika,"1,15"
Krekeri,0129376,0.1,100g,Snack Day,0.69,,,6.9,20940690,Hrana,"0,69"
Speyside Single Malt 40%,0129540,0.7,0.7l,Ben Bracken,16.99,,,24.27,20941581,Piæe,Nije_bilo_u_prodaji_02.05.2025
Windel Adventski kalendar SK15,0130060,0.075,75g,,1.78,,,23.73,4006613002277,Hrana,"1,06"
Windel Adventski kalendar SK15,0130060,0.075,75g,,1.78,,,23.73,4006613002307,Hrana,"1,06"
Claudel/Istara Sirni specijaliteti,0130333,0.195,"150g,200g,220g",,3.19,,,21.27,20611194,Hrana,"2,99"
Grickalice za pse SK1,0130809,0.16,"100g,150g,200g",Orlando,0.89,,,5.93,20971571,Proizvodi za kuæanstvo,"0,89"
Grickalice za pse SK1,0130809,0.16,"100g,150g,200g",Orlando,0.89,,,5.93,20971601,Proizvodi za kuæanstvo,"0,89"
'z bregov Protein. napit. èok. ban.,6903399,0.529,"0,5l",,2.49,,,4.98,3850108023619,Hrana,"2,52"
'z bregov Protein. napit. èok. ban.,6903399,0.529,"0,5l",,2.49,,,4.98,3850108023718,Hrana,"2,52"
ABC Svježi krem sir èili,6903472,0.1,100g,,1.15,,,11.5,3850257060701,Hrana,"1,05"
Kinder Èokolada,6903514,0.05,50g,,1.25,,,25,80177609,Hrana,"1,09"
Multivita Direct SK6,6903521,0.03,30g,,4.59,,,4.59,3858881249356,Hrana,"4,59"
"Sred. za èišæ. roštilj., nap. i peæ",6903548,0.527,500ml,Grill & Chill,1.59,,,3.18,4056489073406,Sredstva za èišæenje,"1,59"
Nivea Sun P&B Ulje u spreju ZF20,6903613,0.2,200ml,,15.99,,,79.95,4005900111296,Kozmetika,"15,99"
Nivea Sun P&B Ulje u spreju ZF20,6903613,0.2,200ml,,15.99,,,79.95,4005900118165,Kozmetika,"15,99"
PP Pileæi file na štapiæu,6903660,0.4,400g,,5.29,,,13.23,3838977024012,Hrana,"5,29"
"Krem sladoled štapiæ, badem",0001035,0.084,6x120ml,Bon Gelati,5.99,,,8.32,20001308,Hrana,"4,99"
Kapsule za pranje rublja SK4,0207435,0.756,36x21g,Formil,8.99,,,11.89,4335619023505,Sredstva za èišæenje,"8,99"
Sendviè vreæice,0208201,0.175,150komad,Aromata,0.69,,,0,4335619278950,Proizvodi za kuæanstvo,Nije_bilo_u_prodaji_02.05.2025
Baby pelene gaæice Junior,0208358,1.27,40komad,Lupilu,8.89,,,0.22,4335619036239,Toaletne potrepštine,"8,89"
Baby pelene gaæice XL,0208359,1.11,36komad,Lupilu,8.59,,,0.24,4335619036246,Toaletne potrepštine,"8,59"
Djeèje pelene midi,0208360,2.1,92komad,Lupilu,10.79,,,0.12,4335619036253,Toaletne potrepštine,"10,79"
Miješani pšenièni kruh,0208456,0.5,500g,Tastino,1.69,,,3.38,4335619036710,Hrana,"1,59"
Tortilla èips SK15,0209460,0.2,200g,Snack Day,1.09,,,5.45,4335619046283,Hrana,"1,09"
Sauvignon Blanc Italia Frizzante,0209840,0.2,"0,2l",-,0.79,,,3.95,4335619045996,Piæe,"0,79"
"Tuna komadiæi u v. soku, OM: 102g",0209938,0.145,145g,Nixe,1.39,,,13.63,4335619047198,Hrana,"1,09"
Staklena tjestenina XXL,0210069,0.2,2x100g,Vitasia,1.49,,,7.45,4335619047488,Hrana,Nije_bilo_u_prodaji_02.05.2025
Pasta za zube Trend SK2,0210471,0.06,100ml,Dentalux,0.85,,,8.5,4056489618799,Kozmetika,"0,85"
Gel za tuširanje 3u1,0210659,0.412,400ml,Cien MEN,1.29,,,3.23,4335619058491,Kozmetika,"1,29"
Mini keks SK1,0211588,0.2,200g,Favorina,1.59,,,7.95,4335619099784,Hrana,"2,19"
Mini keks SK1,0211588,0.2,200g,Favorina,1.59,,,7.95,4335619099791,Hrana,"2,19"
Salama s parmezanom SK1,0213334,0.06,60g,Deluxe,1.79,,,29.83,4335619083257,Hrana,"1,79"
Mini posip za kolaèe SK2,0214044,0.053,"55g,50g",Belbake,1.99,,,36.18,4335619085282,Hrana,Nije_bilo_u_prodaji_02.05.2025
Kremasti sapun za ruke SK2,0214341,0.521,500ml,Cien,1.49,,,2.98,4056489716402,Kozmetika,Nije_bilo_u_prodaji_02.05.2025
Kremasti sapun za ruke SK2,0214341,0.521,500ml,Cien,1.49,,,2.98,4335619092365,Kozmetika,Nije_bilo_u_prodaji_02.05.2025
Premium voæni namaz SK2,0214377,0.42,420g,Maribel,2.99,,,7.12,4056489955184,Hrana,"2,79"
Tablete za pranje posuða,0215014,1.02,60x17g,W5,6.99,,,6.85,4335619096585,Sredstva za èišæenje,"6,99"
Špageti/Tagliatelle SK1,0215160,0.5,500g,Deluxe,2.29,,,4.58,4335619100350,Hrana,"2,29"
BO Ciabatta s maslinovim uljem,0215253,0.3,300g,,2.49,,,8.3,8424465883749,Hrana,"2,49"
Cola,0215316,0.518,"0,5l",Freeway,0.75,,,1.5,4304493261464,Piæe,"0,75"
Tart sa sirom/ribanim tijestom SK44,0215581,1.25,1250g,Alpenfest,5.19,,,4.15,20193447,Hrana,"4,99"
Punjena tjestenina SK1,0215713,0.25,250g,Alpenfest,1.99,,,7.96,4056489290407,Hrana,"1,79"
Veganski njoki SK1,0215733,0.5,"400g,600g",Vemondo,1.29,,,3225,4056489706311,Hrana,"1,29"
Štapiæi za dentalnu njegu pasa SK1,0216941,0.27,270g,Orlando,1.49,,,5.52,4056489069645,Proizvodi za kuæanstvo,"1,49"
Tjestenina fusilli,6908228,1,1000g,Combino,1.39,,,1.39,4056489925736,Hrana,"1,49"
Tjestenina penne,6908229,1,1000g,Combino,1.39,,,1.39,4056489925743,Hrana,"1,49"
Ekstra djevièansko maslinovo ulje,6908237,0.75,"0,75l",Okusi zavièaja,11.49,,,15.32,4056489925781,Hrana,"11,49"
Primax Vreæe za smeæe s vezicom,6908249,0.272,15komad,,1.69,,,0.11,3859890458104,Proizvodi za kuæanstvo,"1,69"
Sunlove Njega za kosu SK1,6908343,0.256,250ml,,1.99,,,7.96,3850177003789,Kozmetika,"2,59"
Rio Mare Insalatissime Mexico duop.,6908373,0.32,2x160g,,4.25,,,13.28,8004030352612,Hrana,"4,29"
Kutjevo Rosé,6908434,0.75,"0,75l",,6.29,,,8.39,3850156001072,Piæe,"5,19"
Jana Ledeni èaj limun,6908441,1.527,"1,5l",,1.45,,,0.97,3856028500223,Piæe,"1,45"
Thomas Henry Ginger Beer,6908463,0.75,"0,75l",,3.69,,,4.92,4260310559650,Piæe,"3,99"
Ledo Kozice u hrskavoj panadi,6908492,0.25,250g,,5.49,,,21.96,3850116063805,Hrana,"4,79"
Biljni èaj XXL SK1,6908497,0.081,"40x2.250g,50x1.500g",Lord Nelson,0.99,,,13.2,4053216015913,Piæe,Nije_bilo_u_prodaji_02.05.2025
Biljni èaj XXL SK1,6908497,0.081,"40x2.250g,50x1.500g",Lord Nelson,0.99,,,13.2,4056489926245,Piæe,Nije_bilo_u_prodaji_02.05.2025
Biljni èaj XXL SK1,6908497,0.081,"40x2.250g,50x1.500g",Lord Nelson,0.99,,,11,4056489926252,Piæe,Nije_bilo_u_prodaji_02.05.2025
Špin ovèji sir,6908516,0.23,230g,,9.99,,,43.43,3858881196520,Hrana,"9,99"
Badel Pelinkovac Antique 35%,6908528,0.05,"0,05l",,1.75,,,35,3850112111289,Piæe,"1,75"
Badel Hrvatska Stara Šljivovica 40%,6908529,1,1l,,14.29,,,14.29,3850112121097,Piæe,"13,99"
Kinder Kinderini Keksi,6908535,0.25,250g,,3.75,,,15,8000500391228,Hrana,"2,99"
Evropa èokoladne bananice,6908542,0.544,544g,,3.99,,,7.33,5310002154430,Hrana,"3,99"
Vinceto alkoholni ocat 9%,6908567,1,1l,,0.69,,,0.69,3850164243587,Hrana,"0,69"
Losion za tijelo SK7,0098716,0.412,400ml,Cien,2.39,,,5.98,20516451,Kozmetika,"2,39"
Losion za tijelo SK7,0098716,0.412,400ml,Cien,2.39,,,5.98,4056489213444,Kozmetika,"2,39"
Losion za tijelo SK7,0098716,0.412,400ml,Cien,2.39,,,5.98,4335619081048,Kozmetika,"2,39"
Maska za lice 2x8ml SK2,0098722,0.017,1komad,Cien,0.59,,,0.59,20516536,Kozmetika,"0,59"
BB Krema za lice SK5,0098901,0.052,50ml,Cien,2.64,,,52.8,20561789,Kozmetika,2.64
Gillette Simply Venus Jedn. brit. ,0000535,0.14,12komad,,11.89,,,0.99,7702018070732,Kozmetika,"11,89"
Always Ultra Quattro ulošci SK,0000536,0.165,"40komad,24komad,28komad,20komad",,4.99,,,0.18,4015400489764,Toaletne potrepštine,"4,99"
Always Ultra Quattro ulošci SK,0000536,0.165,"40komad,24komad,28komad,20komad",,4.99,,,0.12,8006540211380,Toaletne potrepštine,"4,99"
Always Ultra Quattro ulošci SK,0000536,0.165,"40komad,24komad,28komad,20komad",,4.99,,,0.12,8700216171342,Toaletne potrepštine,"4,99"
Always Ultra Quattro ulošci SK,0000536,0.165,"40komad,24komad,28komad,20komad",,4.99,,,0.25,8700216861182,Toaletne potrepštine,"4,99"
Naturella Ultra ulošci SK,0000538,0.148,"40komad,32komad,28komad",,4.79,,,0.17,4015400197546,Toaletne potrepštine,"4,79"
Naturella Ultra ulošci SK,0000538,0.148,"40komad,32komad,28komad",,4.79,,,0.17,8006540399521,Toaletne potrepštine,"4,79"
Naturella Ultra ulošci SK,0000538,0.148,"40komad,32komad,28komad",,4.79,,,0.15,8006540399569,Toaletne potrepštine,"4,79"
Felix Party Mix Poslastice za maèke,0000550,0.06,60g,Nestlé,1.49,,,24.83,3858890176919,Proizvodi za kuæanstvo,"1,49"
Herbal Essences šampon jagoda&metv.,0000616,0.419,400ml,,4.55,,,11.38,8006540318614,Kozmetika,"4,55"
Ariel kapsule Extra Plus Hygiene,0000621,1.533,60komad,,23.99,,,0.4,8700216764032,Sredstva za èišæenje,Nije_bilo_u_prodaji_02.05.2025
Èipi Èips SK1,0000629,0.195,"190g,200g",,2.99,,,15.74,3856021300646,Hrana,"2,99"
o.b. ProComfort Tamponi SK1,0000678,0.1,32komad,,6.79,,,0.21,3574661485201,Toaletne potrepštine,"6,49"
"Persil 4u1 Discs Color, 68 WL",0000688,1.122,"1,122kg",,19.99,,,17.82,9000101826746,Sredstva za èišæenje,Nije_bilo_u_prodaji_02.05.2025
Lenor Omeksivac Fresh Wind 50pranja,0000697,0.695,700ml,,6.45,,,9.21,8700216722940,Sredstva za èišæenje,Nije_bilo_u_prodaji_02.05.2025
Haribo gumeni bomboni SK1,0000701,0.2,200g,,2.45,,,12.25,9002975315104,Hrana,"2,45"
Haribo gumeni bomboni SK1,0000701,0.2,200g,,2.45,,,12.25,9002975722025,Hrana,"2,45"
Gourmet Gold Mix,0000765,1.02,12x85g,,8.99,,,8.81,8445291472785,Proizvodi za kuæanstvo,Nije_bilo_u_prodaji_02.05.2025
Somat All in 1 Extra,0000773,1.66,100kom,,19.99,,,0.2,9000101809558,Sredstva za èišæenje,Nije_bilo_u_prodaji_02.05.2025
Milka keksi Choco Minis,0000781,0.15,150g,,1.99,,,13.27,7622300441715,Hrana,Nije_bilo_u_prodaji_02.05.2025
Taft Gel za kosu,0000784,0.15,150ml,,4.55,,,30.33,9000100876452,Kozmetika,Nije_bilo_u_prodaji_02.05.2025
Taft Gel za kosu,0000784,0.15,150ml,,4.55,,,30.33,9000101723366,Kozmetika,Nije_bilo_u_prodaji_02.05.2025
Taft Gel za kosu,0000784,0.15,150ml,,4.55,,,30.33,9000101723700,Kozmetika,Nije_bilo_u_prodaji_02.05.2025
Milka jagoda,0000798,0.3,300g,,2.99,,,9.97,7622200007769,Hrana,Nije_bilo_u_prodaji_02.05.2025
Old Spice poklon paket Captain,0000807,0.055,"50ml, 250 ml",,9.99,,,199.8,8006530042437,Kozmetika,Nije_bilo_u_prodaji_02.05.2025
Bref WC Pine/Lavender,0000864,0.2,4X50g,,4.19,,,20.95,9000101316988,Sredstva za èišæenje,"4,19"
"Filet lososa s kožom, cca. 200-400g",0124551,1,ca. 200-400g,-,,14.99,19.99,14.99,2895631000000,Hrana,"19,99"
"Pšenièno pivo 5,5%",0125033,4.026,"6x0,5l",Perlenbacher,6.09,,,2.03,20916664,Piæe,"6,09"
Pecivo bagel,0125057,0.11,110g,,0.69,,,6.27,20866556,Hrana,"0,69"
Punj. èokoladni štap. lješ.-krispi,0125362,0.2,200g,Mister Choc,2.99,,,14.95,20867966,Hrana,"2,99"
Uljni sprej za sunèanje ZF 20,0125381,0.226,250ml,Cien,5.99,,,23.96,4056489368762,Kozmetika,"5,99"
Namaz od lješnjaka,0125477,0.4,400g,Italiamo,2.99,,,7.48,20871765,Hrana,"2,99"
Èips SK1,0125537,0.2,200g,Eridanous,1.69,,,8.45,20871833,Hrana,"1,59"
Croccantini SK1,0125554,0.15,150g,Italiamo,2.39,,,15.93,20872007,Hrana,"1,79"
Balkanski sir SK1,0125611,0.15,150g,NOSTJA,1.79,,,11.93,20872298,Hrana,"1,79"
Rumenilo SK5,0126194,0.005,1komad,Cien,2.39,,,2.39,20908003,Kozmetika,"2,39"
Hrana za pse [SC] SK6,0126679,0.15,150g,Orlando Gourmet,0.65,,,4.33,20861360,Proizvodi za kuæanstvo,"0,65"
Maska za kosu SK2,0126801,0.3,300ml,Cien,2.49,,,8.3,4056489254706,Kozmetika,"2,49"
Tradicionalni Hummus SK3,0195648,0.2,200g,-,1.39,,,6.95,4056489456544,Hrana,"1,39"
Obrok u boci SK4,0196805,0.5,500ml,Pilos,2.99,,,5.98,4304493270312,Hrana,"2,79"
Obrok u boci SK4,0196805,0.5,500ml,Pilos,2.99,,,5.98,4304493270435,Hrana,"2,79"
Obrok u boci SK4,0196805,0.5,500ml,Pilos,2.99,,,5.98,4335619113381,Hrana,"2,79"
Masline SK20,0196890,0.15,150g,1001 delights,2.29,,,15.27,4056489920083,Hrana,"1,95"
Gurmanske salame SK1,0196953,0.08,80g,Deluxe,1.79,,,22.38,4056489920274,Hrana,"2,29"
Listovi za izradu rolica,0197734,0.55,550g,Vitasia,3.79,,,6.89,4056489955139,Hrana,"3,99"
Specijalna pasta za zube SK8,0197871,0.154,125ml,Dentalux,0.99,,,7.92,4335619032903,Kozmetika,"1,05"
Èokoladne ploèice,0198390,0.15,150g,Favorina,2.39,,,15.93,4056489932420,Hrana,"2,39"
Komadiæi èokolade SK6,0199327,0.1,100g,Belbake,2.09,,,20.9,4056489609308,Hrana,"2,49"
Kuglice od peradi s mesn. sirom SK1,0199351,0.3,300g,Alpenfest,2.19,,,7.3,4056489940043,Hrana,"2,25"
Kuglice od peradi s mesn. sirom SK1,0199351,0.3,300g,Alpenfest,2.19,,,7.3,4056489940050,Hrana,"2,25"
Burger SK1,0200893,0.205,"200g,210g",Chef Select,1.99,,,0.95,4056489788553,Hrana,"1,99"
Namaz od avokada SK1,0201024,0.15,150g,Chef Select,2.49,,,16.6,4056489962991,Hrana,"2,19"
Namaz od avokada SK1,0201024,0.15,150g,Chef Select,2.49,,,16.6,4056489963004,Hrana,"2,19"
Namaz od slanutka i ind. oraš. SK4,0202025,0.15,150g,Chef Select,2.19,,,14.6,4335619167629,Hrana,Nije_bilo_u_prodaji_02.05.2025
Hrana za maèke 4x100g SK3,0202903,0.4,4x100g,Coshida,1.59,,,3.98,4056489694519,Proizvodi za kuæanstvo,"1,59"
Kotanyi Quick & Easy SK2,0203026,0.033,"25g,26g,30g,35g,40g",,0.79,,,0.79,9001414237236,Hrana,"0,69"
Double sladoled na štapiæu SK16,0203637,0.288,"4x85ml,4x90ml",Gelatelli,4.49,,,13.21,4335619008991,Hrana,"4,49"
Tekuæi sapun SK3,0203771,2.06,2l,Cien,2.99,,,1.5,4056489878094,Kozmetika,Nije_bilo_u_prodaji_02.05.2025
Bou.MarsMil.SnickerTwiMin SK5,0203889,0.227,227g,,3.99,,,17.58,5000159562430,Hrana,"3,59"
Bou.MarsMil.SnickerTwiMin SK5,0203889,0.227,227g,,3.99,,,17.58,5000159562676,Hrana,"3,59"
M&M's SK1,0203908,0.139,"128g,150g",,3.29,,,21.93,5000159454346,Hrana,Nije_bilo_u_prodaji_02.05.2025
M&M's SK1,0203908,0.139,"128g,150g",,3.29,,,21.93,5000159471725,Hrana,Nije_bilo_u_prodaji_02.05.2025
M&M's SK1,0203908,0.139,"128g,150g",,3.29,,,25.7,5000159561723,Hrana,Nije_bilo_u_prodaji_02.05.2025
M&M's SK1,0203908,0.139,"128g,150g",,3.29,,,21.93,5000159561723,Hrana,Nije_bilo_u_prodaji_02.05.2025
Grèki umaci SK1,0204413,0.19,190g,Eridanous,2.49,,,13.11,4335619011328,Hrana,Nije_bilo_u_prodaji_02.05.2025
Humus SK56,0205149,0.175,175g,Chef Select,1.49,,,8.51,4056489961338,Hrana,"1,19"
Smrznuto voæe XXL SK7,0205394,0.925,"1000g,750g",Freshona,4.99,,,4.99,20535179,Hrana,"4,49"
Kinder Mini èokoladna jaja,0205948,0.085,85g,,2.69,,,31.65,8000500392119,Hrana,"2,69"
Pro Vitamin Šampon 2u1  SK1,0206650,0.413,400ml,Cien,2.09,,,5.23,4056489994244,Kozmetika,"2,09"
Pro Vitamin Šampon 2u1  SK1,0206650,0.413,400ml,Cien,2.09,,,5.23,4335619327931,Kozmetika,"2,09"
Tamna èokolada,5550248,0.1,100g,,1.19,,,11.9,5900915029880,Hrana,"1,19"
Gel za pranje rublja SK1,5560585,2.07,"1,98l",Formil,3.85,,,1.94,4056489881476,Sredstva za èišæenje,"4,29"
Gel za pranje rublja SK1,5560585,2.07,"1,98l",Formil,3.85,,,1.94,4056489881483,Sredstva za èišæenje,"4,29"
Voæni mousse XXL SK6,5564232,0.2,200g,Freshona,0.99,,,4.95,4056489584407,Hrana,"0,99"
Zobena kaša bez šeæera SK1,5565296,0.45,450g,Crownfield,3.29,,,7.31,4335619034327,Hrana,Nije_bilo_u_prodaji_02.05.2025
Topljeni sir,5569572,0.14,140g,Pilos,1.49,,,10.64,5900746009464,Hrana,Nije_bilo_u_prodaji_02.05.2025
Mirisne luèice SK8 ,5569779,0.214,18komad,-,1.59,,,0.09,4335619141384,Proizvodi za kuæanstvo,"1,59"
"Micelarna voda, tonik za lice SK2",5572059,0.404,400ml,Cien,2.65,,,6.63,4335619191280,Kozmetika,Nije_bilo_u_prodaji_02.05.2025
Tamna èokolada,5574068,0.1,100g,,1.29,,,12.9,5905858676030,Hrana,"1,19"
Mlijeèna èokolada 27% Kakao,5575220,0.1,100g,Favorina,1,,,10,4335619261075,Hrana,Nije_bilo_u_prodaji_02.05.2025
Osvježivaè zraka cvjetni miris SK8,5581087,0.075,75ml,W5,2.99,,,39.87,4056489813910,Sredstva za èišæenje,Nije_bilo_u_prodaji_02.05.2025
Frappe SK1,5582294,0.25,250g,MCENNEDY,2.29,,,9.16,4335619258662,Piæe,Nije_bilo_u_prodaji_02.05.2025
Cappuccino Sticks SK1,5582298,0.156,"10x14,2g, 10x17g",Bellarom,1.69,,,9.94,4056489618744,Piæe,Nije_bilo_u_prodaji_02.05.2025
Sred. za èišæenje perilice posuða,0013208,0.519,2x250ml,W5,2.99,,,5.98,4056489322825,Sredstva za èišæenje,"1,99"
"Bijeli rum 37,5% vol.",0013242,0.67,"0,7l",James Cook,6.49,,,9.27,4304493262249,Piæe,"5,99"
Aquafresh djeèja pasta za zube SK2,6903927,0.05,50ml,,2.89,,,57.8,3830029292172,Kozmetika,"2,59"
Pjenušac Bianco brut,6903968,0.75,"0,75l",Winemakers of Croatia,6.29,,,8.39,4304493258891,Piæe,"6,29"
Podravka Goveði gulaš,6903998,0.4,400g,,3.59,,,8.98,3850104020087,Hrana,"3,39"
Kinder Cards punjeni keksi,6904069,0.128,128g,,3.49,,,27.27,8000500269169,Hrana,"3,19"
Kinder Bueno 6komada,6904071,0.129,129g,,2.99,,,23.18,4008400322728,Hrana,"2,99"
"Kiseli kupus glavica, cca. 1kg",6904118,1,ca 1kg,Okusi zavièaja,1.99,,,1.99,2143900012723,Hrana,"1,79"
"Kiseli kupus glavica, cca. 1kg",6904118,1,ca 1kg,Okusi zavièaja,1.99,,,1.99,2143908000000,Hrana,"1,79"
"Kiseli kupus glavica, cca. 1kg",6904118,1,ca 1kg,Okusi zavièaja,1.99,,,1.99,2891896000000,Hrana,"1,79"
"Kiseli kupus glavica, cca. 1kg",6904118,1,ca 1kg,Okusi zavièaja,1.99,,,1.99,2891899000000,Hrana,"1,79"
The Natural Krema za lice SK1,6904123,0.05,50ml,,5.19,,,103.8,3859893507144,Kozmetika,"5,19"
The Natural Krema za lice SK1,6904123,0.05,50ml,,5.19,,,103.8,3859893507175,Kozmetika,"5,19"
Spritz-Bitter ,0170882,1.512,1komad,-,12.99,,,17320,4335619047440,Piæe,"13,39"
Omekšivaè 80 pranja SK2,0170888,1.998,2l,Doussy,2.99,,,0.04,4056489587781,Sredstva za èišæenje,"2,99"
Omekšivaè 80 pranja SK2,0170888,1.998,2l,Doussy,2.99,,,1.5,4056489982975,Sredstva za èišæenje,"2,99"
Proteinski Quark SK1,0170986,0.4,4x100g,Milbona,1.99,,,4.98,4056489545378,Hrana,"1,93"
Mini tart SK1,0171315,0.19,"2x100g,2x90g",Deluxe,3.49,,,17.45,4056489570059,Hrana,"3,49"
Hummus [FK] SK3,0171646,0.22,220g,Chef Select,1.99,,,9.05,4056489459521,Hrana,"1,99"
Poklon set lak za nokte,0171702,0.066,3komad,Cien,1.99,,,1.99,4056489572695,Kozmetika,"1,99"
BO Krafna u obliku srca,0171757,0.057,72g,,0.59,,,8.19,4056489573081,Hrana,"0,59"
Drvena igraèka sa zecom,0172280,0.043,43g,,12.99,,,12.99,4006613004714,Hrana,"12,99"
Èokoladna jaja SK2,0172336,0.15,150g,Favorina,2.51,,,16.73,4335619326248,Hrana,Nije_bilo_u_prodaji_02.05.2025
Prašak za puding vanilija,0172428,0.19,190g,Belbake,0.89,,,4.68,4335619231375,Hrana,"0,89"
Christmas Toffee Mix ,0172826,0.5,500g,Favorina,4.59,,,9.18,4056489129844,Hrana,"6,49"
Pjenasti poljupci šarene konfete,0173690,0.24,240g,Let's have a party!,2.69,,,11.21,4056489604419,Hrana,"2,39"
Uskršnja lizalica SK1,7407215,0.02,20g,Favorina,0.79,,,39.5,4056489567219,Hrana,"0,79"
"Ardenska kobasica, narezak",7407831,1,ca. 160g,,16.19,,,16.19,2894962000000,Hrana,"16,19"
"Ardenska kobasica, narezak",7407831,1,ca. 160g,,16.19,,,16.19,2894969000000,Hrana,"16,19"
Desert u èaši,7408401,0.11,2x55g,Vitasia,2.19,,,19.91,4056489740544,Hrana,"2,79"
Aromatizirani maslac SK1,7409654,0.125,125g,Deluxe,2.39,,,19.12,4056489986218,Hrana,"2,13"
Aromatizirani maslac SK1,7409654,0.125,125g,Deluxe,2.39,,,19.12,4056489986799,Hrana,"2,13"
"Zaèin za ribu, mljeveno",7508495,0.03,30g,Kania,0.29,,,0.29,4056489528760,Hrana,"0,39"
Komadi od sira Kajen,7608501,0.08,80g,,1.49,,,18.63,4770299404723,Hrana,"1,19"
Premium sladoled na štapiæu SK3,7610389,0.063,100ml,Gelatelli,0.99,,,9.9,4056489838593,Hrana,"0,99"
Džiugas maslac,7613005,0.25,250g,,1.18,,,4.72,4770299404419,Hrana,Nije_bilo_u_prodaji_02.05.2025
Knedle na bavarski naèin SK2,7700378,0.4,400g,Alpenfest,2.79,,,6.98,4056489207252,Hrana,"2,19"
"Schupfnudeln, Eierspätzle SK3",7701209,0.5,500g,Chef Select,2.09,,,4.18,20809676,Hrana,"2,09"
Extra džem SK2,6904671,0.86,860g,-,2.99,,,3.48,4056489075097,Hrana,"2,99"
Extra džem od smokve SK1,6904678,0.24,240g,Deluxe,1.99,,,8.29,4056489075127,Hrana,"1,99"
Rebel Natural Protein Whey SK1,6908928,0.7,700g,,21.99,,,31.41,0634158791093,Hrana,"21,99"
Nutella Croissant,6908932,0.085,85g,,1.09,,,12.82,8000500424414,Hrana,"1,09"
Dekorativna/Saten mašna SK1,6908954,0.001,1komad,,1.69,,,1.69,3856023024991,Proizvodi za kuæanstvo,"1,69"
Dekorativna/Saten mašna SK1,6908954,0.001,1komad,,1.69,,,1.69,3856023025004,Proizvodi za kuæanstvo,"1,69"
Dekorativna/Saten mašna SK1,6908954,0.001,1komad,,1.69,,,1.69,3856023025028,Proizvodi za kuæanstvo,"1,69"
PIK Hamburger,6908958,0.35,350g,,3.99,,,11.4,3850139051353,Hrana,Nije_bilo_u_prodaji_02.05.2025
BO Maxi lisnato šunka sir,6908988,0.089,89g,,0.55,,,6.18,5999006914860,Hrana,Nije_bilo_u_prodaji_02.05.2025
"Jaja, razred M, 10kom.",6908999,0.058,10komad,,2.45,,,0.25,3859888545106,Hrana,"2,39"
"Jaja, razred L, 10kom.",6909000,0.068,10komad,,2.89,,,0.29,20156305,Hrana,"2,59"
Proteini.si Oat Cake Creamy Yoghurt,6909023,0.06,60g,,0.95,,,15.83,3830084724052,Hrana,"0,99"
Violeta Omekšivaè Gold 62 pranja,6909039,1.55,"1,55l",,2.99,,,1.93,3870128035294,Sredstva za èišæenje,"3,49"
Talianetta tjestenina Milanese,6909093,0.155,155g,,1.49,,,9.61,3856020269340,Hrana,"1,49"
Dolcela Puding èokolada,6909095,0.135,3x45g,,0.99,,,7.33,3850104275517,Hrana,"1,99"
PP Orahovica Èips od šarana Classic,6909117,0.25,250g,,3.99,,,15.96,3858889834424,Hrana,"3,99"
PP Orahovica Nuggets od šarana,6909120,0.24,240g,,3.29,,,13.71,3858889834462,Hrana,"3,29"
Oshee izotonièni napitak limun,6909138,0.75,750ml,,1.25,,,1.67,5908260251550,Piæe,Nije_bilo_u_prodaji_02.05.2025
Kaèkavalj polutvrdi sir,6909193,0.5,500g,,4.49,,,8.98,3859894087447,Hrana,"4,49"
"Zanatsko svijetlo pivo 4,0%",6909196,2,2l,,1.85,,,0.93,3858887582297,Piæe,"1,89"
Torterie Macaron Dubai torta,6909202,0.19,220g,,4.99,,,22.68,3859894320124,Hrana,"4,99"
Sprej za èišæenje naoèala,6909209,0.05,50ml,W5,1.79,,,1.79,4335619246430,Proizvodi za kuæanstvo,Nije_bilo_u_prodaji_02.05.2025
Salatmix Bowl SK1,6909215,0.198,"195g,200g",Chef Select,2.99,,,15.33,4335619246256,Hrana,Nije_bilo_u_prodaji_02.05.2025
Edamer u komadu XXL,5509403,0.35,350g,Pilos,2.29,,,6.54,20930950,Hrana,"2,29"
Vafli od riže SK10,5510198,0.1,100g,-,0.99,,,9.9,4334035960487,Hrana,"0,79"
Punjena mlijeèna èok. RFA SK2,5510305,0.1,100g,Fin Carré,1.29,,,12.9,20902452,Hrana,"1,19"
Adventski kalendar,5512509,0.075,75g,,1.09,,,14.53,5903228100468,Hrana,"1,09"
Aranžmani SK2,6908585,0.86,1komad,,18.99,,,18.99,3858892743461,Proizvodi za kuæanstvo,"18,99"
Aranžmani Lena,6908587,1.2,1komad,,29.99,,,29.99,3858889010316,Proizvodi za kuæanstvo,"29,99"
Mr. Brownie s kom. èoko. i bombona,6908603,0.2,200g,,2.59,,,12.95,8411037892490,Hrana,"2,59"
Corega tablete za èiš. zub. proteza,6908630,0.1,30komad,,6.19,,,0.21,5054563213013,Kozmetika,"6,19"
Ekos kruška s karamelom kolaè,6908634,0.32,320g,,4.89,,,15.28,3858889619304,Hrana,Nije_bilo_u_prodaji_02.05.2025
FROZY Panirani kolutiæi lignje,6908642,0.4,400g,,1.99,,,4.98,3858891045580,Hrana,"2,09"
Peèena šunka narezak,6908656,0.2,200g,Okusi zavièaja,2.89,,,14.45,4056489926375,Hrana,Nije_bilo_u_prodaji_02.05.2025
BO Raženi miješani kruh,6908661,0.5,500g,,0.85,,,1.7,3859894231024,Hrana,"1,59"
Voli Voli Suha hrana za pse govedin,6908666,9,3kg,,3.39,,,1130,3859893822506,Proizvodi za kuæanstvo,Nije_bilo_u_prodaji_02.05.2025
Ira Buket Ruža/Hortenzija SK2,6908700,0.01,1komad,,4.99,,,4.99,3856023043763,Proizvodi za kuæanstvo,Nije_bilo_u_prodaji_02.05.2025
L'Angelica Gel za tuširanje SK4,6908755,0.5,500ml,,2.99,,,5.98,8017331081778,Kozmetika,"3,19"
Palmolive Gel za tuširanje SK2,6908812,0.78,750ml,,4.89,,,6.52,8693495035972,Kozmetika,"4,49"
Vindon Deluxe pureæa šunka,6908824,0.1,100g,,2.59,,,25.9,3850159128813,Hrana,"2,59"
Borotalco Dezodorans u spreju Inv.,6908832,0.09,150ml,,3.49,,,23.27,8002410042214,Kozmetika,"2,09"
Šunka u ovitku,6908866,0.2,200g,Pikok,1.49,,,7.45,4056489926542,Hrana,Nije_bilo_u_prodaji_02.05.2025
Silma Èvarci,6908869,0.2,200g,,3.19,,,15.95,3859892782009,Hrana,"3,19"
Tic Tac 100 komada SK1,6908888,0.054,54g,,1.89,,,35,8000500166697,Hrana,"1,99"
Saltas Slani štapiæi s kikirikijem,6908895,0.27,270g,,2.19,,,8.11,3856014107078,Hrana,"2,19"
"Svinjski vrat 		",6908907,1,"ca. 2,5 kg",,3.99,,,3.99,2809060000000,Hrana,"4,85"
Punjena tjestenina SK13,0217584,0.25,250g,Deluxe,2.49,,,9.96,4056489291268,Hrana,"2,29"
Kotanyi zaèini SK71,0217856,0.038,"33g,35g,36g,48g",,1.85,,,38.54,9001414204245,Hrana,"2,49"
Keks sa èokoladom,0218442,0.225,225g,Favorina,2.88,,,12.8,4335619117990,Hrana,Nije_bilo_u_prodaji_02.05.2025
Bijela èokolada s karamelom,0219114,0.1,100g,Fin Carré,1.69,,,16.9,4056489928508,Hrana,"1,39"
"Hrana za pse, govedina",0220155,1.25,1250g,Bellosan,1.59,,,1.27,20124021,Proizvodi za kuæanstvo,"1,59"
Hrana za pse u umaku SK1,0220161,0.415,415g,Bellosan,0.79,,,1.9,20430597,Proizvodi za kuæanstvo,"0,79"
Hrana za pse u umaku SK1,0220161,0.415,415g,Bellosan,0.79,,,1.9,4335619134829,Proizvodi za kuæanstvo,"0,79"
High Protein napitak SK1,0220867,0.85,850g,Milbona,2.89,,,3.4,4335619140196,Hrana,Nije_bilo_u_prodaji_02.05.2025
BO Kolaè s jabukom,0221197,0.13,130g,,0.99,,,7.62,4335619147942,Hrana,Nije_bilo_u_prodaji_02.05.2025
BO Croissant s maslacem,0221305,0.065,65g,,0.49,,,7.54,4053216054530,Hrana,"0,49"
Veganski puding SK1,0221396,0.2,200g,Vemondo,1.29,,,6.45,4335619149540,Hrana,Nije_bilo_u_prodaji_02.05.2025
Bomboni SK1,0222206,1.2,1200g,Let's have a party!,6.99,,,5.83,4335619161955,Hrana,Nije_bilo_u_prodaji_02.05.2025
Torba sa zeèjim ušima plava i roza,0222315,0.118,118g,Favorina,5.19,,,43.98,4335619162310,Hrana,"5,19"
Mini ploèice,0223003,0.5,500g,Halloween,4.39,,,8.78,4335619166349,Hrana,"4,39"
Bio voæni namaz SK1,0223332,0.24,240g,Maribel,2.69,,,11.21,4335619167162,Hrana,"2,39"
Rosa Aperitiv 14%,0224837,0.7,0.7l,Massari,4.99,,,7.13,4304493271739,Piæe,Nije_bilo_u_prodaji_02.05.2025
Multivitaminski sok 10%,0225625,2.9,"14x0,2l",Solevita,5.99,,,2.14,4335619195004,Piæe,Nije_bilo_u_prodaji_02.05.2025
Kobasica od crne svinje,5905806,0.13,130g,Deluxe,3.15,,,24.23,20027278,Hrana,"2,49"
Vino,5907885,0.765,750ml,Armilar,12.99,,,17.32,20252540,Piæe,Nije_bilo_u_prodaji_02.05.2025
Vrganji,6000066,0.3,300g,Deluxe,3.39,,,11.3,4056489720546,Hrana,"3,39"
Le Sfoglie lisnati keksi,6000123,0.225,225g,Italiamo,1.89,,,8.4,4056489042396,Hrana,"1,79"
Pesto SK1,6000271,0.18,180g,Italiamo,1.69,,,9.39,20469894,Hrana,"1,39"
Mozzarella - meki bivolji sir,6000290,0.25,250g,Deluxe,3.49,,,13.96,20361587,Hrana,"2,92"
Tarallucci keksi SK2,6000491,0.2,200g,Deluxe,1.79,,,8.95,20422257,Hrana,"1,79"
Sir s tartufima,6000698,0.15,150g,Deluxe,3.29,,,21.93,20570712,Hrana,"2,65"
Balzam za kosu ,1000894,0.5,500ml,Cien,1.55,,,3039.22,4335619216853,Kozmetika,Nije_bilo_u_prodaji_02.05.2025
Špinat XXL,1001042,1.3,1300g,Freshona,3.69,,,2.84,4335619258723,Hrana,Nije_bilo_u_prodaji_02.05.2025
Whey proteinski prah SK1,1001902,0.42,420g,Sportyfeel,12.99,,,30.93,4335619267732,Hrana,Nije_bilo_u_prodaji_02.05.2025
Dalmatinska juha,1002195,0.056,56g,Kania,0.59,,,10.54,4056489926153,Hrana,"0,69"
Sol/papar SK21,1002203,0.119,"100g,85g,180g",Deluxe,3.64,,,20.22,4335619175655,Hrana,Nije_bilo_u_prodaji_02.05.2025
Premium domino kocke SK1,1002515,0.175,175g,Favorina,2.53,,,14.46,4335619278929,Hrana,Nije_bilo_u_prodaji_02.05.2025
Mirisne luèice SK1,1003574,0.432,36komad,Livarno,2.99,,,0.08,4335619289680,Proizvodi za kuæanstvo,Nije_bilo_u_prodaji_02.05.2025
Dressing za salatu SK5,1004043,0.315,300ml,MCENNEDY,1.69,,,5.63,20148669,Hrana,Nije_bilo_u_prodaji_02.05.2025
Igraèka sa slatkišima,1006652,0.082,82g,Favorina,14,,,170.73,4335619317802,Hrana,Nije_bilo_u_prodaji_02.05.2025
Ritter Sport Èok. s oraš. plo. SK2,1009479,0.1,100g,,2.49,,,24.9,4000417702005,Hrana,Nije_bilo_u_prodaji_02.05.2025
Desert u èaši,1013973,0.12,2x60g,Deluxe,2.79,,,23.25,4056489491606,Hrana,Nije_bilo_u_prodaji_02.05.2025
Ekos Schwarzwald torta,6909251,0.95,950g,,12.19,,,12.83,3858889619663,Hrana,"14,99"
Ekos Torta malina-pistacija,6909255,1,1kg,,11.99,,,11.99,3858889619649,Hrana,"15,49"
JGL Djeèja mast 500ml,6909271,0.5,500ml,,10.95,,,21.9,3858891010090,Kozmetika,Nije_bilo_u_prodaji_02.05.2025
Cedevita Vitamin. voda limun-ananas,6909333,1.5,1.5l,,1.59,,,1.06,3850322017050,Piæe,Nije_bilo_u_prodaji_02.05.2025
"Ravni kulen, narezak",6909336,0.25,250g,Okusi zavièaja,3.35,,,13.4,4335619246577,Hrana,Nije_bilo_u_prodaji_02.05.2025
Pavloviæ Aranžman SK1,6909387,0.615,1komad,,9.99,,,9.99,3859889398213,Proizvodi za kuæanstvo,Nije_bilo_u_prodaji_02.05.2025
Pavloviæ Aranžman SK2,6909391,1,1komad,,29.99,,,29.99,3859889398411,Proizvodi za kuæanstvo,Nije_bilo_u_prodaji_02.05.2025
Aptamil 1 Hrana za dojenèad,6909398,0.8,800g,,18.95,,,23.69,4056631001226,Hrana,Nije_bilo_u_prodaji_02.05.2025
Andro Špekerica,6909409,0.4,400g,,4.49,,,11.23,3858892822968,Hrana,Nije_bilo_u_prodaji_02.05.2025
"Dobro zimska salama, narezak",6909435,0.5,500g,,6.99,,,13.98,3850133800247,Hrana,Nije_bilo_u_prodaji_02.05.2025
"Mlada prasetina, cca. 2,5kg",6909460,1,"cca. 2,5kg",,3.99,,,3.99,2846850000000,Hrana,Nije_bilo_u_prodaji_02.05.2025
"Mlada prasetina, cca. 2,5kg",6909460,1,"cca. 2,5kg",,3.99,,,3.99,2846851000000,Hrana,Nije_bilo_u_prodaji_02.05.2025
"Mlada prasetina, cca. 2,5kg",6909460,1,"cca. 2,5kg",,3.99,,,3.99,2846854000000,Hrana,Nije_bilo_u_prodaji_02.05.2025
Pivac Suho meso cca 700g,6909467,1,ca. 700g,,6.99,,,6.99,2105249000000,Hrana,Nije_bilo_u_prodaji_02.05.2025
Ornel Omekšivaè za rublje Yellow 11,6909497,4,4l,,4.49,,,4.49,3850105190468,Sredstva za èišæenje,Nije_bilo_u_prodaji_02.05.2025
Zdenka Topljeni sir SK1,0005039,0.14,140g,,2.19,,,15.64,3858888590093,Hrana,"2,19"
Nestlé Nescafe 2u1/3u1,0005074,0.137,"80g, 140g, 155g",,2.99,,,21.36,7613036842365,Piæe,"2,99"
Nestlé Nescafe 2u1/3u1,0005074,0.137,"80g, 140g, 155g",,2.99,,,19.29,7613036843881,Piæe,"2,99"
Nestlé Nescafe 2u1/3u1,0005074,0.137,"80g, 140g, 155g",,2.99,,,37.38,8445290749413,Piæe,"2,99"
"Èoko vafli s mlijeènom èok., UTZ",0005097,0.04,40g,Sondey,0.39,,,0.39,20293765,Hrana,"0,39"
Halva s okusom vanilije,6200041,0.25,250g,Eridanous,2.29,,,9.16,20233655,Hrana,"0,93"
Grèki feta sir,6200776,0.2,200g,Milbona,3.29,,,16.45,20664459,Hrana,"3,29"
Grèko pecivo u sirupu,6204312,0.22,220g,Deluxe,2.09,,,9.5,20992026,Hrana,Nije_bilo_u_prodaji_02.05.2025
Štapiæi od kruha SK8,6204482,0.24,240g,Eridanous,1.79,,,7.46,4056489264774,Hrana,Nije_bilo_u_prodaji_02.05.2025
Kalamon masline (ATG200g),6205961,0.36,370ml,Deluxe,2.59,,,7,20654382,Hrana,"2,59"
Pita kruh,6206570,0.65,650g,Eridanous,2.39,,,3.68,4056489908128,Hrana,"2,39"
"BO Zlatna kiflica, 30g",0004854,0.03,30g,,0.35,,,0.35,3858889612770,Hrana,"0,29"
Srdele s kriškom limuna,0004877,0.1,100g,Okusi zavièaja,1.19,,,11.9,20539399,Hrana,"1,19"
Knorr Umaci SK1,0004901,0.336,750ml,,1.49,,,0.75,4038700117007,Hrana,"1,49"
Premium pivo 5%,0004920,0.503,"0,5l",Argus,0.89,,,1.78,20154066,Piæe,"0,72"
Premium pivo 5%,0004920,0.503,"0,5l",Argus,0.89,,,1.78,4056489877714,Piæe,"0,72"
Proteinski hrskavi müsli SK44,0025231,0.5,500g,Crownfield,5.99,,,11.98,4056489030300,Hrana,"5,99"
Francuski Camembert,0025288,0.25,250g,Milbona,2.99,,,11.96,20024666,Hrana,"2,99"
Potpuna hrana za pse SK21,0025323,1.24,1240g,Orlando,1.89,,,1.52,20258870,Proizvodi za kuæanstvo,"1,89"
Potpuna hrana za pse SK21,0025323,1.24,1240g,Orlando,1.89,,,1.52,20314262,Proizvodi za kuæanstvo,"1,89"
Potpuna hrana za pse SK21,0025323,1.24,1240g,Orlando,1.89,,,1.52,20703738,Proizvodi za kuæanstvo,"1,89"
Potpuna hrana za pse SK21,0025323,1.24,1240g,Orlando,1.89,,,1.52,20703745,Proizvodi za kuæanstvo,"1,89"
"Kuhano vino 8,7%  Vol.",0025350,1,1l,,2.99,,,2.99,4304493257306,Piæe,"1,49"
Kremasti sapun SK4,0025359,0.15,150g,Cien,0.79,,,5.27,4056489997627,Kozmetika,"0,79"
Hippis BIO pouch jabuka/kruška/bana,6905083,0.1,100g,,1.35,,,13.5,4062300278530,Hrana,"1,35"
Panirani pileæi štapiæi,6905136,0.4,400g,Gourmet,3.89,,,9.73,4056489316541,Hrana,"3,49"
Podravka Beèka juha,6905160,0.062,62g,,1.19,,,19.19,3850104088162,Hrana,"1,39"
Shake Mirisne granule za ormar SK1,6905239,0.038,1komad,,1.89,,,1.89,3859890779278,Proizvodi za kuæanstvo,"1,89"
Shake Miris za auto SK3,6905246,0.06,1komad,,2.99,,,2.99,3858892141892,Proizvodi za kuæanstvo,"2,99"
Obiteljski svježi kolaèi,6905271,0.33,"330g, 345g",Okusi zavièaja,5.49,,,15.91,4056489316510,Hrana,"5,49"
PP Orahovica Svježi šaran odrezak,6905274,0.45,450g,,,3.59,5.19,7.98,3858889833953,Hrana,"4,99"
Indomie Instant juha okus piletina,6905279,0.35,5x70g,,2.09,,,5.97,089686170115,Hrana,"2,09"
Indomie Instant juha okus piletina,6905279,0.35,5x70g,,2.09,,,5.97,8968617011500,Hrana,"2,09"
Proteini.si Prot. ploèica èokolada,6905314,0.055,55g,,1.29,,,23.45,3830059011316,Hrana,"1,29"
Proteini.si Prot. ploè. man. s jog.,6905321,0.055,55g,,1.09,,,19.82,3830069179655,Hrana,"1,15"
Èokoladni prutiæ s kokosom,0092695,0.05,2x25g,Mister Choc,0.59,,,11.8,20439293,Hrana,"0,69"
BO Bijela žemljica,0092781,0.07,65g,,0.13,,,2,4056489457565,Hrana,"0,13"
Regenerator za kosu SK1 ,0092854,0.2,200ml,Cien,1.99,,,9.95,20778354,Kozmetika,"2,19"
Instant Nudeln patka,0009451,0.119,119g,,2.59,,,21.76,8585002442710,Piæe,Nije_bilo_u_prodaji_02.05.2025
Schweppes Tonic Water,0009644,1.03,1l,,1.59,,,1.59,5449000044808,Piæe,Nije_bilo_u_prodaji_02.05.2025
Vreæica za voæe&povræe,0009663,0.001,1komad,,0.01,,,0.01,4010373999739,Proizvodi za kuæanstvo,"0,01"
Jelly Beans SK2,6601532,0.25,250g,MCENNEDY,1.59,,,6.36,20192716,Hrana,"1,59"
Amerièki sladoled SK16,6601570,0.43,"485ml,500ml",Gelatelli,3.89,,,8.02,4056489626138,Hrana,"3,99"
Amerièki sladoled SK16,6601570,0.43,"485ml,500ml",Gelatelli,3.89,,,8.02,4056489626145,Hrana,"3,99"
Punjeni Brie sir SK1,6601720,0.18,180g,Deluxe,2.39,,,13.28,20292256,Hrana,"2,79"
Uskršnji šareni bomboni,6601916,0.3,300g,Favorina,1.72,,,5.73,20284213,Hrana,"1,72"
Amerièki sladoled SK12,6608641,0.418,500ml,Gelatelli,3.89,,,7.78,4056489284567,Hrana,"3,13"
Veganski grèki sir,6611469,0.15,150g,Vemondo,1.99,,,13.27,4056489794639,Hrana,"1,99"
Prirodni jogurt s bifido kulturama,6700038,0.135,135g,Pilos,0.35,,,2.59,20535483,Hrana,"0,35"
Gulaš SK6,6700114,0.4,400g,Pikok,1.99,,,4.98,20470579,Hrana,"1,99"
Franck Cappuccino SK2,6902087,0.143,"112g,144g,160g",,2.59,,,16.19,3858881088344,Piæe,"2,95"
Capo pinca,6902100,0.4,400g,,1.59,,,3.98,3859890108795,Hrana,"1,59"
Roštilj kobasice SK4,6902126,0.44,440g,Grill&Fun,3.49,,,7.93,20780012,Hrana,"3,49"
"Cabernet&Syrah, kval. crno vino ",6902127,0.75,"0,75l",Winemakers of Croatia,3.98,,,5.31,4304493259324,Piæe,"3,98"
Kraš Petit Beurre,6902157,0.48,480g,,2.99,,,6.23,3850102311439,Hrana,"2,99"
Kraš Ki-Ki voæna karamela ,6902166,0.1,100g,,1.29,,,12.9,3850102016426,Hrana,"1,29"
"Osliæ bez glave, smrznuti HUBBSI",6902169,1,1000g,Ocean Sea,4.69,,,4.69,20781071,Hrana,4.69
Chivas Regal 12YO 40%,6902184,0.7,"0,7l",,26.99,,,38.56,0080432402931,Piæe,"26,54"
"Hendricks Gin 41,4%",6902186,0.7,"0,7l",,26.49,,,37.84,5010327709000,Piæe,"28,99"
"Kozel Tamno pivo 3,8%",6902215,0.5,"0,5l",,1.49,,,2.98,8594404008042,Piæe,"1,49"
Kinder Crispy Wafel,6909568,0.17,5x34g,,4.49,,,26.41,8000500434161,Hrana,Nije_bilo_u_prodaji_02.05.2025
Lacalut Pasta Ak. 75ml + balzam,6909593,0.096,75ml,,2.99,,,39.87,4016364739100,Kozmetika,Nije_bilo_u_prodaji_02.05.2025
Niko Pršut,6909632,0.3,300g,,5.49,,,18.3,3858892823163,Hrana,Nije_bilo_u_prodaji_02.05.2025
PIK Panona salama narezak,6909633,0.8,100g,,2.19,,,21.9,3850139010855,Hrana,Nije_bilo_u_prodaji_02.05.2025
Ekos green Kiseli kupus glavica,6909637,1,"ca. 1,5kg",,1.99,,,1.99,2133704300000,Hrana,Nije_bilo_u_prodaji_02.05.2025
Pivac Okrajci hamburger slanine,6909668,1,cca. 800g,,3.99,,,3.99,2846918000000,Hrana,Nije_bilo_u_prodaji_02.05.2025
"Svježa grdobina, oèišæena, cca.500g",6909671,1,cca. 500g,Naša ribarnica,13.99,,,13.99,2846545000000,Hrana,Nije_bilo_u_prodaji_02.05.2025
DORINA èokolada keks,6909680,0.16,160g,,1.99,,,12.44,3850102016334,Hrana,Nije_bilo_u_prodaji_02.05.2025
Ledo Panirani kolutiæi lignje XXL,6909703,1,1000g,,5.99,,,5.99,3850116003603,Hrana,Nije_bilo_u_prodaji_02.05.2025
Puding od èokolade sa šlagom,6909711,0.175,175g,,0.39,,,2.23,3858883520255,Hrana,Nije_bilo_u_prodaji_02.05.2025
Svinjski but b.k. komad,6909726,1,"cca. 7,5 kg",Naša mesnica,2.99,,,2.99,2846584000000,Hrana,Nije_bilo_u_prodaji_02.05.2025
PIKO Rijeka Obiteljsko pecivo,6909734,0.25,5x50g,,0.85,,,3.4,3850135242861,Hrana,Nije_bilo_u_prodaji_02.05.2025
BO Domaæi Craft Country kruh,6909739,0.4,400g,,1.99,,,4.98,3859894428653,Hrana,Nije_bilo_u_prodaji_02.05.2025
"Èvrsto masno tkivo, cca. 5kg",6909755,1,cca. 5kg,-,2.29,,,2.29,2846673000000,Hrana,Nije_bilo_u_prodaji_02.05.2025
"Èvrsto masno tkivo, cca. 5kg",6909755,1,cca. 5kg,-,2.29,,,2.29,2846674000000,Hrana,Nije_bilo_u_prodaji_02.05.2025
"Èvrsto masno tkivo, cca. 5kg",6909755,1,cca. 5kg,-,2.29,,,2.29,2846676000000,Hrana,Nije_bilo_u_prodaji_02.05.2025
Perfekte Prašak za rublje Color,6909778,5.2,"5,2kg",,6.99,,,1.34,4262358180667,Sredstva za èišæenje,Nije_bilo_u_prodaji_02.05.2025
BO Domaæi miješani kruh,6909802,0.4,400g,,0.68,,,1.7,3858894930449,Hrana,Nije_bilo_u_prodaji_02.05.2025
BO Domaæi kruh kalnièki,6909821,0.6,600g,,0.99,,,1.65,3856028412533,Hrana,Nije_bilo_u_prodaji_02.05.2025
Faks Deterdžent za rublje by Ornel,6909830,4.4,"4,4 kg",,15.99,,,15.99,3850105188212,Sredstva za èišæenje,Nije_bilo_u_prodaji_02.05.2025
Tradicionalno dimljena peèenica,6909833,1,cca. 400g,Naša mesnica,9.99,,,9.99,2846831000000,Hrana,Nije_bilo_u_prodaji_02.05.2025
Tradicionalno dimljena peèenica,6909833,1,cca. 400g,Naša mesnica,9.99,,,9.99,2846833000000,Hrana,Nije_bilo_u_prodaji_02.05.2025
Tradicionalno dimljena peèenica,6909833,1,cca. 400g,Naša mesnica,9.99,,,9.99,2846836000000,Hrana,Nije_bilo_u_prodaji_02.05.2025
Tradicionalno dimljena peèenica,6909833,1,cca. 400g,Naša mesnica,9.99,,,9.99,2846837000000,Hrana,Nije_bilo_u_prodaji_02.05.2025
"Umak za kebab, blagi",7007642,0.25,250ml,Chef Select,2.49,,,9.96,4335619116061,Hrana,Nije_bilo_u_prodaji_02.05.2025
Svježe vuèeno tijesto,7201754,0.4,400g,1001 delights,1.19,,,2.98,20709556,Hrana,"1,19"
Pasta za èišæenje,0226239,0.5,500g,W5,1.99,,,3.98,4335619196643,Sredstva za èišæenje,Nije_bilo_u_prodaji_02.05.2025
Tart SK1,0226412,0.253,"250g,255g",Deluxe,2.69,,,10.76,4335619197725,Hrana,"2,89"
Proteinska ploèica SK1,0226547,0.045,45g,Sportyfeel,1.19,,,1.19,4335619172883,Hrana,Nije_bilo_u_prodaji_02.05.2025
Proteinska ploèica SK1,0226547,0.045,45g,Sportyfeel,1.19,,,1.19,4335619172890,Hrana,Nije_bilo_u_prodaji_02.05.2025
Osvježivaè za WC SK4,0227481,0.144,3x48g,W5,1.99,,,13.82,4335619227491,Sredstva za èišæenje,Nije_bilo_u_prodaji_02.05.2025
Pro Beauty Skin Niacinamid Serum,0228330,0.03,30ml,Cien,3.79,,,126.33,4335619217362,Kozmetika,Nije_bilo_u_prodaji_02.05.2025
Beauty's Choice Retinal krem. serum,0228331,0.031,30ml,Cien,3.99,,,133,4335619217379,Kozmetika,Nije_bilo_u_prodaji_02.05.2025
Cr?me Br?lée,0228562,0.35,650ml,Duc de Coeur,1.87,,,2.88,4335619218277,Hrana,Nije_bilo_u_prodaji_02.05.2025
GGN/MSC Premium Sushi SK20,0228627,0.178,"168g,178,5g,185g",select & go,4.99,,,29.7,4335619221635,Hrana,"3,79"
GGN/MSC Premium Sushi SK20,0228627,0.178,"168g,178,5g,185g",select & go,4.99,,,27.96,4335619221635,Hrana,"3,79"
GGN/MSC Premium Sushi SK20,0228627,0.178,"168g,178,5g,185g",select & go,4.99,,,26.97,4335619221635,Hrana,"3,79"
GGN/MSC Premium Sushi SK20,0228627,0.178,"168g,178,5g,185g",select & go,4.99,,,27.96,4335619221642,Hrana,"3,79"
Limoncello sa šljokicama 25%,0228742,0.689,0.700l,Deluxe,4.79,,,6.84,4304493271463,Piæe,"3,77"
Mahune XXL SK1,0229123,0.6,600g,Vitasia,2.59,,,4.32,4335619227262,Hrana,Nije_bilo_u_prodaji_02.05.2025
Pro Beauty Skin Zaštitni fluid,0229226,0.05,50ml,Cien,3.19,,,63.8,4335619230705,Kozmetika,Nije_bilo_u_prodaji_02.05.2025
Sushi SK2,0229316,0.195,"190g,200g",select & go,3.79,,,19.95,4335619221611,Hrana,"3,79"
Pizza sa salamom XXL,0117021,1.4,4x350g,Trattoria Alfredo,8.07,,,5.76,4056489487739,Hrana,"7,47"
Higijenski dnevni ulošci XXL,0117061,0.12,80komad,Siempre,1.99,,,0.02,20723712,Toaletne potrepštine,"1,99"
Mini božiæne figure s èokoladom SK3,0117276,0.125,125g,Favorina,2.39,,,19.12,20697105,Hrana,"1,99"
Nougat ploèica SK5,0117357,0.1,100g,Favorina,1.19,,,11.9,20697211,Hrana,"0,74"
Nougat ploèica SK5,0117357,0.1,100g,Favorina,1.19,,,11.9,20697235,Hrana,"0,74"
Florentiner badem SK2,0117471,0.125,125g,Favorina,2.79,,,22.32,20602871,Hrana,"3,49"
Èokoladni listiæi s mentom,0117689,0.2,200g,Hatherwood,3.49,,,17.45,20706852,Hrana,"2,99"
Praline SK1,0117693,0.2,200g,J.D. Gross,5.49,,,27.45,20706876,Hrana,"5,49"
Sjemenke bundeve,0117851,0.2,200g,Alesto Selection,1.79,,,8.95,20707170,Hrana,"1,85"
Peterostruka britvica,0118123,0.022,1komad,Cien,5.29,,,5.29,4056489467762,Kozmetika,"5,29"
Zamjenske britvice,0118124,0.012,3komad,Cien,3.99,,,1.33,4056489467779,Kozmetika,"3,99"
Svježi deserti na francuski SK1,0118149,0.45,450g,Duc de Coeur,3.59,,,7.98,20707255,Hrana,"3,59"
"BO Ciabatta classic, 300g",0118251,0.31,300g,,0.99,,,3.3,20714055,Hrana,"0,99"
Kivi rinfuza,0080675,1,1kg,,2.79,,,2.79,,Hrana,"2,79"
Kinder èokolada Maxi 10 komada,6904072,0.214,214g,,3.19,,,14.91,,Hrana,"3,19"
Limun,0080160,1,1kg,,1.49,,,1.49,,Hrana,"1,49"
Mini Brownies èokolada lješnjak,7403106,0.24,240g,MCENNEDY,1.79,,,7.46,,Hrana,"1,79"
Kruška NASHI,0080315,1,1kg,,2.79,,,2.79,,Hrana,Nije_bilo_u_prodaji_02.05.2025
Kupus crveni,0082945,1,1kg,,0.79,,,0.79,,Hrana,"1,19"
"Dnevni higijenski ulošci, SK3",0003274,0.073,"32komad,45komad",Siempre,1.29,,,0.03,,Toaletne potrepštine,"1,29"
Paprika crvena,0082615,1,1kg,,3.99,,,3.99,,Hrana,"2,99"
Kokosovo mlijeko,0022949,0.4,425ml,Vitasia,1.79,,,4.21,,Hrana,"1,79"
Badem jezgra u rinfuzi,0002321,1,"22,68 kg",,7.49,,,7.49,,Hrana,"6,79"
Grožðe crveno bez koštica,0080480,1,1kg,,3.99,,,3.99,,Hrana,"3,99"
Aranžman Viktorija,6901251,0.9,1komad,,7.3,,,7.3,,Proizvodi za kuæanstvo,"7,3"
Radiè,0082120,1,1kg,,1.99,,,1.99,,Hrana,"2,99"
Mladi krumpir,0083155,1,1kg,,,1.39,1.99,1.39,,Hrana,"0,99"
Kozji sir Chilli/Ružmarin SK1,5912000,0.19,1komad,Deluxe,5.72,,,5.72,,Hrana,Nije_bilo_u_prodaji_02.05.2025
Luk ljubièasti rinfuza,0083345,1,1kg,,1.19,,,1.19,,Hrana,"1,19"
Cappelletti sa šunkom,6000264,0.25,250g,Italiamo,0.99,,,3.96,,Hrana,"0,99"
Scamorza bijeli sir,6000885,0.3,300g,Milbona,3.19,,,10.63,,Hrana,"3,19"
Grožðe bijelo bez koštica,0080500,1,1kg,,3.99,,,3.99,,Hrana,"3,99"
Kocka za juhu SK1,5715232,0.72,720g,Kania,4.19,,,5.82,,Hrana,"3,99"
Milka Mlijeèna èokolada Lješnjak,0000003,0.08,80g,,1.99,,,24.88,7622210043931,Hrana,"1,99"
Mineralna voda negazirana,0000004,1.5,"1,5l",Saguaro,0.45,,,0.3,4304493256583,Piæe,"0,45"
Always Ultra higijenski ulošci BA,0000017,0.058,"9 komada, 10 komada, 14 komada",,1.66,,,0.12,4015400931225,Toaletne potrepštine,"1,66"
Always Ultra higijenski ulošci BA,0000017,0.058,"9 komada, 10 komada, 14 komada",,1.66,,,0.18,8001841263953,Toaletne potrepštine,"1,66"
"Ledeni èaj breskva sa šeæerom, 1,5l",0000028,1.5,"1,5l",Freeway,1.25,,,0.83,4056489071297,Piæe,"1,05"
Lenor Omekšivaè 60 pranja Spring A.,0000085,1.8,"1,8l",,5.57,,,0.09,8001841375489,Sredstva za èišæenje,"5,57"
Lenor Omekšivaè G. Orchid 48 pranja,0000087,1.42,"1,42l",,5.57,,,0.12,8001841375885,Sredstva za èišæenje,"5,57"
Lenor Omekš.Spring Awakening 64 pr.,0000119,1.6,"1,6l",,5.65,,,3.53,8006540889862,Sredstva za èišæenje,"5,65"
Nescafé Gold,0000124,0.19,190g,Nestlé,9.49,,,49.95,8445290491275,Piæe,"8,99"
Twix ekstra 2 kom.,0000179,0.075,75g,,1.49,,,19.87,5900951312250,Hrana,Nije_bilo_u_prodaji_02.05.2025
Smarties Djed Božiænjak,0000318,0.085,85g,,2.39,,,28.12,42370307,Hrana,"1,89"
Silan Omekšivaè Fresh Sky 60 pranja,0000335,1.32,"1,32l",Henkel,4.79,,,3.63,9000101586732,Sredstva za èišæenje,"4,79"
Pedigree Pseæe poslastice sort SK2,0000347,0.133,"123g,200g,77g",Mars,1.79,,,23.25,5998749104392,Proizvodi za kuæanstvo,"1,79"
Pedigree Pseæe poslastice sort SK2,0000347,0.133,"123g,200g,77g",Mars,1.79,,,23.25,9003579302545,Proizvodi za kuæanstvo,"1,79"
Ariel praškasti deterdžent 50pr.,0000409,2.75,"2,75kg",,21.99,,,8,8700216733267,Sredstva za èišæenje,Nije_bilo_u_prodaji_02.05.2025
Old Spice Gel za tuširanje Whitewa.,0000436,0.711,675ml,,4.75,,,7.04,8006540280195,Kozmetika,"4,39"
Old Spice Gel za tuširanje Wolftho.,0000437,0.711,675ml,,4.75,,,7.04,8700216230988,Kozmetika,"4,39"
Finish Sred. za èišæ. perilice pos.,0000485,0.55,2x250ml,,5.31,,,10.62,5999109580061,Sredstva za èišæenje,"5,31"
Èeš. trajna kob. Vysoèina narezak,0001111,0.1,100g,Pikok,1.29,,,12.9,20073640,Hrana,"1,29"
Kornet jagoda,0001183,0.07,120ml,Ballino,0.59,,,4.92,4056489799122,Hrana,"0,59"
Sladoled štapiæ vanilija s èokola.,0001193,0.079,120ml,Ballino,0.89,,,7.42,20113391,Hrana,"0,89"
Sladoled štapiæ van.-prelj. èo.-ki,0001194,0.085,120ml,Ballino,0.89,,,7.42,20113407,Hrana,"0,89"
Sladoled jagoda-vrhnje,0001214,0.46,1l,Ballino,2.29,,,2.29,20218218,Hrana,"2,59"
Nescafé Classic,0001252,0.2,200g,Nestlé,9.99,,,49.95,7891000088814,Piæe,"8,99"
"Grašak, smrznuto",0001255,1,1kg,Freshona,1.99,,,1.99,4056489336662,Hrana,"2,19"
Kukuruzni flips slani,0001337,0.1,100g,Snack Day,0.59,,,5.9,20117580,Hrana,"0,59"
Sezam ploèice SK7,0001419,0.081,3x27g,Crownfield,0.49,,,6.05,4056489445333,Hrana,"0,49"
Sezam ploèice SK7,0001419,0.081,3x27g,Crownfield,0.49,,,6.05,4056489445340,Hrana,"0,49"
Sezam ploèice SK7,0001419,0.081,3x27g,Crownfield,0.49,,,6.05,5907751602611,Hrana,"0,49"
Kompot od višnje b/k (OM 340g),0001481,0.34,720ml,Okusi zavièaja,1.85,,,5.44,20273347,Hrana,"1,85"
Carefree Dnevni ulošci sort. SK2,0001496,0.124,56komad,Johnson & Johnson,3.35,,,0.06,3574660322590,Toaletne potrepštine,"3,35"
Kiselo vrhnje 20% m.m.,0001557,0.18,180g,Pilos,0.79,,,4.39,20447694,Hrana,"0,69"
Kiselo vrhnje 12% m.m.,0001558,0.18,180g,Pilos,0.65,,,3.61,20447687,Hrana,"0,65"
"Tekuæi jogurt 2,8% m.m.",0001561,1,1kg,Pilos,1.69,,,1.69,20539900,Hrana,"1,89"
"Tekuæi jogurt 2,8% m.m.",0001561,1,1kg,Pilos,1.69,,,1.69,4304493260108,Hrana,"1,89"
"Jogurt èvrsti 3,2% m.m.",0001566,0.18,180g,Pilos,0.37,,,2.06,20156114,Hrana,"0,37"
"Sirela Ribanac, 40g",0001610,0.04,40g,,1.49,,,1.49,3858883521177,Hrana,"1,49"
"b.Aktiv s LGG natur, 150g",0001614,0.15,150g,,0.79,,,5.27,3850354010845,Hrana,"0,65"
Bref WC Duo Aktiv Pine,0001690,0.052,50ml,Henkel,2.65,,,53,9000100625104,Sredstva za èišæenje,"2,65"
"Poli pileæa posebna, 500g",0001694,0.5,500g,,4.25,,,8.5,2200000000001,Hrana,"4,25"
Kuhana šunka narezak,0001731,0.2,200g,Pikok,1.79,,,8.95,20493271,Hrana,"1,79"
Gouda sir,0001744,0.5,500g,Pilos,4.99,,,9.98,20385330,Hrana,"4,99"
Sirni namaz SK15,0001780,0.2,200g,Milbona,1.49,,,7.45,20002619,Hrana,"1,49"
Sirni namaz SK15,0001780,0.2,200g,Milbona,1.49,,,7.45,20048082,Hrana,"1,49"
Gratinirani ribani sir SK12,0001833,0.2,200g,Milbona,1.99,,,9.95,20098025,Hrana,"1,59"
Namaz od vrhnja SK21,0001889,0.2,200g,Milbona,,1.09,1.79,5.45,20064440,Hrana,"1,55"
"Rolana lopatica bez kože cca. 1,3kg",0001994,1,"ca. 1,3kg",Pikok,5.75,,,5.75,2819940000000,Hrana,"5,75"
"Rolana lopatica bez kože cca. 1,3kg",0001994,1,"ca. 1,3kg",Pikok,5.75,,,5.75,2819945000000,Hrana,"5,75"
"Rolana lopatica bez kože cca. 1,3kg",0001994,1,"ca. 1,3kg",Pikok,5.75,,,5.75,2847715000000,Hrana,"5,75"
Mljeveni crni papar,0002095,0.1,100g,Kania,1.39,,,13.9,20131104,Hrana,"1,79"
"Bellarom Minas mljevena kava, 500g",0002160,0.5,500g,Bellarom,6.99,,,13.98,20156510,Piæe,"6,79"
Nescafé Cappuccino sort.,0002183,0.135,"112g,148g",Nestlé,4.19,,,37.41,5011546477596,Piæe,"4,19"
Nescafé Cappuccino sort.,0002183,0.135,"112g,148g",Nestlé,4.19,,,30.81,5011546477633,Piæe,"4,19"
Nescafé Cappuccino sort.,0002183,0.135,"112g,148g",Nestlé,4.19,,,37.41,5011546477640,Piæe,"4,19"
Nescafé Cappuccino sort.,0002183,0.135,"112g,148g",Nestlé,4.19,,,37.41,7613034172181,Piæe,"4,19"
Nescafé Cappuccino sort.,0002183,0.135,"112g,148g",Nestlé,4.19,,,29.1,7613034532275,Piæe,"4,19"
Nescafé Cappuccino sort.,0002183,0.135,"112g,148g",Nestlé,4.19,,,29.1,7613035440081,Piæe,"4,19"
Nescafé Cappuccino sort.,0002183,0.135,"112g,148g",Nestlé,4.19,,,37.41,7613035919433,Piæe,"4,19"
Nescafé Cappuccino sort.,0002183,0.135,"112g,148g",Nestlé,4.19,,,30.81,7613036204897,Piæe,"4,19"
Nescafé Cappuccino sort.,0002183,0.135,"112g,148g",Nestlé,4.19,,,29.1,7613036204897,Piæe,"4,19"
Nescafé Cappuccino sort.,0002183,0.135,"112g,148g",Nestlé,4.19,,,28.31,7613036701990,Piæe,"4,19"
Pag91 Kuhinjska morska sol sitna,0002214,1,1kg,,0.49,,,0.49,3859888817340,Hrana,"0,49"
Kiara Kristal šeæer 1kg ,0002220,1,1kg,,0.99,,,0.99,3859888112124,Hrana,"0,99"
Kiara Kristal šeæer 1kg ,0002220,1,1kg,,0.99,,,0.99,9007829021019,Hrana,"0,99"
Kiara Kristal šeæer 1kg ,0002220,1,1kg,,0.99,,,0.99,9007829023099,Hrana,"0,99"
"Krušne mrvice, 500g",0002234,0.5,500g,Belbake,0.95,,,1.9,3858893730040,Hrana,"0,99"
"Pšenièna krupica TIP 400, 1kg",0002236,1,1kg,Okusi zavièaja,0.99,,,0.99,20156640,Hrana,"0,99"
Riža dugog zrna Arborio,0002278,1,1kg,Golden Sun,2.99,,,2.99,20054830,Hrana,"2,29"
"Džem od borovnice, 450g",0002336,0.45,450g,Maribel,2.99,,,6.64,20000660,Hrana,"2,99"
"Fanta Orange, 2l",0002667,2.07,2l,Coca-Cola,2.39,,,1.2,5449000004840,Piæe,"2,28"
"Coca Cola 0,5l",0002669,0.52,"0,5l",Coca-Cola,1.19,,,2.38,54491472,Piæe,"1,12"
"Karlovaèko Svijetlo pivo 0,5l-boc",0002719,0.5,"0,5l",,1.36,,,2.72,3850103000820,Piæe,"1,36"
Svinjska mast,0002762,1,1kg,Okusi zavièaja,2.19,,,2.19,3858884991627,Hrana,"2,19"
Airwaves žvakaæe gume SK2,0002906,0.014,14g,Mars,0.99,,,0.99,42212041,Hrana,"0,99"
Orbit žvakaæe gume sort. I,0002907,0.014,14g,Mars,0.99,,,0.99,50173204,Hrana,"0,99"
Orbit žvakaæe gume sort. I,0002907,0.014,14g,Mars,0.99,,,0.99,50173822,Hrana,"0,99"
Orbit žvakaæe gume sort. I,0002907,0.014,14g,Mars,0.99,,,0.99,50173976,Hrana,"0,99"
Milka Èokolada sort.,0002911,0.279,"250g, 276g, 300g",,5.99,,,19.97,7622200004607,Hrana,"5,99"
Milka Èokolada sort.,0002911,0.279,"250g, 276g, 300g",,5.99,,,23.96,7622200009084,Hrana,"5,99"
Milka Èokolada sort.,0002911,0.279,"250g, 276g, 300g",,5.99,,,23.96,7622201022679,Hrana,"5,99"
Milka Èokolada sort.,0002911,0.279,"250g, 276g, 300g",,5.99,,,21.7,7622201022679,Hrana,"5,99"
Milka Èokolada sort.,0002911,0.279,"250g, 276g, 300g",,5.99,,,23.96,7622202273919,Hrana,"5,99"
Milka Èokolada sort.,0002911,0.279,"250g, 276g, 300g",,5.99,,,23.96,7622210012500,Hrana,"5,99"
Milka Èokolada sort.,0002911,0.279,"250g, 276g, 300g",,5.99,,,21.7,7622210273369,Hrana,"5,99"
Milka Èokolada sort.,0002911,0.279,"250g, 276g, 300g",,5.99,,,21.7,7622210612267,Hrana,"5,99"
Milka Èokolada sort.,0002911,0.279,"250g, 276g, 300g",,5.99,,,19.97,7622210702562,Hrana,"5,99"
"Medenjaci s èoko. preljevom, 200g",0002936,0.2,200g,Tastino,1.49,,,7.45,20057428,Hrana,"1,35"
Vafel s 32% svj. jaja,0002969,0.25,250g,Confiserie Firenze,1.99,,,7.96,20025847,Hrana,"1,99"
Kompletna hrana za maèke SK19,0003002,0.1,100g,Coshida,0.39,,,3.9,20106775,Proizvodi za kuæanstvo,"0,45"
Kompletna hrana za maèke SK19,0003002,0.1,100g,Coshida,0.39,,,3.9,20609467,Proizvodi za kuæanstvo,"0,45"
"Cedevita Instant nap. naranèa, 1kg",0003013,1,1000g,,6.69,,,6.69,3850322010198,Piæe,"6,39"
"Cedevita Instant nap. naranèa, 1kg",0003013,1,1000g,,6.69,,,6.69,3850322010204,Piæe,"6,39"
Potpuna hrana za pse SK1,0003024,10,10kg,Orlando,11.89,,,1.19,4056489348641,Proizvodi za kuæanstvo,"11,89"
Pro Vitamin šam. za njegu kose SK13,0003035,0.31,300ml,Cien,1.29,,,4.3,20159405,Kozmetika,"1,29"
Lak za kosu SK11,0003054,0.31,400ml,Cien,1.98,,,4.95,20006518,Kozmetika,1.98
Lak za kosu SK11,0003054,0.31,400ml,Cien,1.98,,,4.95,20152857,Kozmetika,1.98
Lak za kosu SK11,0003054,0.31,400ml,Cien,1.98,,,4.95,20490379,Kozmetika,1.98
Lak za kosu SK11,0003054,0.31,400ml,Cien,1.98,,,4.95,20490386,Kozmetika,1.98
Krema za njegu kože SK1,0003083,0.249,250ml,Cien,1.55,,,6.2,4335619267176,Kozmetika,"1,55"
"Cedevita Instant nap., SK5, 200g",0003086,0.2,200g,,2.19,,,10.95,3850322003527,Piæe,"2,09"
"Cedevita Instant nap., SK5, 200g",0003086,0.2,200g,,2.19,,,10.95,3850322010372,Piæe,"2,09"
"Cedevita Instant nap., SK5, 200g",0003086,0.2,200g,,2.19,,,10.95,3850322016244,Piæe,"2,09"
Q10 krema za lice protiv bora SK7 ,0003089,0.051,50ml,Cien,2.89,,,57.8,20151867,Kozmetika,"2,89"
Pjena za brijanje sensitive,0003108,0.294,300ml,Cien MEN,1.59,,,5.3,20006853,Kozmetika,"1,59"
Pjena za brijanje sensitive,0003108,0.294,300ml,Cien MEN,1.59,,,5.3,20220501,Kozmetika,"1,59"
Pjena za brijanje sensitive,0003108,0.294,300ml,Cien MEN,1.59,,,5.3,4056489323068,Kozmetika,"1,59"
Pjena za brijanje sensitive,0003108,0.294,300ml,Cien MEN,1.59,,,5.3,4056489431084,Kozmetika,"1,59"
Losion poslije brijanja SK15,0003114,0.092,100ml,Cien MEN,2.39,,,23.9,20106980,Kozmetika,"2,39"
"Tekuæina za ispiranje usta, SK15",0003125,0.508,500ml,Dentalux,1.45,,,2.9,20199449,Kozmetika,"1,45"
Domestos sort.,0003183,0.75,750ml,,3.29,,,4.39,8718114630205,Sredstva za èišæenje,"2,49"
Sredstvo za èišæenje masnoæa SK12,0003191,0.753,750ml,W5,1.99,,,2.65,4056489350552,Sredstva za èišæenje,"1,99"
Higijenski ulošci SK6,0003262,0.145,"14komad,20komad",Siempre,1.29,,,0.09,20152895,Toaletne potrepštine,"1,29"
Kondomi od prirodnog lateksa SK1,0003281,0.013,12komad,Mondos,1.89,,,0.16,4056489774181,Toaletne potrepštine,"1,89"
Spiralna žica od neh. èelika,0003308,0.08,4komad,W5,0.7,,,0.18,20042776,Proizvodi za kuæanstvo,"0,7"
"Alkalna baterija 1,5V AA",0003332,0.19,8komad,Aerocell,1.99,,,0.25,4056489238294,Proizvodi za kuæanstvo,"1,99"
Kakao krem namaz s lješnjacima,0003387,0.75,750g,Mister Choc,3.69,,,4.92,20016388,Hrana,"3,69"
"Lino Èokolino, 1kg",0003402,1,1kg,,8.99,,,8.99,3850104017537,Hrana,"8,99"
Podravka Koncentrat rajèice 2x,0003453,0.19,190g,,2.19,,,11.53,3850104053221,Hrana,"2,19"
Voæni nektar marelica,0003528,1.267,"6x0,2l",Solevita,2.29,,,1.91,20051341,Piæe,"2,29"
Grah trešnjevac 12/1,0003600,1,ca. 1kg,,1.99,,,1.99,3859893124693,Hrana,"1,99"
Grah trešnjevac 12/1,0003600,1,ca. 1kg,,1.99,,,1.99,3859893512995,Hrana,"1,99"
Palette Int. Color Creme boja SK4,0003664,0.11,1komad,Henkel,4.25,,,4.25,3838824159539,Kozmetika,"5,25"
Palette Int. Color Creme boja SK4,0003664,0.11,1komad,Henkel,4.25,,,4.25,3838824159652,Kozmetika,"5,25"
Palette Int. Color Creme boja SK4,0003664,0.11,1komad,Henkel,4.25,,,4.25,3838824184203,Kozmetika,"5,25"
"Kakao krema s okusom lješ., SK2",0003690,0.4,400g,Mister Choc,1.99,,,4.98,4056489237754,Hrana,"1,99"
Topljeni sir listiæi,0003830,0.3,300g,Milbona,2.25,,,7.5,20008734,Hrana,2.25
Tvrdi bomboni u limenci SK7,0003929,0.2,200g,Sweet Corner,1.79,,,8.95,20006044,Hrana,"1,59"
Tvrdi bomboni u limenci SK7,0003929,0.2,200g,Sweet Corner,1.79,,,8.95,20078706,Hrana,"1,59"
Tvrdi bomboni u limenci SK7,0003929,0.2,200g,Sweet Corner,1.79,,,8.95,20384197,Hrana,"1,59"
Pro Vitamin balzam za kosu SK9,0003947,0.299,300ml,Cien,1.49,,,4.97,20189082,Kozmetika,"1,49"
Pro Vitamin balzam za kosu SK9,0003947,0.299,300ml,Cien,1.49,,,4.97,20918811,Kozmetika,"1,49"
"Trajno mlijeko 1,5%",0003979,1.034,1l,Pilos,0.95,,,0.95,20078171,Hrana,"0,95"
"Integralni toast, 500g",0003991,0.5,500g,Tastino,0.99,,,1.98,20051426,Hrana,"1,39"
Raid Tekuæe punjenje za el.ap.,0004452,0.043,21ml,,5.99,,,5.99,5000204815887,Proizvodi za kuæanstvo,"5,99"
Old Spice Deo stick,0004454,0.056,50ml,,3.85,,,77,4015600858735,Kozmetika,"3,85"
Bebimil Hrana za dojenèad 1,0004473,0.6,600g,,11.15,,,18.58,9007253102575,Hrana,"11,25"
Bebimil Hrana za dojenèad 1,0004473,0.6,600g,,11.15,,,18.58,9007253104876,Hrana,"11,25"
Bebimil Hrana za dojenèad 2,0004474,0.6,600g,,11.25,,,18.75,9007253102766,Hrana,"11,25"
"Coca Cola, 1l",0004501,1.04,1l,,1.59,,,1.59,5449000054227,Piæe,"1,48"
Johnson's Baby Ulje/Losion sort. ,0004627,0.5,500ml,,6.19,,,12.38,3574660058857,Kozmetika,"6,19"
KITKATICON Pouch Santa RAMB,0004723,0.66,66g,,2.05,,,31.06,8000300401479,Piæe,Nije_bilo_u_prodaji_02.05.2025
Mileram 22% m.m.,0004807,0.9,900g,Pilos,2.89,,,3.21,20539061,Hrana,"2,89"
Pelinkovac 31% vol.,0004836,1.01,1l,Alliance,7.89,,,7.89,4304493259300,Piæe,"7,89"
"Mallow Cocktail, 300g",0004840,0.3,300g,Sweet Corner,1.99,,,6.63,4056489213949,Hrana,"1,99"
Gillette Mach 3 Start britvice,0004841,0.014,4komad ,,11.15,,,2.79,7702018499939,Kozmetika,"11,15"
Leæa SK1,0004964,0.5,500g,Campo Largo,1.49,,,2.98,20214432,Hrana,"1,29"
Leæa SK1,0004964,0.5,500g,Campo Largo,1.49,,,2.98,20256296,Hrana,"1,29"
Carski sir komad,0004986,0.25,250g,Pilos,,1.85,2.59,7.4,20267773,Hrana,"2,59"
Argeta Riblja pašteta SK1,0005139,0.095,95g,,1.99,,,20.95,3838975567061,Hrana,"1,99"
"Pureæa prsa, narezana",0005525,0.1,100g,Pikok,1.39,,,13.9,20274290,Hrana,"1,29"
"Pureæa prsa, narezana",0005525,0.1,100g,Pikok,1.39,,,13.9,20950170,Hrana,"1,29"
"Instant napitak 3u1, 10x18g",0005543,0.18,180g,Bellarom,1.33,,,7.39,20117726,Piæe,"1,33"
"Svježi pileæi želuci, 500g",0005594,0.5,500g,,1.59,,,3.18,3859890764144,Hrana,"1,49"
Svježa pileæa jetra i srca,0005595,0.5,500g,Naša mesnica,1.59,,,3.18,3857500012210,Hrana,"1,59"
Svježi pileæi filet,0005607,1,ca. 500g,Naša mesnica,7.39,,,7.39,2891925000000,Hrana,"7,39"
Axe gel za tuširanje sort.,0005639,0.257,250ml,,2.49,,,9.96,42182740,Kozmetika,"2,99"
Tic Tac SK5,0005761,0.018,18g,,0.79,,,0.79,80052333,Hrana,"0,79"
Tic Tac SK5,0005761,0.018,18g,,0.79,,,0.79,80756422,Hrana,"0,79"
Tic Tac SK5,0005761,0.018,18g,,0.79,,,0.79,80789031,Hrana,"0,79"
"Napolitanke SK3, UTZ",0005796,0.8,800g,Sondey,2.49,,,3.11,20434373,Hrana,"2,69"
Svinjsko mljeveno meso,0005811,0.45,450g,Naša mesnica,1.83,,,4.07,20446109,Hrana,"1,83"
Èajna/ srijemska kobasica SK2,0005827,0.3,300g,Pikok,4.5,,,15,20448202,Hrana,"4,5"
Sensodyne Pasta za zube SK2,0005894,0.075,75ml,,5.95,,,79.33,3800132250611,Kozmetika,"3,95"
Schauma šampon sort.,0005896,0.52,400ml,,3.17,,,7.93,3838824086750,Kozmetika,"3,17"
Schauma šampon sort.,0005896,0.52,400ml,,3.17,,,7.93,4015000911061,Kozmetika,"3,17"
Schauma šampon sort.,0005896,0.52,400ml,,3.17,,,7.93,4015001005431,Kozmetika,"3,17"
Schauma šampon sort.,0005896,0.52,400ml,,3.17,,,7.93,4015100216592,Kozmetika,"3,17"
"Barcaffe mljevena kava, 175g",0005915,0.175,175g,,4.19,,,23.94,3838471022699,Piæe,"4,29"
"Barcaffe mljevena kava, 175g",0005915,0.175,175g,,4.19,,,23.94,3838975531314,Piæe,"4,29"
Nivea Dezodorans roler SK1,0005958,0.052,50ml,,3.95,,,79,4005900036070,Kozmetika,"3,95"
Raid El. aparat +tablete,0006227,0.061,1komad,,10.99,,,10.99,8002030140666,Proizvodi za kuæanstvo,"10,99"
Raid Spirale ,0006228,0.148,1komad,,2.99,,,0.3,3092830003648,Proizvodi za kuæanstvo,"2,99"
Raid Sprej protiv svih insekata,0006229,0.406,400ml,,7.39,,,18.48,5000204642025,Proizvodi za kuæanstvo,"7,39"
Raid Sprej protiv mravi i žohara,0006231,0.315,300ml,,5.59,,,18.63,5000204342406,Proizvodi za kuæanstvo,"5,59"
Raid Sprej protiv mravi i žohara,0006231,0.315,300ml,,5.59,,,18.63,8002030142875,Proizvodi za kuæanstvo,"5,59"
Kruškovac 25% vol.,0006304,1.08,1l,Alliance,7.89,,,7.89,4304493256392,Piæe,"7,89"
Ritter Sport SK17,0006343,0.1,100g,Ritter,2.39,,,23.9,4000417021007,Hrana,"1,79"
Ritter Sport SK17,0006343,0.1,100g,Ritter,2.39,,,23.9,4000417210005,Hrana,"1,79"
Ritter Sport SK17,0006343,0.1,100g,Ritter,2.39,,,23.9,4000417222008,Hrana,"1,79"
Ritter Sport SK17,0006343,0.1,100g,Ritter,2.39,,,23.9,4000417226006,Hrana,"1,79"
Ritter Sport SK17,0006343,0.1,100g,Ritter,2.39,,,23.9,4000417237002,Hrana,"1,79"
Ritter Sport SK17,0006343,0.1,100g,Ritter,2.39,,,23.9,4000417269003,Hrana,"1,79"
Ritter Sport SK17,0006343,0.1,100g,Ritter,2.39,,,23.9,4000417307002,Hrana,"1,79"
Pikant salama narezak,0006388,0.1,100g,Pikok,,0.89,1.29,8.9,20491826,Hrana,"1,29"
Šunka narezak,0006391,0.1,100g,Pikok,1.09,,,10.9,20779849,Hrana,"0,99"
"Svježa pileæa leða, cca. 750g",0006457,1,ca. 750g,Naša mesnica,1.69,,,1.69,2852030000000,Hrana,"1,69"
"Svježa pileæa leða, cca. 750g",0006457,1,ca. 750g,Naša mesnica,1.69,,,1.69,2891131000000,Hrana,"1,69"
"Svježa pileæa leða, cca. 750g",0006457,1,ca. 750g,Naša mesnica,1.69,,,1.69,2891139000000,Hrana,"1,69"
Danone Actimel BA 4x100g,0006461,0.4,4x100g,Danone,1.59,,,3.98,5997536134314,Hrana,"1,59"
Danone Actimel BA 4x100g,0006461,0.4,4x100g,Danone,1.59,,,3.98,5997536304618,Hrana,"1,59"
"Svježa pileæa prsa, bk sk, cca 500g",0006488,1,ca. 500g,Naša mesnica,5.99,,,5.99,2852050000000,Hrana,"5,89"
"Svježa pileæa prsa, bk sk, cca 500g",0006488,1,ca. 500g,Naša mesnica,5.99,,,5.99,2852056000000,Hrana,"5,89"
"Svježa pileæa prsa, bk sk, cca 500g",0006488,1,ca. 500g,Naša mesnica,5.99,,,5.99,2852058000000,Hrana,"5,89"
"Svježa pileæa prsa, bk sk, cca 500g",0006488,1,ca. 500g,Naša mesnica,5.99,,,5.99,2891141000000,Hrana,"5,89"
"Svježa pileæa prsa, bk sk, cca 500g",0006488,1,ca. 500g,Naša mesnica,5.99,,,5.99,2891142000000,Hrana,"5,89"
Svježi pileæi batak,0006489,1,ca. 500g,Naša mesnica,4.09,,,4.09,2852011000000,Hrana,"4,09"
Svježi pileæi batak,0006489,1,ca. 500g,Naša mesnica,4.09,,,4.09,2852015000000,Hrana,"4,09"
Svježi pileæi batak,0006489,1,ca. 500g,Naša mesnica,4.09,,,4.09,2891960000000,Hrana,"4,09"
Èvarci,0006586,0.25,250g,Okusi zavièaja,4.99,,,19.96,20492571,Hrana,"4,99"
"Svježi pileæi zabatak, cca. 500g",0006675,1,ca. 500g,Naša mesnica,4.09,,,4.09,2891973000000,Hrana,"4,09"
Violeta Jumbo ubrusi Lemon 2-sl.,0006690,0.424,2x100Blatt,,2.65,,,1.33,3859892288624,Toaletne potrepštine,"2,39"
"Pileæi mix za juhu, cca. 500g",0006735,1,ca. 500g,Naša mesnica,2.99,,,2.99,2891125000000,Hrana,"2,69"
Air Wick Fresh Matic Refill SK2,0008404,0.17,250ml,,6.69,,,26.76,5999109542069,Sredstva za èišæenje,"6,69"
"Svježe pile, cca. 1,5kg",0008692,1,"ca. 1,5kg",Naša mesnica,,2.69,3.09,2.69,2102710000000,Hrana,"3,09"
"Svježe pile, cca. 1,5kg",0008692,1,"ca. 1,5kg",Naša mesnica,,2.69,3.09,2.69,2103290000000,Hrana,"3,09"
Nivea Sun Dj. sprej za sunèa. ZF 30,0008717,0.2,200ml,,16.99,,,84.95,5025970023694,Kozmetika,"16,99"
"Pinot crni, kvalitetno crno vino",0008925,0.745,"0,75l",Winemakers of Croatia,5.49,,,7.32,20395919,Piæe,"5,49"
"Cockta Original, 0,5l",0008932,0.5,"0,5l",,1.25,,,2.5,3838600027977,Piæe,"1,22"
"Inæuni u maslinovom ulju, ATG: 43g",0008962,0.08,80g,Nixe,2.29,,,53.26,20040130,Hrana,"2,29"
BO Hamby pecivo sa sezamom SUS,0009031,0.07,70g,,0.25,,,3.57,3859888751224,Hrana,"0,29"
"Barilla Spaghetti, 500g",0009186,0.5,500g,Barilla,1.09,,,2.18,8076800195057,Hrana,"1,09"
Lampion SK7,0009364,0.29,290g,-,1.99,,,1.99,4056489316947,Proizvodi za kuæanstvo,"1,99"
Biljni liker 35% Vol.,0009816,0.195,"4x0,02l",Jagdstolz,1.49,,,1.86,20145170,Piæe,"1,49"
Gel za kosu za muškarce SK13,0009855,0.15,"150ml,200ml",Cien,1.79,,,11.93,20187279,Kozmetika,"1,79"
Gel za kosu za muškarce SK13,0009855,0.15,"150ml,200ml",Cien,1.79,,,8.95,20187286,Kozmetika,"1,79"
Gel za kosu za muškarce SK13,0009855,0.15,"150ml,200ml",Cien,1.79,,,11.93,20551636,Kozmetika,"1,79"
Gel za kosu za muškarce SK13,0009855,0.15,"150ml,200ml",Cien,1.79,,,8.95,20551643,Kozmetika,"1,79"
Gel za kosu za muškarce SK13,0009855,0.15,"150ml,200ml",Cien,1.79,,,8.95,4056489232384,Kozmetika,"1,79"
Gel za kosu za muškarce SK13,0009855,0.15,"150ml,200ml",Cien,1.79,,,8.95,4335619070035,Kozmetika,"1,79"
Bjelilo za kavu,0009856,0.2,200g,Bellarom,1.25,,,6.25,4335619142541,Hrana,"1,25"
Testartikel Kasse HR XY,0009990,1,"1,5l",-,16,,,10.67,3851234567886,Hrana,0.16
3_TEST GOGA_2301 test,0009999,0.156,1,TEST EURO_2301,0.55,,,0.55,97000863,Hrana,"0,84"
3_TEST GOGA_2301 test,0009999,0.156,1,TEST EURO_2301,0.55,,,0.02,97000863,Hrana,"0,84"
3_TEST GOGA_2301 test,0009999,0.156,1,TEST EURO_2301,0.55,,,0.28,97000865,Hrana,"0,84"
"Alpska šunka u komadu, cca. 600g",0010237,1,ca. 600g,Alpenfest,12.69,,,12.69,2810236000000,Hrana,"12,69"
Svježi njoki,0010371,0.5,500g,Chef Select,1.09,,,2.18,4056489041917,Hrana,1.09
"Mesnata slanina, dimljena",0010913,0.25,2x125g,Dulano,3.19,,,12.76,4056489115526,Hrana,"3,19"
Pommes Noisettes,0011165,1,1kg,Duc de Coeur,2.49,,,2.49,20000066,Hrana,"2,49"
Kim,0012054,0.05,50g,Kania,0.99,,,19.8,20074630,Hrana,"0,99"
Zaèinska sol za piletinu,0012056,0.07,70g,Kania,0.88,,,12.57,20000356,Hrana,"1,09"
Kelj pupèar,0012119,0.75,750g,Freshona,2.29,,,3.05,20108922,Hrana,"2,19"
"Borovnica, smrznuto",0012133,0.5,500g,Freshona,2.59,,,5.18,20130602,Hrana,"2,59"
Jogurt 5% SK 4,0012211,1,1kg,Pilos,2.99,,,2.99,4056489110149,Hrana,Nije_bilo_u_prodaji_02.05.2025
Medenjak sa èokoladnim dnom,0012747,0.2,200g,Favorina,1.79,,,8.95,20036188,Hrana,"2,29"
Prženi luk,0012893,0.15,150g,Kania,1.65,,,11,20173074,Hrana,"1,65"
Pekan orah,0012970,0.2,200g,Alesto Selection,3.95,,,19.75,20202408,Hrana,"3,95"
Pekan orah,0012970,0.2,200g,Alesto Selection,3.95,,,19.75,4056489682677,Hrana,"3,95"
Èokolada za kuhanje SK1,0019139,0.2,200g,Belbake,3.49,,,17.45,20158767,Hrana,"3,29"
Èokolada za kuhanje SK1,0019139,0.2,200g,Belbake,3.49,,,17.45,20158774,Hrana,"3,29"
Filter za kavu No.4,0019145,0.167,100komad,Bellarom,1.29,,,0.01,20007539,Toaletne potrepštine,"1,29"
Filter za kavu No.4,0019145,0.167,100komad,Bellarom,1.29,,,0.01,4056489149934,Toaletne potrepštine,"1,29"
Müsli ploèica SK66,0019902,0.2,200g,Crownfield,1.79,,,8.95,20104238,Hrana,"1,56"
"Èokoladne praline s krispom, SK1",0019920,0.2,200g,Favorina,1.89,,,9.45,20084301,Hrana,"1,99"
Minis Caramel,0021249,0.35,350g,Mister Choc,3.69,,,10.54,4056489231684,Hrana,"3,59"
Baguette pecivo SK15,0021282,0.3,300g,Tastino,0.99,,,3.3,4056489124160,Hrana,"0,99"
Sladoled štapiæ èok.-vanilija,0021909,0.504,6x120ml,Gelatelli,5.59,,,7.76,20134105,Hrana,"4,99"
Umaci za tjesteninu SK8,0022470,0.34,340g,Italiamo,2.19,,,6.44,20496517,Hrana,"2,19"
Krutoni SK1,0022485,0.1,100g,Kania,1.39,,,13.9,20171094,Hrana,"1,39"
"Sendviè keksi Choco Duo, UTZ",0022652,0.5,500g,Sondey,2.29,,,4.58,20211141,Hrana,"2,29"
Kikiriki u tijestu SK9,0022808,0.2,200g,Alesto,1.59,,,7.95,20215743,Hrana,"1,59"
Baguettes-francuz SK5,0022918,0.35,2x175g,Chef Select,2.99,,,8.54,20008246,Hrana,"2,79"
Mesni naresci SK2,0024325,0.1,100g,Alpenfest,1.89,,,18.9,4056489115434,Hrana,"1,89"
Kolaè s ribanim tijestom SK10,0024334,0.4,400g,Alpenfest,2.59,,,6.48,20268633,Hrana,"2,49"
Kremasti sapun SK1,0024736,0.3,2x150g,Cien,1.39,,,4.63,4056489997603,Kozmetika,Nije_bilo_u_prodaji_02.05.2025
Svježi kozji sir,0025707,0.2,200g,Duc de Coeur,3.19,,,15.95,20024918,Hrana,"2,99"
Meki sir s plavom plijesni,0025914,0.25,250g,Duc de Coeur,3.39,,,13.56,20024796,Hrana,"3,39"
Piškote,0026237,0.4,400g,Sondey,1.75,,,4.38,20034153,Hrana,"1,75"
Èetkice za zube Classic Care SK5,0027020,0.051,4komad,Dentalux,0.89,,,0.22,20060046,Kozmetika,"0,89"
"Trajno mlijeko bez lakt. 1,5% m.m.",0027036,1.033,1l,Milbona,1.39,,,1.39,4056489928942,Hrana,"1,39"
Špageti od durum pšenice,0027325,1,1kg,Italiamo,1.39,,,1.39,20063757,Hrana,"1,49"
Zaèini,0028001,0.014,"12,5g,15g",Kania,1.85,,,1.85,20226565,Hrana,"1,85"
Spumante Bianco Dolce,0028102,0.75,"0,75l",Allini,2.99,,,3.99,4056489833680,Piæe,"2,65"
Teddy's Hit grickalice,0028354,0.125,125g,Snack Day,1.59,,,12.72,20005597,Hrana,"1,79"
Kiseli kupus u vinu,0028379,0.81,850ml,Alpenfest,1.49,,,1.75,20004415,Hrana,"1,49"
Tamna èok. 60%,0028824,0.125,125g,J.D. Gross,2.99,,,23.92,20000233,Hrana,"2,99"
Gel za brijanje ,0028839,0.2,200ml,Cien MEN,2.09,,,10.45,20232269,Kozmetika,"2,09"
Gel za brijanje ,0028839,0.2,200ml,Cien MEN,2.09,,,10.45,4056489323044,Kozmetika,"2,09"
Gel za brijanje ,0028839,0.2,200ml,Cien MEN,2.09,,,10.45,4056489431091,Kozmetika,"2,09"
Flaster SK7,0028901,0.023,"20komad,40komad",Sensiplast,0.89,,,0.02,20084936,Toaletne potrepštine,"0,89"
Flaster SK7,0028901,0.023,"20komad,40komad",Sensiplast,0.89,,,0.04,20084967,Toaletne potrepštine,"0,89"
Flaster SK7,0028901,0.023,"20komad,40komad",Sensiplast,0.89,,,0.02,20084967,Toaletne potrepštine,"0,89"
Flaster SK7,0028901,0.023,"20komad,40komad",Sensiplast,0.89,,,0.02,4042441018431,Toaletne potrepštine,"0,89"
Flaster SK7,0028901,0.023,"20komad,40komad",Sensiplast,0.89,,,0.04,40895345,Toaletne potrepštine,"0,89"
Flaster SK7,0028901,0.023,"20komad,40komad",Sensiplast,0.89,,,0.02,40895345,Toaletne potrepštine,"0,89"
"Slanutak u slanoj vodi, OM 240g",0028948,0.4,425ml,Freshona,0.59,,,2.46,4335619378452,Hrana,"0,69"
Tal. sjeckana rajèica sa zaè. SK1,0029238,0.4,425ml,Baresa,1.19,,,2.98,20198091,Hrana,"1,19"
Uniferm Svježi kvasac,0029328,0.042,42g,,0.35,,,0.35,41017739,Hrana,"0,29"
"Makadamijski orašèiæ, slan i peèen",0029505,0.125,125g,Alesto,2.99,,,23.92,20118761,Hrana,"2,99"
"Trajno mlijeko 2,8% m.m.",0030860,1,1l,Pilos,0.82,,,0.82,20898960,Hrana,"0,79"
Èokoladni listiæi SK4,0030861,0.125,125g,Mister Choc,2.99,,,23.92,20419196,Hrana,"2,99"
Desertni specijaliteti SK19,0030937,0.155,"2x75g,2x80g",MCENNEDY,1.69,,,9.94,20809584,Hrana,"1,69"
Lasagne SK32,0032112,0.4,400g,Chef Select,2.79,,,6.98,4056489865599,Hrana,"2,79"
"Dimljeni losos, škotski",0032117,0.32,320g,Deluxe,10.15,,,31.72,20240790,Hrana,"9,99"
Snack kobasica Tirolska SK8,0032325,0.15,150g,Alpenfest,1.99,,,13.27,4056489115472,Hrana,"1,99"
Superieur èok. štapiæi SK14,0032577,0.2,200g,J.D. Gross,4.69,,,23.45,20099787,Hrana,"4,69"
JAR Chardonnay/Colombard (EUA),0034517,0.744,"0,75l",Cimarosa,1.33,,,1.77,4304493261570,Piæe,"1,33"
"Tortilla èips SK1, SK5, SK6",0034632,0.15,150g,Snack Day,1.19,,,7.93,20236946,Hrana,"1,19"
Yogurt SK4,0036211,0.15,150g,MCENNEDY,0.99,,,6.6,20252809,Hrana,"0,89"
Yogurt SK4,0036211,0.15,150g,MCENNEDY,0.99,,,6.6,20252816,Hrana,"0,89"
Lisnato tijesto light ,0037527,0.275,275g,Chef Select & You,1.19,,,4.33,20233747,Hrana,Nije_bilo_u_prodaji_02.05.2025
Èips s okusom sira i luka,0038408,0.15,150g,Snack Day,1.15,,,7.67,20094713,Hrana,"1,15"
Èips s okusom sira i luka,0038408,0.15,150g,Snack Day,1.15,,,7.67,4056489487524,Hrana,"1,15"
Èips SK30,0038411,0.175,175g,Snack Day,2.49,,,14.23,20770990,Hrana,"1,59"
Èips SK30,0038411,0.175,175g,Snack Day,2.49,,,14.23,4056489238799,Hrana,"1,59"
"Prutiæi za maèke SK4, 50g",0038491,0.05,50g,Coshida,1.39,,,27.8,20166861,Proizvodi za kuæanstvo,"1,39"
"Prutiæi za maèke SK4, 50g",0038491,0.05,50g,Coshida,1.39,,,27.8,20166922,Proizvodi za kuæanstvo,"1,39"
Božiæne figure od èokolad. SK7,0038527,0.1,100g,Favorina,1.89,,,18.9,4056489704379,Hrana,"1,59"
Pasta za zube SK4,0038752,0.155,125ml,Dentalux,1.05,,,8.4,4056489708384,Kozmetika,"1,05"
Pasta za zube SK4,0038752,0.155,125ml,Dentalux,1.05,,,8.4,4056489751564,Kozmetika,"1,05"
Pasta za zube SK4,0038752,0.155,125ml,Dentalux,1.05,,,8.4,4056489826125,Kozmetika,"1,05"
Pasta za zube SK4,0038752,0.154,125ml,Dentalux,1.05,,,8.4,20006891,Kozmetika,"1,05"
Pasta za zube SK4,0038752,0.154,125ml,Dentalux,1.05,,,8.4,4056489826125,Kozmetika,"1,05"
"Tamponi, razne vrste 56-80 kom. SK8",0038769,0.178,"56komad,64komad,80komad",Siempre,3.69,,,0.05,4056489849018,Toaletne potrepštine,"3,69"
Smoothie 250ml SK13,0038798,0.265,250ml,Solevita,1.49,,,5.96,4304493262737,Hrana,"1,49"
Hrana za pse SK13,0038821,0.3,300g,Orlando,0.79,,,2.63,4056489576686,Proizvodi za kuæanstvo,0.79
Balsamico umak SK5,0039128,0.316,250ml,Italiamo,1.39,,,5.56,4056489035268,Hrana,"1,39"
Pijesak za maèke,0039172,10,10kg,Coshida,3.75,,,0.38,20014056,Proizvodi za kuæanstvo,"3,75"
Pijesak za maèke,0039172,10,10kg,Coshida,3.75,,,0.38,4056489142164,Proizvodi za kuæanstvo,"3,75"
Mješavina keksa SK3,0039284,0.45,"400g,500g",Sondey,3.49,,,6.98,20005429,Hrana,Nije_bilo_u_prodaji_02.05.2025
Suha hrana za maèke 2 kg SK17,0039750,2,2kg,Coshida,3.45,,,1.73,20858261,Proizvodi za kuæanstvo,"3,45"
Asia umaci SK6,0040086,0.281,250ml,Vitasia,1.19,,,4.76,20196103,Hrana,"1,49"
Goldbrand 30% vol.,0040094,0.673,"0,7l",Alliance,5.39,,,7.7,4304493257320,Piæe,"5,39"
Kornet jagoda-vanilija (76g),0044152,0.077,120ml,Gelatelli,0.69,,,5.75,20332921,Hrana,"0,69"
Bosiljak,0045072,0.014,14g,Kania,0.92,,,0.92,20249885,Hrana,"0,92"
Origano usitnjeni,0045073,0.012,12g,Kania,0.99,,,0.99,20249878,Hrana,"0,99"
Twist s maslacem SK2,0045986,0.125,125g,Duc de Coeur,1.39,,,11.12,4056489257844,Hrana,"1,39"
Krem namaz SK7,0047428,0.2,200g,Mister Choc,1.79,,,8.95,20438982,Hrana,"2,29"
Grèki feta sir,0048087,0.2,200g,Milbona,3.29,,,16.45,20262969,Hrana,"3,29"
Kocke za potpalu,0048253,0.2,1komad,-,0.89,,,0.89,4056489262589,Proizvodi za kuæanstvo,"0,89"
Brioche pletenica,0049702,0.6,600g,Duc de Coeur,3.19,,,5.32,20501006,Hrana,"3,79"
Šumeæe tablete kalcij,0051522,0.09,90g,Optisana,1.15,,,12.78,20289126,Hrana,"1,15"
Riža na mlijeku SK4,0051988,0.2,200g,Pilos,0.79,,,3.95,20552046,Hrana,"0,79"
"Smrznuto povræe, SK7",0054707,0.45,450g,Freshona,1.25,,,2.78,20385965,Hrana,"1,79"
"Smrznuto povræe, SK7",0054707,0.45,450g,Freshona,1.25,,,2.78,4056489431572,Hrana,"1,79"
Premium sladoled u kornetu SK6,0054730,0.456,6x120ml,Gelatelli,4.29,,,5.96,20459710,Hrana,"3,99"
Secco Rosato,0054772,0.2,"0,2l",Allini,1.19,,,5.95,4335619259645,Piæe,"0,99"
Set za èišæenje prašine,0055532,0.051,1komad,W5,1.19,,,1.19,4056489745433,Proizvodi za kuæanstvo,"1,49"
Dvopek,0058560,0.6,600g,Certossa,1.99,,,3.32,20015848,Hrana,1.99
Integralni dvopek,0058561,0.6,600g,Certossa,1.99,,,3.32,20015855,Hrana,1.99
Ledena kava SK6,0058658,0.261,250ml,Milbona,1.19,,,4.76,20310134,Hrana,"1,09"
Ledena kava SK6,0058658,0.261,250ml,Milbona,1.19,,,4.76,4304493262119,Hrana,"1,09"
Ledena kava SK6,0058658,0.261,250ml,Milbona,1.19,,,4.76,4304493262126,Hrana,"1,09"
Extra hrskavi èips SK8,0059344,0.125,125g,Snack Day,1.39,,,11.12,20551834,Hrana,"1,39"
Grèki zaèini SK5,0060253,0.041,"35g,40g,50g",Eridanous,0.79,,,22.57,20550097,Hrana,"0,79"
Grèki zaèini SK5,0060253,0.041,"35g,40g,50g",Eridanous,0.79,,,19.75,4056489644262,Hrana,"0,79"
Grèki zaèini SK5,0060253,0.041,"35g,40g,50g",Eridanous,0.79,,,22.57,4056489644286,Hrana,"0,79"
Grèki zaèini SK5,0060253,0.041,"35g,40g,50g",Eridanous,0.79,,,15.8,4056489644293,Hrana,"0,79"
Grèki zaèini SK5,0060253,0.041,"35g,40g,50g",Eridanous,0.79,,,22.57,4056489723660,Hrana,"0,79"
Maramice za èišæenje naoèala,0060424,0.089,54komad,W5,0.99,,,0.02,4335619016224,Proizvodi za kuæanstvo,"0,99"
Kolaè od dizanog tijesta SK2,0060487,0.45,450g,Alpenfest,2.99,,,6.64,20669454,Hrana,"2,79"
Europa šibice,0060589,0.072,10x42komad,,0.59,,,0.59,4004753042603,Proizvodi za kuæanstvo,"0,59"
"Festbier 5,5%",0060604,0.5,"0,5l",Perlenbacher,0.89,,,1.78,4304493269897,Piæe,"0,79"
"Sorbet Limun, 600g",0060695,0.6,1000ml,Gelatelli,2.49,,,2.49,20548391,Hrana,"2,49"
Pizza šunka-šampinjoni XXL,0060812,1.02,3x340g,Trattoria Alfredo,6.59,,,6.46,20558192,Hrana,"6,49"
Majoneza Dijon 70%,0061246,0.494,500ml,Duc de Coeur,2.11,,,4.22,20520106,Hrana,Nije_bilo_u_prodaji_02.05.2025
Dezodorans SK21,0062781,0.117,200ml,Cien,1.29,,,6.45,20321000,Kozmetika,"1,29"
Dezodorans muški SK15,0062785,0.123,200ml,Cien MEN,1.29,,,6.45,20978631,Kozmetika,"1,29"
Dezodorans muški SK15,0062785,0.123,200ml,Cien MEN,1.29,,,6.45,4056489235989,Kozmetika,"1,29"
Dezodorans muški SK15,0062785,0.123,200ml,Cien MEN,1.29,,,6.45,4056489525882,Kozmetika,"1,29"
Sredstvo za èišæenje kupaonice SK10,0062791,0.761,750ml,W5,1.85,,,2.47,4056489168416,Sredstva za èišæenje,"1,85"
Snack-Mix ,0062822,0.25,250g,Snack Day,1.39,,,5.56,20327842,Hrana,"1,79"
Picco Pizzi šunka/salama SK1,0063013,0.36,360g,Trattoria Alfredo,3.99,,,11.08,20279868,Hrana,"3,99"
Chardonnay IGP Terre Siciliane ,0063293,0.75,"0,75l",CORTE AURELIO,3.59,,,4.79,4334035046921,Piæe,"3,49"
Hrana za maèke mousse 4x85g,0063422,0.34,340g,Coshida Selection,2.49,,,7.32,20338343,Proizvodi za kuæanstvo,"2,49"
Motorno ulje SAE 5W-40 API SM/CF,0065351,4.33,5l,W5,19.99,,,4,20342739,Sredstva za èišæenje,"19,99"
Smoki XXL sort. SK1,0065418,0.2,"150g,250g",Snack Day,1.19,,,4.76,20343132,Hrana,"1,19"
Aluminijska folija,0065442,0.207,1komad,Grillmeister,3.79,,,3.79,20343637,Proizvodi za kuæanstvo,"3,79"
Müsli voæni SK1,0065568,1,1000g,Crownfield,3.29,,,3.29,4056489167990,Hrana,"3,49"
Safalade XXL,0065611,1.2,1200g,Dulano,8.99,,,0.75,20339388,Hrana,Nije_bilo_u_prodaji_02.05.2025
Muffins XXL SK2,0065674,0.45,450g,Confiserie Firenze,3.39,,,7.53,20346348,Hrana,"3,39"
Krema za ruke SK6,0065854,0.109,"125ml,75ml",Cien,1.19,,,15.87,20864811,Kozmetika,"1,19"
Odstr. laka za nokte bez acet. SK8,0065975,0.173,200ml,Cien,1.99,,,9.95,20860790,Kozmetika,"1,99"
Šunka narezana XXL,0065989,0.25,250g,Dulano,3.69,,,14.76,4056489114758,Hrana,"3,69"
Premium kornet Trio Fresh,0066016,0.45,6x120ml,Gelatelli,3.99,,,5.54,20346102,Hrana,"3,99"
Rošilj kobasice SK7,0067627,0.25,250g,Grillmeister,2.59,,,10.36,20203726,Hrana,"2,59"
"Jastuèiæi punj. noug., vanil. SK44 ",0067777,0.375,375g,Crownfield,1.99,,,5.31,20364540,Hrana,"1,99"
Beauty kompaktni puder SK4,0069825,0.005,"4,5g",Cien,2.25,,,2.25,20030681,Kozmetika,"2,25"
Hamburger pecivo sa sjemenkama,0069994,0.3,300g,MCENNEDY,0.99,,,3.3,20364045,Hrana,"0,99"
Sir za roštilj SK1,0070128,0.28,280g,Grillmeister,2.99,,,10.68,20364649,Hrana,"2,99"
Maramice za èišæenje XXL SK1,0070686,1.64,4x80komad,W5,5.89,,,0.02,4056489268437,Proizvodi za kuæanstvo,"5,89"
Maramice za èišæenje XXL SK1,0070686,1.64,4x80komad,W5,5.89,,,0.02,4335619136120,Proizvodi za kuæanstvo,"5,89"
Èokoladni listiæi s mentom,0070924,0.3,300g,J.D. Gross,3.69,,,12.3,20369705,Hrana,"3,29"
Dimljene hrenovke XXL,0072395,0.5,500g,Dulano,3.99,,,7.98,20339395,Hrana,"3,99"
Prženi kikiriki u tijestu XXL SK2,0072757,0.25,250g,Alesto,1.59,,,6.36,20589738,Hrana,"1,59"
"Komadi tune u salamuri, OM: 150g",0074696,0.195,195g,Nixe,2.39,,,15.93,20403027,Hrana,"2,39"
Njega lica za muškarce SK6 ,0076409,0.051,50ml,Cien,2.39,,,47.8,20516482,Kozmetika,"2,59"
Panirani filet aljaške kolje,0076887,0.96,960g,Ocean Sea,6.99,,,7.28,20404987,Hrana,"6,99"
"Aluminijska folija 12µ, 30m",0077667,0.288,1komad,Aromata,2.65,,,2.65,20414276,Proizvodi za kuæanstvo,"2,65"
Grèki jogurt natur,0077784,0.5,4x125g,Milbona,1.99,,,3.98,20816612,Hrana,"1,99"
Grèki jogurt natur,0077784,0.5,4x125g,Milbona,1.99,,,3.98,20898984,Hrana,"1,99"
Grèki jogurt natur,0077784,0.5,4x125g,Milbona,1.99,,,3.98,4056489010715,Hrana,"1,99"
Tiramisu SK4,0077850,0.16,2x80g,Italiamo,1.59,,,9.94,4056489627111,Hrana,"1,59"
Grill umak sort. SK14,0079343,0.359,300ml,Kania,1.99,,,6.63,20422431,Hrana,"1,59"
Grill umak sort. SK14,0079343,0.359,300ml,Kania,1.99,,,6.63,4335619019805,Hrana,"1,59"
Mesni sir SK15,0079751,0.125,125g,Alpenfest,1.19,,,9.52,4056489298915,Hrana,"1,05"
Hamburger/Hot Dog peciva SK14,0079870,0.278,"250g,300g",Tastino,1.19,,,3.97,4056489846987,Hrana,"1,19"
Hamburger/Hot Dog peciva SK14,0079870,0.278,"250g,300g",Tastino,1.19,,,3.97,4056489846994,Hrana,"1,19"
Kumkvat 100g,0080061,0.1,100g,,0.99,,,9.9,3859893696275,Hrana,"1,29"
Mrkva 1kg,0082761,1,1kg,,1.19,,,1.19,20239015,Hrana,"1,29"
Mrkva 1kg,0082761,1,1kg,,1.19,,,1.19,3858893060086,Hrana,"1,29"
Peršin korijen list 250g,0082766,0.25,250g,,1.49,,,1490,20786083,Hrana,Nije_bilo_u_prodaji_02.05.2025
Mrkva svežanj,0082781,0.541,1komad,,1.19,,,1.19,20487706,Hrana,"0,99"
Peršin korijen 250g,0082799,0.25,250g,,1.29,,,5.16,20503529,Hrana,"1,24"
Cikla,0082825,0.5,500g,,1.59,,,3.18,20247942,Hrana,"1,59"
Celer 200g,0082869,0.2,200g,,0.89,,,4.45,20582470,Hrana,"0,89"
Brokula 500g,0082904,0.5,500g,,1.29,,,2.58,8001402070211,Hrana,"1,49"
Šampinjoni 250g,0083015,0.25,250g,,1.19,,,4.76,3858893060093,Hrana,"1,19"
Bio Hokkaido tikva,0084621,1,1kg,,1.99,,,1.99,20888381,Hrana,"2,99"
Bio zaèinsko bilje,0084647,0,1komad,,1.69,,,1.69,20809881,Hrana,"1,49"
Bio zaèinsko bilje,0084647,0,1komad,,1.69,,,1.69,20934194,Hrana,"1,49"
Bio zaèinsko bilje,0084647,0,1komad,,1.69,,,1.69,20934217,Hrana,"1,49"
Bio zaèinsko bilje,0084647,0,1komad,,1.69,,,1.69,40897301,Hrana,"1,49"
Bio zaèinsko bilje,0084647,0,1komad,,1.69,,,1.69,8024122184006,Hrana,"1,49"
Bio luk 1kg,0084666,1,1kg,,1.99,,,1.99,20240073,Hrana,"2,49"
Inæuni u maslinovom ulju,0086979,0.23,230g,Deluxe,7.59,,,33,20305123,Hrana,"6,99"
Svježi cappelletti sort. SK7,0087019,0.25,250g,Deluxe,2.29,,,9.16,20438326,Hrana,"2,29"
Sjajilo za obuæu SK3,0087031,0.075,1komad,W5,1.29,,,1.29,20491345,Sredstva za èišæenje,"1,29"
Sirup SK26,0087297,0.903,"0,7l",Solevita,1.99,,,2.84,4304493268258,Piæe,"1,99"
Umaci na talijanski naèin SK1,0087611,0.35,350g,Italiamo,1.59,,,4.54,20431488,Hrana,"1,59"
Umaci za tjesteninu SK6,0087612,0.35,350g,Italiamo,1.59,,,4.54,20602123,Hrana,"1,59"
Snack od sira sort.,0088099,0.22,220g,Milbona,3.29,,,14.95,20774875,Hrana,"3,29"
Snack od sira sort.,0088099,0.22,220g,Milbona,3.29,,,14.95,4006923082228,Hrana,"3,29"
Fini umaci za tjesteninu SK1,0088272,0.35,350g,Deluxe,1.89,,,5.4,20448721,Hrana,"1,69"
Alk. piæe na bazi ruma 35% vol.,0088408,0.67,"0,7l",James Cook,6.99,,,9.99,4304493262270,Piæe,"6,59"
Pommes Frites valoviti,0088539,1,1kg,Harvest Basket,2.89,,,2.89,20537791,Hrana,"2,89"
Tirolska šunka SK2,0090603,0.1,100g,Alpenfest,2.19,,,21.9,20440367,Hrana,"1,99"
Gel za tuširanje 3u1 SK16,0091976,0.309,300ml,Cien,1.05,,,3.5,20460921,Kozmetika,"1,05"
Gel za tuširanje 3u1 SK16,0091976,0.309,300ml,Cien,1.05,,,3.5,4056489688112,Kozmetika,"1,05"
Gel za tuširanje 3u1 SK16,0091976,0.309,300ml,Cien,1.05,,,3.5,4056489753056,Kozmetika,"1,05"
Mallow Cake ,0092306,0.34,340g,Mister Choc,4.39,,,12.91,20453251,Hrana,"4,39"
Kremasti kefir SK4,0094282,0.25,250g,Pilos,,0.69,0.99,2.76,20490584,Hrana,"0,99"
Kremasti kefir SK4,0094282,0.25,250g,Pilos,,0.69,0.99,2.76,20490591,Hrana,"0,99"
Bio raženi kruh SK1,0095047,0.5,500g,Tastino,1.19,,,2.38,20507336,Hrana,"1,49"
BO Pivski perec,0095664,0.097,95g,,0.29,,,0.31,20708030,Hrana,"0,35"
Maslinovo ulje za prženje,0097197,0.913,1l,Primadonna,6.99,,,6.99,20507664,Hrana,"6,99"
Zaèinsko ulje SK7,0097277,0.12,125ml,Deluxe,2.39,,,19.12,4056489821953,Hrana,"2,39"
Zaèinska mješavina SK7,0097448,0.047,"40g,45g,50g,55g",Deluxe,2.29,,,50.89,20520120,Hrana,"1,79"
Zaèinska mješavina SK7,0097448,0.047,"40g,45g,50g,55g",Deluxe,2.29,,,41.64,20520137,Hrana,"1,79"
Zaèinska mješavina SK7,0097448,0.047,"40g,45g,50g,55g",Deluxe,2.29,,,50.89,20520144,Hrana,"1,79"
Zaèinska mješavina SK7,0097448,0.047,"40g,45g,50g,55g",Deluxe,2.29,,,57.25,20520168,Hrana,"1,79"
Salami Slices,0097774,0.1,100g,Italiamo,1.89,,,18.9,20503604,Hrana,"1,79"
Hrana za maèke premium SK16,0097851,1.2,12x100g,Coshida,,2.99,4.19,2.49,20532314,Proizvodi za kuæanstvo,"4,19"
Parmigiano Reggiano SK1,0098191,0.1,100g,Italiamo,2.39,,,23.9,20037253,Hrana,"2,29"
Sladoled štapiæ van./èok. SK1,0099218,0.033,60ml,Ballino,0.29,,,4.83,20301408,Hrana,"0,29"
o.b. Tamponi SK1,0099299,0.052,"54komad,64komad",,4.29,,,0.08,3574661128627,Toaletne potrepštine,"4,29"
o.b. Tamponi SK1,0099299,0.052,"54komad,64komad",,4.29,,,0.08,3574661130385,Toaletne potrepštine,"4,29"
o.b. Tamponi SK1,0099299,0.052,"54komad,64komad",,4.29,,,0.08,3574661321394,Toaletne potrepštine,"4,29"
o.b. Tamponi SK1,0099299,0.052,"54komad,64komad",,4.29,,,0.07,3574661321394,Toaletne potrepštine,"4,29"
o.b. Tamponi SK1,0099299,0.052,"54komad,64komad",,4.29,,,0.07,3574661322629,Toaletne potrepštine,"4,29"
o.b. Tamponi SK1,0099299,0.052,"54komad,64komad",,4.29,,,0.08,3574661582467,Toaletne potrepštine,"4,29"
o.b. Tamponi SK1,0099299,0.052,"54komad,64komad",,4.29,,,0.07,3574661582474,Toaletne potrepštine,"4,29"
Višekratna vreæica,0099430,0.175,1komad,-,1.19,,,1.19,20573010,Proizvodi za kuæanstvo,"1,19"
Višekratna vreæica,0099430,0.175,1komad,-,1.19,,,1.19,4052917401124,Proizvodi za kuæanstvo,"1,19"
Dimljena losos pastrva,0099488,0.1,100g,Nautica,3.69,,,36.9,20573317,Hrana,"3,69"
BENGAL El. ap. protiv komaraca nad.,0099899,0.09,1komad,,3.49,,,3.49,8008090078185,Proizvodi za kuæanstvo,"3,49"
Kiseli krastavci narezani,0105014,0.67,720ml,MCENNEDY,1.49,,,3.73,20622411,Hrana,"1,49"
Cvjetaèa smrznuta,0105779,1,1000g,Freshona,2.65,,,2.65,4056489599333,Hrana,"2,65"
Focaccia SK9,0106511,0.3,300g,Chef Select,1.49,,,4.97,4335619250611,Hrana,"1,99"
Predjela na talijanski naèin SK16,0107005,0.288,"285g,300g",Italiamo,2.49,,,8.3,20097868,Hrana,Nije_bilo_u_prodaji_02.05.2025
Kolaè s lješnjacima,0108459,0.2,200g,Favorina,2.49,,,12.45,20602734,Hrana,"3,19"
Èokoladni keksi s maslacem,0108653,0.2,200g,Favorina,2.15,,,10.75,20615086,Hrana,"2,29"
Premium Sol u mlincu SK11,0108674,0.153,"180g,70g",Deluxe,3.59,,,19.94,4056489010326,Hrana,"3,89"
Premium Sol u mlincu SK11,0108674,0.153,"180g,70g",Deluxe,3.59,,,19.94,4056489864431,Hrana,"3,89"
Premium Sol u mlincu SK11,0108674,0.153,"180g,70g",Deluxe,3.59,,,51.29,4056489864448,Hrana,"3,89"
Bio riža SK1,0109155,0.5,500g,Golden Sun,1.99,,,3.98,20620370,Hrana,"1,99"
Pohani sir SK1,0110739,0.25,250g,Alpenfest,3.29,,,13.16,4056489130550,Hrana,"3,29"
Pohani sir SK1,0110739,0.25,250g,Alpenfest,3.29,,,13.16,4056489130567,Hrana,"3,29"
Tekuæi puder SK7,0111947,0.034,30ml,Cien,2.89,,,2.89,20667986,Kozmetika,"2,89"
Tekuæi puder SK7,0111947,0.034,30ml,Cien,2.89,,,2.89,20668006,Kozmetika,"2,89"
Tekuæi puder SK7,0111947,0.034,30ml,Cien,2.89,,,2.89,4056489619864,Kozmetika,"2,89"
Tekuæi puder SK7,0111947,0.034,30ml,Cien,2.89,,,2.89,4056489656838,Kozmetika,"2,89"
Maskara SK5,0112001,0.014,10ml,Cien,2.25,,,2.25,4056489620037,Kozmetika,"2,25"
Kompot od breskve,0112518,0.82,850ml,Freshona,1.99,,,4.15,20622374,Hrana,"2,29"
Maslac za usne SK10,0112665,0.008,"3,3ml",Cien,2.49,,,2.49,20009564,Kozmetika,"2,49"
Maslac za usne SK10,0112665,0.008,"3,3ml",Cien,2.49,,,2.49,20955069,Kozmetika,"2,49"
Tvrdi planinski sir SK1,0113436,0.2,200g,Alpenfest,2.29,,,11.45,20643959,Hrana,"2,29"
Funny Fruit Tropical sok,0114746,2.906,"14x0,2l",Solevita,4.99,,,1.78,20601720,Piæe,"3,98"
Sirni namaz SK27,0115249,0.11,"100g,125g",Alpenfest,1.89,,,18.9,20462369,Hrana,"1,79"
Sirni namaz SK27,0115249,0.11,"100g,125g",Alpenfest,1.89,,,18.9,20476922,Hrana,"1,79"
Sirni namaz SK27,0115249,0.11,"100g,125g",Alpenfest,1.89,,,15.12,20476922,Hrana,"1,79"
Sirni namaz SK27,0115249,0.11,"100g,125g",Alpenfest,1.89,,,18.9,20621971,Hrana,"1,79"
"Vino blanco, Španjolsko bijelo vino",0115634,3,3l,-,7.99,,,2.66,4056489815112,Piæe,"6,99"
Focaccini SK1,0115956,0.3,300g,Chef Select,1.99,,,6.63,4056489856177,Hrana,"1,99"
Focaccini SK1,0115956,0.3,300g,Chef Select,1.99,,,6.63,4056489856184,Hrana,"1,99"
ASC Dimljena pastrva SK1,0116232,0.125,125g,Nautica,3.59,,,28.72,20625153,Hrana,"2,99"
Gel za brijanje,0116573,0.195,200ml,Cien,1.99,,,9.95,20652210,Kozmetika,"2,09"
Sjenilo za oèi SK1,0116878,0.003,3g,Cien,1.58,,,1.58,20657093,Kozmetika,"1,58"
Salama Fino,0116971,0.12,120g,Italiamo,2.09,,,17.42,20673772,Hrana,"2,09"
Praline s višnjama,0118851,0.165,165g,-,3.29,,,19.94,20752859,Hrana,"3,29"
Turska gotova jela SK6,0119102,0.461,"275g,540g",1001 delights,3.29,,,11.96,20793203,Hrana,"3,29"
Humus SK44,0119131,0.2,200g,Vitasia,1.09,,,5.45,4056489889793,Hrana,"1,39"
Humus SK44,0119131,0.2,200g,Vitasia,1.09,,,5.45,4056489889809,Hrana,"1,39"
Olovka za oèi / obrve SK2 ,0119367,0.002,1komad,Cien,1.49,,,1.49,20009922,Kozmetika,"1,49"
Olovka za oèi / obrve SK2 ,0119367,0.002,1komad,Cien,1.49,,,1.49,40891378,Kozmetika,"1,49"
Balzam za usne SK5,0119613,0.005,1komad,Cien,0.99,,,0.99,20760410,Kozmetika,"0,99"
Zeleni èaj UTZ SK21,0119798,0.044,"25x1,75g",Lord Nelson,1.59,,,1.59,20097011,Piæe,"1,29"
Zeleni èaj UTZ SK21,0119798,0.044,"25x1,75g",Lord Nelson,1.59,,,1.59,20769536,Piæe,"1,29"
Zeleni èaj UTZ SK21,0119798,0.044,"25x1,75g",Lord Nelson,1.59,,,1.59,4056489431299,Piæe,"1,29"
Pileæi medaljoni bez glutena,0119872,0.3,300g,Culinea,3.99,,,13.3,4056489638902,Hrana,"3,49"
Riesling Washington State,0122092,0.75,"0,75l",Cimarosa,4.99,,,6.65,4056489019497,Piæe,"4,99"
Mozzarella ribana XXL,0122300,0.5,500g,Milbona,3.99,,,7.98,20816315,Hrana,"4,39"
Piškote XXL,0122305,0.5,500g,Sondey,1.99,,,3.98,4056489983330,Hrana,"1,99"
Soft biscuit naranèa XXL,0122308,0.45,450g,Sondey,3.29,,,7.31,20816384,Hrana,"3,29"
Snack mix XXL,0122314,0.5,500g,Snack Day,3.69,,,7.38,20816414,Hrana,"3,69"
Tekuæi jogurt  SK8,0122949,0.85,850g,Milbona,1.89,,,2.22,20817404,Hrana,"1,89"
Tekuæi jogurt  SK8,0122949,0.85,850g,Milbona,1.89,,,2.22,4304493270473,Hrana,"1,89"
Energy Drink Classic,0123681,0.52,"0,5l",Colossus,1.09,,,2.18,4304493263079,Piæe,"1,09"
Izbor raznih umaka,0123988,0.675,5x130ml,Kania,4.45,,,6.85,20848071,Hrana,"5,59"
Kvinoja SK1,0127163,0.4,400g,Golden Sun,2.89,,,7.23,20897673,Hrana,"2,89"
Makovnjaèa,0127581,0.3,295g,,2.19,,,7.42,20903480,Hrana,"2,19"
Makovnjaèa,0127581,0.3,295g,,2.19,,,7.42,4334035166780,Hrana,"2,19"
BO Mini Calzone,0127696,0.12,110g,,1.39,,,12.64,20907075,Hrana,"1,39"
Bio djeèji voæni sir,0127747,0.6,12x50g,Milbona,2.99,,,4.98,20907426,Hrana,"2,69"
Prosecco DOP Spumante extra-dry,0127993,0.2,"0,2l",Allini,2.49,,,12.45,4056489208556,Piæe,"2,49"
"Scotch Whisky 40%, 8 godina",0128107,0.685,"0,7l",Queen Margot,10.89,,,15.56,4304493262539,Piæe,"10,89"
Glossy Gel Lak za nokte SK18,0128299,0.011,11ml,Cien Beauty,1.15,,,1.15,4056489369028,Kozmetika,"1,15"
Glossy Gel Lak za nokte SK18,0128299,0.011,11ml,Cien Beauty,1.15,,,1.15,4056489369035,Kozmetika,"1,15"
Bio integralni hrskavi kruh SK1,0128524,0.2,200g,Tastino,2.39,,,11.95,20918293,Hrana,"2,39"
Meki kravlji sir XXL,0128665,0.4,400g,Milbona,3.49,,,8.73,20918972,Hrana,"3,19"
Grandioso puding SK7,0128681,0.175,175g,Milbona,0.79,,,4.51,4056489656180,Hrana,"0,69"
Grandioso (desert s vrhnjem) SK6,0128690,0.19,190g,Milbona,0.85,,,4.47,4056489656203,Hrana,Nije_bilo_u_prodaji_02.05.2025
Grandioso (desert s vrhnjem) SK6,0128690,0.19,190g,Milbona,0.85,,,4.47,4056489656210,Hrana,Nije_bilo_u_prodaji_02.05.2025
Frusta Prosciutto pizza pecivo,0129124,0.2,180g,,1.79,,,9.94,20936525,Hrana,"1,69"
Olovka za oèi ''Summerfresh'',0131405,0.001,1komad,Cien,0.92,,,0.92,4056489021162,Kozmetika,"0,92"
Korektor laka za nokte u stiku,0131589,0.004,1komad,Cien Beauty,1.59,,,1.59,20987978,Kozmetika,"1,59"
Tamna èok. 85%,0131915,0.125,125g,J.D. Gross,3.19,,,25.52,20995553,Hrana,"3,19"
Djeèji gel za zube SK3,0132312,0.133,100ml,Dentalux,0.85,,,8.5,4056489708483,Kozmetika,"0,89"
"Svinjski kare, cca. 1100-1800g",0132526,1,ca.1100-1800g,,2.99,,,2.99,2865372000000,Hrana,"4,75"
"Svinjski kare, cca. 1100-1800g",0132526,1,ca.1100-1800g,,2.99,,,2.99,2865375000000,Hrana,"4,75"
"Svinjski kare, cca. 1100-1800g",0132526,1,ca.1100-1800g,,2.99,,,2.99,2865376000000,Hrana,"4,75"
"Svinjski vrat bk, cca.600-1600g",0132527,1,cca.600-1600g,,4.15,,,4.15,2865353000000,Hrana,Nije_bilo_u_prodaji_02.05.2025
Njega za zube SK12,0132608,0.046,"1komad,6komad",Dentalux,1.99,,,1.99,20525125,Kozmetika,"1,99"
Hairvital Regenerator za kosu SK5,0133014,0.248,250ml,Cien,1.49,,,5.96,4056489152798,Kozmetika,"1,49"
Hairvital Regenerator za kosu SK5,0133014,0.248,250ml,Cien,1.49,,,5.96,4056489152804,Kozmetika,"1,49"
Men Pjena za brijanje Hydro,0135240,0.293,300ml,Cien,1.55,,,5.17,4335619129931,Kozmetika,Nije_bilo_u_prodaji_02.05.2025
Losion za bebe,0135360,0.491,500ml,Lupilu,2.65,,,5.3,20018870,Kozmetika,"2,65"
Dimljeni losos XXL,0135463,0.22,220g,Nautica,5.49,,,24.95,20024529,Hrana,"6,89"
Punjeni voæni bomboni SK1,0135488,0.3,300g,Sweet Corner,,1.25,1.79,4.17,20230456,Hrana,"1,79"
Kobasica rezana,0135632,0.18,180g,1001 delights,2.99,,,16.61,20037017,Hrana,"2,79"
Tekuæi det. za pr. rublja SK1 27pr.,0136086,1.53,"1,485l",Formil,3.85,,,2.59,4056489186601,Sredstva za èišæenje,"3,85"
Tekuæi det. za pr. rublja SK1 27pr.,0136086,1.53,"1,485l",Formil,3.85,,,2.59,40893334,Sredstva za èišæenje,"3,85"
Prirodni šampon za  kosu SK1,0136845,0.3,300ml,Cien,1.79,,,5.97,4056489254744,Kozmetika,"1,79"
Prirodni šampon za  kosu SK1,0136845,0.3,300ml,Cien,1.79,,,5.97,4056489254751,Kozmetika,"1,79"
Craft pivo SK1,0137230,0.5,"0,5l",-,1.49,,,2.98,4054500140915,Piæe,"1,29"
Craft pivo SK1,0137230,0.5,"0,5l",-,1.49,,,2.98,4054500440916,Piæe,"1,29"
Žvakaæe gume SK1,0137289,0.098,98g,Jetgum,1.49,,,15.2,20091866,Hrana,"1,49"
Baby pelene gaæice maxi,0139322,0.68,22komad,Lupilu,4.75,,,0.22,4056489352327,Toaletne potrepštine,"4,75"
Sladilo u tabletama bez laktoze,0139500,0.072,72g,Belbake,1.39,,,19.31,4056489008095,Hrana,"1,39"
Premium tjestenina ricotta-špinat,0139797,0.25,250g,Chef Select,2.49,,,9.96,4056489009191,Hrana,"2,49"
Tuna u maslinovom ulju,0140192,0.3,300g,Deluxe,5.49,,,18.3,20249304,Hrana,"5,49"
Riblji tapas s umakom SK7,0140211,0.1,100g,Vitasia,2.49,,,24.9,4056489167327,Hrana,"2,49"
Vafel jaja SK3,0140685,0.25,250g,Favorina,1.99,,,7.96,20758868,Hrana,"1,99"
Mlj. èok. s raznim punjenjem SK1,0144007,0.299,"295g,300g",Fin Carré,4.49,,,14.97,4056489030010,Hrana,"4,49"
Mlj. èok. s raznim punjenjem SK1,0144007,0.299,"295g,300g",Fin Carré,4.49,,,15.22,4056489030027,Hrana,"4,49"
Mlj. èok. s raznim punjenjem SK1,0144007,0.299,"295g,300g",Fin Carré,4.49,,,14.97,4056489030034,Hrana,"4,49"
Sardina u suncokretovom ulju,0144303,0.375,3x125g,Nixe,2.79,,,7.44,20413217,Hrana,"2,99"
Mješavina zaèina SK1,0144360,0.054,"45g,50g,55g,65g",Duc de Coeur,2.19,,,33.69,4056489032045,Hrana,"2,19"
Èistaè prašine,0144382,0.088,10komad,W5,1.89,,,0.19,4056489745426,Proizvodi za kuæanstvo,"1,99"
Prženi lješnjaci,0144497,0.2,200g,Alesto Selection,3.89,,,19.45,4056489033042,Hrana,"3,89"
Prženi lješnjaci,0144497,0.2,200g,Alesto Selection,3.89,,,19.45,4335619014404,Hrana,"3,89"
Višekratna mrežica za voæe i povræe,0144601,0.015,2komad,-,0.89,,,0.45,4056489033653,Proizvodi za kuæanstvo,"0,89"
Tamna èokolada limun-ðumbir,0145832,0.125,125g,J.D. Gross,2.99,,,23.92,4056489095927,Hrana,"2,99"
"Pivo 5,2%",0148466,0.503,"0,5l",Perlenbacher,0.95,,,1.9,4304493268180,Piæe,"0,99"
Francuski specijaliteti SK1,0148724,0.08,80g,Duc de Coeur,2.69,,,33.63,4056489168065,Hrana,"2,69"
Suho voæe Mango,0148837,0.1,100g,Alesto Selection,2.59,,,25.9,4056489150220,Hrana,"2,59"
"Salama goveða, per., dimljena SK1",0149371,0.115,"100g,130g",Dulano,2.39,,,23.9,4056489182627,Hrana,"1,99"
Loptice svježi sir SK1,0149574,0.24,240g,Deluxe,2.69,,,11.21,4056489186519,Hrana,"2,69"
Espresso kapsule Modena Lungo XXL,0149953,0.255,"255,2g",Bellarom,6.99,,,27.39,4056489136071,Piæe,"6,99"
Amerièki desert SK1,0150211,0.165,"2x80g,2x85g",MCENNEDY,1.79,,,11.19,4056489201786,Hrana,"1,79"
High Protein puding SK18,0150741,0.2,200g,Milbona,1.05,,,5.25,4056489216155,Hrana,"0,99"
Dezodorans SK17,0150789,0.052,50ml,Cien,0.99,,,19.8,20918897,Kozmetika,"1,05"
Dezodorans SK17,0150789,0.052,50ml,Cien,0.99,,,19.8,20918903,Kozmetika,"1,05"
Dezodorans SK17,0150789,0.052,50ml,Cien,0.99,,,19.8,4056489643654,Kozmetika,"1,05"
Dezodorans SK17,0150789,0.052,50ml,Cien,0.99,,,19.8,4056489643661,Kozmetika,"1,05"
Protein Quark SK1,0150835,0.2,200g,Pilos,1.29,,,6.45,4056489216247,Hrana,"1,29"
Montepulciano d'Abruzzo DOP,0151217,0.75,"0,75l",-,3.45,,,4.6,4056489927648,Piæe,"3,49"
"Tek. deterdž., konc., 28pranja SK5 ",0151372,1.036,1l,Formil,3.99,,,0.14,4056489441786,Sredstva za èišæenje,"3,99"
Deterdžent za pranje rublja 50pr.,0151385,3.75,"3,75kg",Formil Basic,5.69,,,0.11,4056489225393,Sredstva za èišæenje,"5,69"
Deterdžent za pranje rublja 50pr.,0151385,3.75,"3,75kg",Formil Basic,5.69,,,1.52,4056489225393,Sredstva za èišæenje,"5,69"
Deterdžent za pranje rublja 50pr.,0151385,3.75,"3,75kg",Formil Basic,5.69,,,0.11,4056489940319,Sredstva za èišæenje,"5,69"
Deterdžent za pranje rublja 112pr.,0151386,8.4,"8,4kg",Formil,10.75,,,0.1,4056489225409,Sredstva za èišæenje,"10,75"
Deterdžent za pranje rublja 112pr.,0151386,8.4,"8,4kg",Formil,10.75,,,0.1,4056489940340,Sredstva za èišæenje,"10,75"
Deterdžent za pranje rublja 112pr.,0151386,8.4,"8,4kg",Formil,10.75,,,1.28,4056489940340,Sredstva za èišæenje,"10,75"
Deterdžent za pr. oboj. rublja 50pr,0151387,3.75,"3,75kg",Formil Basic,5.69,,,0.11,4056489940326,Sredstva za èišæenje,"5,69"
Orašasti plodovi XXL,0154120,0.3,300g,Alesto,4.59,,,15.3,20716592,Hrana,Nije_bilo_u_prodaji_02.05.2025
Mljevena kava SK4,0154291,0.25,250g,Bellarom,4.99,,,19.96,4056489182207,Piæe,"4,99"
Mljevena kava SK4,0154291,0.25,250g,Bellarom,4.99,,,19.96,4056489182214,Piæe,"4,99"
Zaèini SK1,0154517,0.127,"100g,120g,140g,130g",Kania,1.69,,,14.08,4056489279457,Hrana,"1,69"
Zaèini SK1,0154517,0.127,"100g,120g,140g,130g",Kania,1.69,,,14.08,4056489279464,Hrana,"1,69"
Spužva za pranje posuða SK3,0155075,0.056,6komad,W5,0.85,,,0.14,4335619031739,Proizvodi za kuæanstvo,"0,75"
Spužva za pranje posuða SK3,0155075,0.056,6komad,W5,0.85,,,0.14,4335619031746,Proizvodi za kuæanstvo,"0,75"
Kapsule Latte Macchiato,0155512,0.194,"194,4g",Bellarom,3.98,,,20.47,4056489300861,Piæe,Nije_bilo_u_prodaji_02.05.2025
Maramice za skupljanje boje,0155675,0.034,24komad,Formil,2.19,,,0.09,4056489262251,Proizvodi za kuæanstvo,"2,19"
Kuhano vino borovnica  9% vol.,0156226,1,1l,-,2.99,,,2.99,4056489314776,Piæe,"1,99"
Sredstvo za èišæenje sa spužvom SK1,0156905,0.425,"300g,400g,500g",W5,2.39,,,7.97,4056489322856,Sredstva za èišæenje,"2,39"
Sredstvo za èišæenje sa spužvom SK1,0156905,0.425,"300g,400g,500g",W5,2.39,,,0.48,4056489322856,Sredstva za èišæenje,"2,39"
High Protein Pizza SK3,0156963,0.264,"254g,274g",Trattoria Alfredo,3.99,,,15.71,4056489539797,Hrana,"3,99"
Umaci SK1,0156969,0.2,200g,Let's have a party!,1.39,,,6.95,4056489322924,Hrana,"1,09"
Cookie Dough SK3,0157167,0.06,60g,MCENNEDY,1.19,,,19.83,4056489326298,Hrana,"0,93"
XXL file lososa s kožom,0157235,1,8x125g,-,15.99,,,15.99,4056489328650,Hrana,Nije_bilo_u_prodaji_02.05.2025
Šampon za suho pranje kose SK17,0157246,0.119,200ml,Cien,1.99,,,9.95,4056489328711,Kozmetika,"1,99"
Šampon za suho pranje kose SK17,0157246,0.119,200ml,Cien,1.99,,,9.95,4056489345084,Kozmetika,"1,99"
Šampon za suho pranje kose SK17,0157246,0.119,200ml,Cien,1.99,,,9.95,4335619172500,Kozmetika,"1,99"
Hrana za maèke SK1,0157510,0.07,70g,Coshida,1.19,,,17,4056489330417,Proizvodi za kuæanstvo,Nije_bilo_u_prodaji_02.05.2025
Tekuæi osvježivaè zraka SK1,0157563,0.019,2x4ml,W5,1.39,,,173.75,4056489330660,Sredstva za èišæenje,"1,39"
Tekuæi osvježivaè zraka SK1,0157563,0.019,2x4ml,W5,1.39,,,173.75,4056489330684,Sredstva za èišæenje,"1,39"
Deterdžent za pranje rublja SK1,0157797,5.4,5l,Formil,10.99,,,0.11,4056489451365,Sredstva za èišæenje,"8,59"
Smarties muffin,0162731,0.12,4x30g,,3.29,,,27.42,7613036158909,Hrana,"3,29"
Pesto XXL SK1,0162835,0.55,550g,Baresa,3.99,,,7.25,4056489441410,Hrana,"3,99"
Veganska pizza Margherita,0163137,0.3,300g,Vemondo,1.99,,,6.63,4056489443827,Hrana,"1,85"
Maslac od kikirikija SK4,0163186,0.454,454g,Maribel,3.05,,,6.72,4056489424918,Hrana,"3,05"
Sredstvo za uklanjanje masnoæe SK10,0163330,1.03,1l,W5,2.29,,,2.29,4056489497271,Sredstva za èišæenje,Nije_bilo_u_prodaji_02.05.2025
TK Falafel SK1 ,0163501,0.3,300g,Vemondo,2.59,,,8.63,4056489451761,Hrana,"2,59"
Kotanyi Secrets SK1,0163567,0.034,"20g,25g,30g,35g,38g,40g",,0.79,,,0.79,9001414035504,Hrana,"0,79"
Maslac od indijskih orašèiæa,0163723,0.34,340g,MCENNEDY,2.85,,,8.38,4056489452775,Hrana,"2,99"
Nadopuna za tek. antib. sapun SK1,0163912,1.545,"1,5l",Cien,1.99,,,1.33,4056489455691,Kozmetika,"1,89"
Vitaminska voda SK1,0163933,0.508,"0,5l",Saguaro,0.99,,,1.98,4304493268319,Piæe,"0,99"
Kompletna hrana za maèke SK20,0164210,0.415,415g,Coshida,0.89,,,2.14,20103128,Proizvodi za kuæanstvo,"0,89"
Salama narezak XXL,0164600,0.17,170g,Dulano,1.69,,,9.94,4056489457848,Hrana,"1,69"
Hummus SK2,0164805,0.22,220g,Vemondo,1.19,,,5.41,4056489459545,Hrana,"1,49"
Cabanossi kobasica SK2,5004039,0.09,90g,Alpenfest,1.59,,,17.67,20984311,Hrana,"1,39"
Narezana šunka,5006649,0.18,180g,Alpenfest,1.99,,,11.06,4056489054481,Hrana,"1,99"
Tirolski desert SK1,5009117,0.3,300g,Alpenfest,3.39,,,11.3,4056489544937,Hrana,Nije_bilo_u_prodaji_02.05.2025
Tirolski desert SK1,5009117,0.3,300g,Alpenfest,3.39,,,11.3,4056489544951,Hrana,Nije_bilo_u_prodaji_02.05.2025
Dimljena šunka SK2,5010113,0.15,150g,Alpenfest,1.89,,,12.6,4056489629993,Hrana,"1,89"
Proteinski kefir,5011908,0.35,350g,Pilos,1.49,,,4257.14,4335619224360,Hrana,Nije_bilo_u_prodaji_02.05.2025
Svježi sir s pestom SK1,5011933,0.15,150g,Deluxe,2.59,,,17.27,28987169,Hrana,"1,99"
Svježi sir s pestom SK1,5011933,0.15,150g,Deluxe,2.59,,,17.27,4335619038059,Hrana,"1,99"
Kolaèi SK2,5111625,0.107,"100g,120g",Deluxe,2.46,,,20.5,4056489615866,Hrana,Nije_bilo_u_prodaji_02.05.2025
Meksièki sir s èilijem,5200222,0.2,200g,El Tequito,2.79,,,13.95,20309121,Hrana,"2,79"
Meksièki sir s èilijem,5200222,0.2,200g,El Tequito,2.79,,,13.95,4056489241386,Hrana,"2,79"
Sirevi SK1,5200709,0.14,140g,Hatherwood,2.99,,,21.36,4056489712039,Hrana,"2,99"
Britanski Cheddar sir SK3,5200784,0.25,250g,Deluxe,3.79,,,15.16,20575403,Hrana,"3,29"
"Voæni jogurt 2,8% s dražejama SK1",5502699,0.135,135g,Pilos,0.65,,,4.81,20159429,Hrana,"0,65"
"Keksi za doruèak SK2, RFA",5503313,0.3,300g,Tastino,2.19,,,7.3,20690274,Hrana,"2,19"
Sapun SK1,5505651,0.1,100g,Cien,0.59,,,5.9,20761646,Kozmetika,"0,59"
Sapun SK1,5505651,0.1,100g,Cien,0.59,,,5.9,20761660,Kozmetika,"0,59"
Baby spužva za kupanje,5505870,0.007,1komad,Cien,0.5,,,0.5,20818159,Proizvodi za kuæanstvo,"0,5"
Kruh bez glutena SK1,5506073,0.25,250g,Tastino,1.99,,,7.96,20818661,Hrana,"1,99"
Osvježivaè zraka SK4,5507867,0.425,425g,W5,1.69,,,3.98,4335619188983,Sredstva za èišæenje,"1,69"
"Biljni èaj, kopriva, 20x1,5g-FS",5507938,0.03,30g,Lord Nelson,0.69,,,0.69,20859732,Piæe,"0,59"
Osvježivaè zraka SK2,5513693,0,75ml,W5,2.85,,,38,20012649,Sredstva za èišæenje,Nije_bilo_u_prodaji_02.05.2025
Gouda komad,5513694,0.25,250g,Pilos,2.69,,,10.76,20981778,Hrana,"2,69"
Osvježivaè zraka SK2,5513706,0.075,75ml,W5,3.58,,,47.73,20012564,Sredstva za èišæenje,Nije_bilo_u_prodaji_02.05.2025
Tekuæi sapun SK1,5514501,1.05,1l,Cien,1.59,,,1.59,20982843,Kozmetika,"1,59"
Pašteta SK3,5516355,0.13,130g,Baroni,0.59,,,4.54,20063870,Hrana,"0,59"
Pašteta SK3,5516355,0.13,130g,Baroni,0.59,,,4.54,4056489586982,Hrana,"0,59"
"Šam., gel i kupka 3u1 SK6",5516395,0.515,500ml,Cien,1.69,,,3.38,4335619008373,Kozmetika,"1,69"
Vlažne maramice za èišæenje SK3,5516867,0.439,"50komad,60komad",W5,1.59,,,0.03,20063320,Proizvodi za kuæanstvo,"1,49"
"Lak za nokte ""Valentinovo"" SK2",5518746,0.009,8ml,Cien,0.99,,,0.99,5901801641483,Kozmetika,"0,89"
"Lak za nokte ""Valentinovo"" SK2",5518746,0.009,8ml,Cien,0.99,,,0.99,5901801641506,Kozmetika,"0,89"
"Lak za nokte ""Valentinovo"" SK2",5518746,0.009,8ml,Cien,0.99,,,0.99,5901801641599,Kozmetika,"0,89"
"Lak za nokte ""Valentinovo"" SK2",5518746,0.009,8ml,Cien,0.99,,,0.99,5901801652458,Kozmetika,"0,89"
"Lak za nokte ""Valentinovo"" SK2",5518746,0.009,8ml,Cien,0.99,,,0.99,5901801652526,Kozmetika,"0,89"
"Lak za nokte ""Valentinovo"" SK2",5518746,0.009,8ml,Cien,0.99,,,0.99,5901801652557,Kozmetika,"0,89"
Mirisne luèice SK7 ,5519199,0.214,18komad,-,1.59,,,0.09,4056489535966,Proizvodi za kuæanstvo,"1,59"
Mirisne luèice SK7 ,5519199,0.214,18komad,-,1.59,,,0.09,40877563,Proizvodi za kuæanstvo,"1,59"
Mirisne luèice SK7 ,5519199,0.214,18komad,-,1.59,,,0.09,4335619141339,Proizvodi za kuæanstvo,"1,59"
Palaèinke SK1,5519512,0.4,400g,Chef Select,1.79,,,4.48,20342142,Hrana,"1,79"
Hopa Cao napitak s kakaom,5522160,0.5,500g,Bellarom,2.79,,,5.58,4056489060314,Piæe,"2,49"
Sapun iz Provanse SK10,5603194,0.1,100g,Duc de Coeur,0.79,,,7.9,3511720115204,Kozmetika,"0,79"
Dimljena kobasica s èešnjakom,5604299,0.3,300g,Spécialités françaises,1.99,,,6.63,20711269,Hrana,"1,99"
Brie de Meaux,5605210,0.2,200g,,2.89,,,14.45,3496080210267,Hrana,"3,69"
Savaron sir,5606831,0.3,300g,Duc de Coeur,3.99,,,13.3,4335619103207,Hrana,"3,58"
Salama s komadiæima oraha,5609637,0.25,250g,Duc de Coeur,3.29,,,13.16,4056489041122,Hrana,"2,55"
Palaèinke x18,5615795,0.36,360g,Sondey,2.99,,,8.31,4056489676362,Hrana,"2,99"
Pita s porilukom,5617736,0.4,400g,Duc de Coeur,2.79,,,6.98,20291013,Hrana,"2,19"
Rolice sa sirom,5617737,0.52,520g,Duc de Coeur,3.29,,,6.33,4056489759423,Hrana,"3,29"
Blub Blub party piæe breskva,5618880,0.75,"0,75l",Solevita,2.49,,,3.32,4056489568803,Piæe,"2,05"
Francuski sirevi,5620001,0.3,300g,Deluxe,6.89,,,22.97,4056489970194,Hrana,"5,55"
Francuski sir SK1,5622210,0.168,"150g,170g,200g",,3.65,,,18.25,3048970657210,Hrana,Nije_bilo_u_prodaji_02.05.2025
Francuski sir SK1,5622210,0.168,"150g,170g,200g",,3.65,,,18.25,3492848348005,Hrana,Nije_bilo_u_prodaji_02.05.2025
Puding s keksom,5700100,0.5,4x125g,Sol&Mar,1.79,,,3.58,20797782,Hrana,"1,79"
"Masline bez koštica SK1, OM 170g",5700192,0.34,370ml,Baresa,1.59,,,9.35,20443375,Hrana,"1,39"
"Chorizo kobasica, sušena",5709696,0.3,300g,Sol&Mar,2.89,,,9.63,4056489168881,Hrana,"2,89"
Parfem D'Elle,5715012,0.085,100ml,Suddenly,5.99,,,59.9,4056489575306,Kozmetika,"5,99"
Parfem Cotton Blue,5715013,0.085,100ml,Suddenly,5.99,,,59.9,4056489575337,Kozmetika,"5,99"
Parfem Dark Blue,5715015,0.085,100ml,Suddenly,5.99,,,59.9,4056489575283,Kozmetika,"5,99"
Proteinski štapiæ (280ml) SK1,5715036,0.182,"4x45,5g",Gelatelli,4.49,,,24.67,4056489576273,Hrana,"4,49"
Mirisni štapiæi za prostor SK11,5717281,0.046,50ml,W5,1.69,,,33.8,4056489801436,Sredstva za èišæenje,"1,69"
Omega 3 Kapsule,5717400,0.043,60komad,Optisana,4.49,,,0.07,4056489749011,Hrana,"4,49"
Zelene masline,5719083,0.22,220ml,Duc de Coeur,1.24,,,5.64,4056489965206,Hrana,Nije_bilo_u_prodaji_02.05.2025
Fuet SK1,5719775,0.15,150g,Deluxe,2.15,,,14.33,4335619074477,Hrana,"2,15"
Premium gyoza SK 3,5719960,0.162,"170g,154g",Deluxe,3.39,,,22.01,4335619075740,Hrana,Nije_bilo_u_prodaji_02.05.2025
Kocke za juhu SK2,5720527,0.72,720g,Kania,4.39,,,6.1,4056489688921,Hrana,"4,39"
Èokoladni kolaè,5722184,0.725,725g,Deluxe,10.27,,,14.17,4335619264731,Hrana,Nije_bilo_u_prodaji_02.05.2025
Kapari u vinskom octu,6009271,0.18,212ml,Deluxe,1.59,,,7.5,4056489098843,Hrana,"1,99"
Džem od sicilijanskog voæa SK1,6009284,0.36,360g,Italiamo,2.99,,,8.31,4056489098881,Hrana,"2,99"
Šunka s tartufom,6009422,0.1,100g,Deluxe,2.85,,,28.5,4056489099468,Hrana,"3,59"
Depilacijske trake SK4,6009602,0.057,"16komad,32komad,40komad",Cien,1.99,,,0.05,4056489523567,Kozmetika,"1,99"
Depilacijske trake SK4,6009602,0.057,"16komad,32komad,40komad",Cien,1.99,,,0.05,4056489523574,Kozmetika,"1,99"
Svježa tjestenina SK45,6010761,0.25,250g,Chef Select,1.39,,,5.56,20302832,Hrana,"1,39"
Lasagne,6012746,0.5,500g,Italiamo,1.59,,,3.18,4056489468950,Hrana,"1,59"
Dim Sum SK2,6014263,0.2,200g,Vitasia,1.99,,,9.95,4056489631576,Hrana,"1,99"
Stakleni rezanci s povræem,6014528,0.2,200g,Vitasia,2.29,,,11.45,4056489632566,Hrana,"2,29"
Èokoladno jaje iznenaðenja,6015264,0.3,300g,Favorina,9.99,,,33.3,4056489721543,Hrana,"9,99"
Mozzarela,6016023,0.125,125g,Deluxe,1.98,,,15.84,4056489796688,Hrana,Nije_bilo_u_prodaji_02.05.2025
Tiramisu u staklenoj èaši,6016388,0.125,125g,Deluxe,2.79,,,22.32,4056489890553,Hrana,"2,79"
Fiocchetto SK1,6016595,0.08,80g,Deluxe,2.3,,,28.75,4056489891246,Hrana,Nije_bilo_u_prodaji_02.05.2025
Mini burrata punjena pestom ,6016961,0.15,3x50g,Deluxe,2.55,,,17,4056489892502,Hrana,Nije_bilo_u_prodaji_02.05.2025
Mini burrata punjena pestom,6016962,0.15,3x50g,Deluxe,3.19,,,21.27,4056489892519,Hrana,Nije_bilo_u_prodaji_02.05.2025
Tjestenina s rajèicom i sirom,6017173,0.175,175g,Kania,1.69,,,9.66,4335619027176,Hrana,"1,69"
Girasoli s buratom i tartufom,6017519,0.25,250g,Deluxe,1.99,,,7.96,4335619028296,Hrana,"1,99"
Umak na bazi rajèice,6018003,0.18,180g,Deluxe,2.56,,,14.22,4335619029323,Hrana,Nije_bilo_u_prodaji_02.05.2025
Aragostin SK1,6019235,0.2,5x40g,Deluxe,4.19,,,20.95,4335619244160,Hrana,Nije_bilo_u_prodaji_02.05.2025
Aragostin SK1,6019235,0.2,5x40g,Deluxe,4.19,,,20.95,4335619244177,Hrana,Nije_bilo_u_prodaji_02.05.2025
"Sir Kashkaval, Natur",6404152,0.35,350g,Kuljanka,3.99,,,11.4,20949563,Hrana,"3,99"
Goldenfood Sv. patka s iznutricama,6404499,1,ca.3 kg,,4.49,,,4.49,2704499000000,Hrana,"2,95"
Hell Classic Energy Drink,6405640,0.262,"0,25l",,1.09,,,4.36,5999884034469,Piæe,"0,92"
Posebna salama od mesa peradi SK1,6406333,0.5,500g,Pikok,1.59,,,3.18,4056489158073,Hrana,"1,59"
"Pureæi batak, cca. 750g",6406798,1,ca. 750g,-,4.19,,,4.19,2881963000000,Hrana,"3,99"
"Pureæi batak, cca. 750g",6406798,1,ca. 750g,-,4.19,,,4.19,2881965000000,Hrana,"3,99"
"Pureæa krila s kosti, cca. 750g",6406819,1,ca.750g,-,4.19,,,4.19,2882083009020,Hrana,"3,89"
Kesten pire s aromom vanilije,6406923,0.25,250g,Culinea,2.49,,,9.96,20300401,Hrana,"2,49"
Miris za auto SK3,6700767,0.007,1komad,W5,0.79,,,0.79,20591182,Sredstva za èišæenje,"0,79"
Mesna rolada XXL SK1,6701633,0.625,625g,Pikok,1.99,,,3.18,20493639,Hrana,"1,99"
Dragee's SK9,6703020,0.016,16g,Amanie,0.39,,,0.39,20431235,Hrana,"0,39"
Dragee's SK9,6703020,0.016,16g,Amanie,0.39,,,0.39,4056489197348,Hrana,"0,39"
Salama s lješnjacima,6703845,0.5,500g,Deluxe,5.49,,,10.98,4056489197232,Hrana,"5,49"
Šareni draže bomboni,6704957,0.04,40g,Mister Choc,0.55,,,0.55,20839208,Hrana,"0,69"
Zobena kaša super food SK2,6706365,0.065,65g,Crownfield,0.59,,,9.08,4056489064527,Hrana,"0,59"
Sladoled štapiæ malina,6708799,0.075,110ml,Gelatelli,1.29,,,11.73,4056489196198,Hrana,"1,29"
Ploèice s oraš. plodovima i medom,6714526,0.035,35g,Crownfield,0.32,,,0.32,4056489582274,Hrana,"0,49"
Müsli ploèica višnja - jogurt,6714746,0.03,30g,Crownfield,0.29,,,0.29,4056489724377,Hrana,"0,29"
Èips rebrasti slani,6714974,0.15,150g,Snack Day,1.15,,,7.67,4056489911371,Hrana,"1,15"
Izbor badema u èokoladi,6715760,0.2,200g,Deluxe,4.49,,,22.45,4056489726098,Hrana,"4,49"
Müsli ploèica s orašastim plodovima,6717700,0.03,30g,Crownfield,0.29,,,0.29,4335619058835,Hrana,"0,29"
Aloe Vera SK1,6809192,0.5,"0,5l",Solevita,1.29,,,2.58,4056489646877,Piæe,"1,49"
PPK Pašteta SK1,6900387,0.1,100g,,0.69,,,6.9,3858881617032,Hrana,"0,69"
Pivac Domaæa dimljena slanina,6900707,1,"ca. 1,2kg",,9.99,,,9.99,2118380000000,Hrana,"10,99"
Podravka Goveða kocka,6900712,0.12,120g,,2.19,,,18.25,3850104274862,Hrana,"2,19"
Dolcela Puding SK1,6900762,0.156,"4x37g,4x45g",,2.09,,,14.12,3850104276514,Hrana,"2,09"
Domaæa svinjska mast,6901404,2.5,"2,5kg",Okusi zavièaja,4.19,,,1.68,20662219,Hrana,"4,89"
Kokice slane,6901418,0.125,125g,Snack Day,0.79,,,6.32,20662134,Hrana,"0,79"
Franck Èaj šipak,6901437,0.06,60g,,1.99,,,33.17,3858881081383,Piæe,"2,09"
Franck Èaj kamilica,6901438,0.02,20g,,1.59,,,1.59,3858881081420,Piæe,"1,69"
Helf Bomboni original,6901518,0.04,40g,,0.69,,,0.69,8605073300341,Hrana,"0,69"
"Varžak Cvjetni med, 900g",6901528,0.9,900g,,5.7,,,6.33,3859888673847,Hrana,"5,95"
Barcaffe Classic mljevena kava,6901533,0.6,600g,,10.49,,,17.48,3838471030908,Piæe,"8,79"
BO Kuk. pecivo sa sjem. suncokreta,6901542,0.08,80g,,0.25,,,3.13,3856016902510,Hrana,"0,29"
Mentol bomboni SK2,6901559,0.1,100g,Amanie,0.59,,,5.9,20778910,Hrana,"0,59"
Ožujsko pivo s limunom 2%,6901565,0.5,"0,5l",,1.55,,,3.1,3850131002063,Piæe,"1,55"
"Graševina, kvalitetno bijelo vino ",6901678,5,5l,Winemakers of Croatia,11.99,,,2.4,3859888932005,Piæe,"10,99"
Roštilj kobasice  XXL SK2,6901702,0.7,700g,Pikok,3.69,,,5.27,20779375,Hrana,"3,69"
Bijele/kokos èokoladne kuglice,6901734,0.08,80g,Mister Choc,1.29,,,16.13,20779689,Hrana,"0,89"
XXL vrhnje za kuhanje 20% m.m.,6901810,1,1l,Pilos,2.99,,,2.99,20780128,Hrana,"2,89"
Èunga lunga žvakaæe gume Mega,6901905,0.015,15g,,0.39,,,0.39,5310089001467,Hrana,"0,39"
Ballantine's Ble. S. Whisky +èaša,6901914,0.7,"0,7l",,13.27,,,18.96,3830023020924,Piæe,"13,27"
Domaæi ajvar,6901931,0.55,550g,Deluxe,6.39,,,11.62,4056489073659,Hrana,"6,63"
BO Punozrnati kruh,6901942,0.6,600g,,1.79,,,2.98,3859889133647,Hrana,"1,79"
Champions Edition Èips paprika,6901946,0.25,250g,Snack Day,1.19,,,4.76,20780470,Hrana,"1,19"
"Jogurt èvrsti 3,2% m.m.",6901955,0.9,900g,Pilos,1.89,,,2.1,69019555,Hrana,"1,69"
"Franck Kava Jubilarna, mljev., 500g",6902224,0.5,500g,,7.99,,,15.98,3858881088177,Piæe,"7,69"
Kinder Maxi King 3x35g,6902227,0.105,3x35g,,2.39,,,22.76,4008400551920,Hrana,"2,19"
Zvijezda Majoneza 85g,6902240,0.085,90g,,1.19,,,14,3858882210249,Hrana,"1,09"
Barkleys Classic SK10,6902264,0.05,50g,,2.39,,,47.8,8717438742083,Hrana,"2,39"
Bruschette Maretti pizza,6902286,0.15,150g,,1.59,,,10.6,3800205872962,Hrana,"1,25"
"Mlada teletina za peèenje, cca. 2kg",6902353,1,cca. 2kg,Naša mesnica,,8.89,10.99,8.89,2894699000000,Hrana,"9,99"
Aranžman Patrik/Andrea SK1,6902358,1.2,1komad,,17.92,,,17.92,3858889010309,Proizvodi za kuæanstvo,"17,92"
"ABC Svježi krem sir classic, 200g",6902362,0.2,200g,,2.39,,,11.95,3859888858336,Hrana,"2,39"
Bakalar na bijelo u maslinovom ulju,6902390,0.165,165g,Okusi zavièaja,3.39,,,20.55,20781293,Hrana,"3,39"
Riblji namaz SK4,6902391,0.165,165g,Okusi zavièaja,3.99,,,24.18,20781309,Hrana,"3,99"
"Jaja podni uzgoj, razred L, 10 kom.",6902414,0.68,10komad,Okusi zavièaja,2.99,,,0.3,3859891140077,Hrana,"2,69"
Vilma Orahnjaèa/Makovnjaèa SK1,6902471,0.5,500g,,3.99,,,7.98,3859891780006,Hrana,"3,99"
Drniške del. Maran Peèenica,6902480,1,cca. 400g,,20.99,,,20.99,2140905000000,Hrana,"20,99"
Drniške del. Maran Pršut rezani,6902481,1,cca. 150g,,35.99,,,35.99,2140900000000,Hrana,"35,99"
Baklava,6902540,0.5,500g,Confiserie Firenze,3.99,,,7.98,20780708,Hrana,"3,99"
"Jamnica Gazirana min. voda, 1,5l",6902564,1.5,"1,5l",,0.99,,,0.66,3859888152045,Piæe,"0,99"
"Dimljena svinjska rebra, cca. 700g",6902571,1,ca. 700g,Pikok,7.96,,,7.96,2225710000000,Hrana,"7,96"
Jana Ledeni èaj šumsko voæe,6902585,1.5,"1,5l",,1.69,,,1.13,3858884601717,Piæe,"1,69"
Grah bijeli,6902631,1,ca. 1kg,,1.99,,,1.99,8671020200026,Hrana,"2,49"
Kraš Životinjsko carstvo Lizli,6902654,0.015,15g,,0.42,,,0.42,38500633,Hrana,"0,42"
Libresse Ultra Normal higij. ulošci,6902679,0.12,20komad,,2.55,,,0.13,7310791245607,Toaletne potrepštine,"2,89"
Libresse Ultra Normal higij. ulošci,6902679,0.12,20komad,,2.55,,,0.13,7322541194998,Toaletne potrepštine,"2,89"
"Gabriel, kozji zreli sir iz mišine",6902702,0.2,200g,,5.49,,,27.45,3859892805524,Hrana,"5,49"
Euro-Milk Dragec Sir SK1,6902724,0.225,225g,,2.75,,,12.22,3859889770460,Hrana,"2,75"
T. Macaron Cheesecake Borovnica,6902737,0.29,220g,,3.99,,,13.76,3859893398025,Hrana,"2,55"
BO Somun,6902753,0.2,200g,,0.59,,,2.95,4052917230519,Hrana,"0,58"
"Panceta, cca. 350g",6902818,1,ca. 350g,Okusi zavièaja,11.9,,,11.9,2894720000000,Hrana,"11,9"
Pjenušac Rose,6902876,0.75,"0,75l",Winemakers of Croatia,3.99,,,5.32,4304493259799,Piæe,"3,99"
"'z bregov Svježe mlijeko 1,5% m.m. ",6902886,1.03,1l,,1.45,,,1.45,3850108011852,Hrana,"1,45"
"'z bregov Svježe mlijeko 1,5% m.m. ",6902886,1.03,1l,,1.45,,,1.45,3850108811834,Hrana,"1,45"
Duracell baterije AA,6902924,0.026,10komada,,6.99,,,0.7,5000394019829,Proizvodi za kuæanstvo,"5,99"
Duracell baterije AAA,6902925,0.013,10komada,,6.99,,,0.7,5000394152557,Proizvodi za kuæanstvo,"5,99"
Mortadela s maslinama,6902986,0.15,150g,Pikok,1.79,,,11.93,40894249,Hrana,"1,79"
"Svježe mlijeko 3,2% m.m.",6903068,1.03,1l,Okusi zavièaja,1.15,,,1.15,4304493259621,Hrana,"1,19"
Èaj u rinfuzi UTZ SK2,6903079,0.035,"30g,40g",Okusi zavièaja,1.19,,,1.19,40894515,Piæe,"1,19"
Èaj u rinfuzi UTZ SK2,6903079,0.035,"30g,40g",Okusi zavièaja,1.19,,,1.19,40894522,Piæe,"1,19"
"Goveði biftek, cca. 2kg",6903089,1,ca. 2kg,Naša mesnica,,24.99,28.99,24.99,2895516000000,Hrana,"28,99"
"Goveði biftek, cca. 2kg",6903089,1,ca. 2kg,Naša mesnica,,24.99,28.99,24.99,2895519000000,Hrana,"28,99"
"Kinder Surprise, maxi",6903092,0.1,100g,,3.99,,,39.9,4008400231327,Hrana,"3,75"
"Teleæi vrat s kosti, cca. 1kg",6903098,1,ca. 1kg,Naša mesnica,,8.89,10.99,8.89,2869029000000,Hrana,"4,78"
Dolcela Gingerbread keksiæi,6903158,0.43,430g,,2.29,,,5.33,3856020221515,Hrana,"2,29"
Ekos Marakuja kolaè,6903194,0.28,280g,,4.99,,,17.82,3858889616488,Hrana,"4,99"
Kremšnita mix,6903196,0.6,600g,Okusi zavièaja,5.49,,,9.15,20251024,Hrana,"4,69"
"Zimski mix, cca. 1kg",6903212,1,ca. 1kg,-,3.99,,,3.99,2895600000000,Hrana,"3,99"
"Jelenko Kiseli kupus, glavica",6903254,1,"cca.1,6-2,3 kg",,1.99,,,1.99,2143901000002,Hrana,"1,99"
Gloria Cappuccino SK1,6903307,0.2,200g,,2.79,,,13.95,3858881087804,Piæe,"2,79"
Rio Mare Tuna salata Meksiko,6903352,0.16,160g,,4.65,,,29.06,8004030026018,Hrana,"4,65"
Rum ploèica,6903371,0.045,45g,Mister Choc,0.39,,,0.39,4056489073833,Hrana,"0,59"
Kulenova seka,6903386,0.1,100g,Okusi zavièaja,1.99,,,19.9,40894775,Hrana,"1,99"
Bijela èokolada za kuhanje,6903721,0.35,350g,Fin Carré,4.99,,,14.26,20251710,Hrana,"4,99"
Zvijezda Majoneza,6903779,0.4,400g,,4.29,,,10.73,3856015331809,Hrana,"3,99"
Bijeli rezani kruh,6903825,0.5,500g,Tastino,0.99,,,1.98,3859893442339,Hrana,"0,89"
"Osjeèko Crni Radler 2,0%",6903826,0.5,"0,5l",,1.52,,,3.04,3858886240778,Piæe,"1,52"
Ukrasna vreæica 32x26x12cm,6904180,0.1,1komad,,1.49,,,1.49,385602355865,Proizvodi za kuæanstvo,"1,45"
PPK Juneæe tripice,6904208,0.5,500g,,3.99,,,7.98,3858881619067,Hrana,"3,59"
Slani štapiæi,6904228,0.045,45g,Snack Day,0.29,,,0.29,4056489073536,Hrana,"0,29"
"Pileæi mix, cca. 950g",6904252,1,ca. 950g,Naša mesnica,4.19,,,4.19,2815250000000,Hrana,"4,19"
"Jaja iz podnog uzgoja XXL, razred L",6904263,1.02,15komad,Okusi zavièaja,2.39,,,0.16,4056489074267,Hrana,"2,39"
"Jaja iz podnog uzgoja XXL, razred L",6904263,1.02,15komad,Okusi zavièaja,2.39,,,0.16,4056489317104,Hrana,"2,39"
"Sok od prešanih jabuka, mutni",6904298,3,3l,Okusi zavièaja,,3.29,4.65,3.29,4056489074359,Piæe,"4,65"
"Zlatan Otok Pošip Novus, bij. vino",6904501,0.744,"0,75l",,9.02,,,12.03,3859888437784,Piæe,"9,02"
"Gouda, polutvrdi sir",6904514,1,1kg,,6.49,,,6.49,3830056401349,Hrana,"6,49"
Dukat Lag. Jutro Traj. ml. bez lak.,6904551,1.032,1l,,1.99,,,1.99,3850354012665,Hrana,"1,99"
Vindon Pureæa posebna,6904558,0.5,500g,,1.99,,,3.98,3850159128332,Hrana,"2,25"
'z bregov Mlij. pr. nap. èoko-kiki.,6904567,0.5,500ml,,1.99,,,3.98,3850108023688,Hrana,"1,99"
'z bregov Mlij. protein napit. keks,6904575,0.5,500ml,,1.99,,,3.98,3850108023671,Hrana,"1,99"
Multivita Kalcij plus šumeæe tab.,6904609,0.08,80g,,1.45,,,18.13,3858881248212,Hrana,"2,19"
Multivita Magnezij naranèa plus ,6904610,0.08,80g,,1.45,,,18.13,3858881249240,Hrana,"2,19"
Mini Babybel 4 komada,6904619,0.08,80g,,1.33,,,16.63,3073780956130,Hrana,"1,33"
Morska sol s tartufima,6904641,0.1,100g,Deluxe,3.99,,,39.9,4056489074908,Hrana,"3,99"
Vinoplod Travarica 38%,6904979,0.1,"0,1l",,1.33,,,13.3,3859890650119,Piæe,"1,33"
Badel Prima Brand 35%,6904982,0.1,"0,1l",,1.65,,,16.5,3850112141231,Piæe,"1,65"
Hipp BIO meni povræe/riža/piletina,6905071,0.19,190g,,2.05,,,10.79,9062300100959,Hrana,"2,05"
Hipp BIO voæna kašica jab/ban/bresk,6905074,0.19,190g,,1.65,,,8.68,9062300134251,Hrana,"1,65"
L'Oreal Age Spec. krema p. bora SK1,6905434,0.05,50ml,,7.43,,,148.6,3600522550204,Kozmetika,"7,43"
BO Domaæa sirnica,6905437,0.17,170g,,0.95,,,5.59,69054372,Hrana,"0,95"
JGL Djeèja mast,6905455,0.15,150ml,,4.95,,,33,3858891010076,Kozmetika,"4,95"
Violeta Omekšivaè 77 pr.,6905498,2.695,"2,7l",,4.49,,,1.66,3870128023963,Sredstva za èišæenje,"4,69"
Èarli Deterdžent za posuðe SK1,6905521,0.46,450ml,,1.29,,,2.87,3850111304309,Sredstva za èišæenje,"1,29"
Fix umaci (43-50g) SK2,6905916,0.046,"43g,50g",Kania,0.49,,,9.8,4056489317425,Hrana,"0,49"
BO Lizika,6905949,0.18,180g,,0.69,,,3.83,3859890733607,Hrana,"0,69"
Fohwa 3-slojne zaštitne maske 10/1,6906019,0.04,1komad,,1.18,,,0.12,0745760402496,Toaletne potrepštine,"1,18"
Perutnina Ptuj Pileæi narezak SK2,7300183,0.143,"125g,180g",,1.99,,,11.06,3838977024463,Hrana,"1,99"
Perutnina Ptuj Pileæi narezak SK2,7300183,0.143,"125g,180g",,1.99,,,11.06,3838977024487,Hrana,"1,99"
Perutnina Ptuj Pileæi narezak SK2,7300183,0.143,"125g,180g",,1.99,,,15.92,3838977024852,Hrana,"1,99"
Leone Sladolde na štapiæu SK2,7303384,0.152,"4x60ml,4x70ml",,2.29,,,9.54,3830053876157,Hrana,"2,29"
Odrezak na beèki naèin,7702600,0.75,750g,Alpenfest,6.49,,,8.65,40899039,Hrana,"5,19"
Fussili od leæe/slanutka SK1,7702738,0.25,250g,Combino,1.89,,,7.56,4056489206842,Hrana,"1,89"
Proteinski prutiæ 50% SK7,7703649,0.045,45g,-,1.35,,,1.35,20035563,Hrana,"1,35"
Bruschetta namaz SK2,7705168,0.15,150g,Italiamo,1.25,,,8.33,20228071,Hrana,"1,53"
Mousse SK2,7709622,0.35,350g,Deluxe,4.29,,,12.26,4056489387619,Hrana,"4,49"
Kobasica od mesa peradi SK2,7711309,0.379,"350g,400g",Grillmeister,3.29,,,9.4,4009335090096,Hrana,"3,29"
Proteinski hrskavi prutiæ 33% SK1,7715074,0.045,45g,-,1.49,,,1.49,4056489884873,Hrana,"1,49"
Proteinski prutiæ 30% SK1,7715079,0.045,45g,-,0.99,,,22,4056489884897,Hrana,"0,99"
Jaja,7804738,0,10komad,,1.59,,,1.59,4750456005079,Hrana,Nije_bilo_u_prodaji_02.05.2025
Kiseli krastavci 2. klasa,9002441,0.68,720ml,Freshona,1.49,,,4.14,4056489508908,Hrana,"1,65"
Mileram XXL 25%,9002535,0.4,400g,Pilos,1.39,,,3.48,4056489316725,Hrana,"1,25"
"XXL Tekuæi jogurt 2,8%",9002537,1.5,"1,5kg",Pilos,1.79,,,1.19,4304493259744,Hrana,"1,79"
Kokošja juha,9004232,0.065,65g,,0.59,,,9.08,8606111300453,Hrana,Nije_bilo_u_prodaji_02.05.2025
Bijela èokolada s bademom,0158237,0.1,100g,,1.29,,,12.9,4056489346036,Hrana,"1,29"
Lisnato tijesto XXL,0158310,0.375,375g,Chef Select,0.99,,,2.64,4056489411505,Hrana,"1,19"
Proteinski Cookies SK3,0158685,0.045,45g,Sondey,1.59,,,1.59,4056489350842,Hrana,"1,59"
Voæni namaz 85% SK6,0158868,0.245,245g,Deluxe,2.79,,,11.39,4056489352471,Hrana,"2,47"
MGR All-in-1 tablete,0159378,0.69,"40x17,25g",W5,4.99,,,7.23,4056489367536,Sredstva za èišæenje,"4,99"
Roštilj kobasice SK1,0159509,0.2,200g,Dulano,1.59,,,7.95,4056489368717,Hrana,"1,59"
Roštilj kobasice SK1,0159509,0.2,200g,Dulano,1.59,,,7.95,4056489368724,Hrana,"1,59"
Mješavine za muffine SK27,0159610,0.325,"310g,340g",Belbake,2.49,,,7.32,20149925,Hrana,"2,19"
Desert od kokosa SK1,0160246,0.15,150g,Vemondo,0.85,,,5.67,4056489404958,Hrana,"0,75"
Prosecco DOC Spumante rosé ,0160262,0.75,"0,75l",Allini,5.49,,,7.32,4056489405023,Piæe,"5,49"
Higijenski gel za ruke,0160345,0.3,300ml,Cien,1.98,,,6.6,4056489345268,Kozmetika,"1,98"
High Protein Gris puding SK1,0160550,0.2,200g,Milbona,0.99,,,4.95,4056489406563,Hrana,"0,99"
High Protein Gris puding SK1,0160550,0.2,200g,Milbona,0.99,,,4.95,4056489406587,Hrana,"0,99"
High Protein Puding XXL SK1,0160603,0.4,400g,Milbona,1.99,,,4.98,4056489406846,Hrana,Nije_bilo_u_prodaji_02.05.2025
Premium punjena tjestenina SK9,0161923,0.25,250g,Deluxe,2.29,,,9.16,4056489113850,Hrana,"2,29"
Premium punjena tjestenina SK9,0161923,0.25,250g,Deluxe,2.29,,,9.16,4056489113867,Hrana,"2,29"
Tzatziki salata,6211297,1,1kg,Eridanous,3.79,,,3.79,4056489906131,Hrana,"3,69"
Veganska pita SK1,6212549,1,1000g,Vemondo,4.49,,,4.49,4335619099098,Hrana,Nije_bilo_u_prodaji_02.05.2025
Energy Drink,6400172,0.262,"0,25l",KONG STRONG,0.59,,,2.36,4304493259423,Piæe,"0,59"
Kukuruzni snack s okusom èilija,6400718,0.07,70g,Alesto,0.69,,,9.86,20949198,Hrana,"0,69"
Šeæer u prahu,6401081,0.5,500g,Belbake,0.99,,,1.98,20754761,Hrana,"0,99"
Panirani sir trapist,6401588,0.5,500g,Culinea,3.99,,,7.98,4056489157731,Hrana,"3,99"
Svježi sir vrhnjem XXL,6906094,0.5,500g,Pilos,1.99,,,3.98,4056489317982,Hrana,"1,99"
Suncokretovo ulje ,6906127,0.92,1l,Vita D'or,1.49,,,1.49,4056489610557,Hrana,"1,49"
Vrhnje za šlag,6906142,1,1kg,Pilos,4.59,,,4.59,4056489317999,Hrana,"4,59"
Mrkva kolaè,6906160,0.6,600g,Okusi zavièaja,4.99,,,8.32,4056489610571,Hrana,"4,99"
Kakao šnite s kandiranim voæem,6906178,0.48,480g,Okusi zavièaja ,4.99,,,10.4,4056489610601,Hrana,"4,99"
Ukrasna vreæica 23x18x10cm,6906193,0.044,1komad,,1.29,,,1.29,3856023060494,Proizvodi za kuæanstvo,"1,29"
Nestea Ledeni èaj breskva,6906274,1.523,"1,5l",,1.45,,,0.97,5900334003423,Piæe,"1,06"
'z bregov Trajno mlijeko,6906278,2,2l,,1.78,,,0.89,3850108020656,Hrana,"1,78"
Toaletni papir XXL 3-sloja,6906365,1.786,24x120Blatt,Floralys,4.91,,,0.2,4056489317531,Toaletne potrepštine,"4,91"
Talijanski desert,0137814,0.16,2x80g,Deluxe,1.79,,,11.19,20102913,Hrana,"1,79"
Sirni namaz SK8,0137854,0.2,200g,Goldessa,1.49,,,7.45,4335619355804,Hrana,Nije_bilo_u_prodaji_02.05.2025
ASC Kraljevske kozice [ATG: 180g],0137910,0.2,200g,Ocean Sea,4.99,,,27.72,20103804,Hrana,"4,79"
Tjestenina iz bronèanog kalupa SK1,0137932,0.5,500g,Combino,1.09,,,2.18,20104023,Hrana,"1,19"
Kremasti gel za tuširanje SK4,0138047,0.311,300ml,Cien,1.69,,,5.63,20112004,Kozmetika,"1,69"
Djeèje pelene za novoroðenèe,0138081,0.45,24komad,Lupilu,3.19,,,0.13,20112257,Toaletne potrepštine,"3,19"
Djeèje pelene midi,0138084,1.47,56komad,Lupilu,6.79,,,0.12,4056489352778,Toaletne potrepštine,"6,79"
"Tuna u vlastitom soku, ATG: 600g",0138478,0.78,4x195g,Nixe,7.99,,,13.32,20117122,Hrana,"7,99"
Krema za lice SK5,0138687,0.05,50ml,Cien Nature,1.93,,,1.93,4056489345879,Kozmetika,"1,93"
Suha hrana za pse SK4,0138813,1.5,"1,5kg",Orlando Gourmet,2.39,,,1.59,20136109,Proizvodi za kuæanstvo,"2,39"
Odstranjivaè make.upa SK3,0138914,0.102,100ml,Cien,1.39,,,13.9,4056489447078,Kozmetika,"1,39"
Narezana salama od divljaèi SK2,0139016,0.06,60g,Deluxe,1.89,,,31.5,20137731,Hrana,"1,89"
Nougat kockice SK3,0139117,0.125,125g,Favorina,1.85,,,14.8,20500771,Hrana,"1,99"
Losos u lisnatom tijestu SK1,0139243,0.7,700g,Deluxe,7.99,,,11.41,20158323,Hrana,"9,99"
BO Pecivo sa sirom,7305471,0.08,80g,,0.69,,,8.63,3838700368444,Hrana,"0,69"
Briketi za roštilj Bioles Horizont,7305767,3,3kg,,3.19,,,3.19,3859888141070,Proizvodi za kuæanstvo,"3,19"
Vrtna svijeæa Citronela,7305872,0.6,1komad,,3.49,,,3.49,3830012523771,Proizvodi za kuæanstvo,Nije_bilo_u_prodaji_02.05.2025
SASTELA Praznièni mix peciv,7308616,1.25,1250g,,18.99,,,15.19,3830062492911,Hrana,Nije_bilo_u_prodaji_02.05.2025
SAGA Urnebes kajmak s paprikom,7308773,0.25,250g,,2.49,,,9.96,3830060750440,Hrana,Nije_bilo_u_prodaji_02.05.2025
"Kras Primorski pršut, ca.1000g",7309126,1,ca.1000g,,14.99,,,14.99,2191263000000,Hrana,Nije_bilo_u_prodaji_02.05.2025
Extra pileæa salama,7309156,1.25,1250g,,2.69,,,2.15,3850220429696,Hrana,Nije_bilo_u_prodaji_02.05.2025
Cheesecake u casi SK2,7405898,0.165,"2x80g,2x85g",Deluxe,2.79,,,16.41,4056489215127,Hrana,"3,11"
Cheesecake zillionaire/limun SK1,7405900,0.18,2x90g,Deluxe,2.59,,,14.39,4056489215141,Hrana,"2,59"
Svježi Macaronsi jesenske sorte,7406348,0.144,12x12g,Confiserie Firenze,3.79,,,26.32,4056489365136,Hrana,"3,79"
Keksi preliveni èokoladom,7406604,0.1,100g,Deluxe,2.39,,,23.9,40873459,Hrana,"2,49"
Schogetten SK96,0002838,0.1,100g,,1.75,,,17.5,4000415000684,Hrana,"1,29"
Schogetten SK96,0002838,0.1,100g,,1.75,,,17.5,4000415087609,Hrana,"1,29"
Schogetten SK96,0002838,0.1,100g,,1.75,,,17.5,4000607850004,Hrana,"1,29"
Müsli prutiæi SK50,0002858,0.2,200g,Crownfield,1.65,,,8.25,20080693,Hrana,"1,65"
Müsli prutiæi SK50,0002858,0.2,200g,Crownfield,1.65,,,8.25,20104214,Hrana,"1,65"
Sredstvo za èišæenje WC-a SK9,0151454,1.023,1l,W5,1.65,,,1.65,4056489563389,Sredstva za èišæenje,"1,65"
Sjajilo za ispiranje posuða,0151573,1.018,1l,W5,1.89,,,1.89,4056489559580,Sredstva za èišæenje,"1,89"
Internacionalna gotova jela SK8,0151851,1,1000g,Chef Select,4.49,,,4.49,4056489367673,Hrana,"4,49"
Mješavina orašastih plodova SK5,0152058,0.2,200g,Alesto,3.39,,,16.95,20772970,Hrana,"3,99"
Mix orašastih plodova,0152061,0.06,60g,Alesto,0.95,,,15.83,20559595,Hrana,"1,19"
Orašasti plodovi XXL SK 1,0152117,0.3,300g,Alesto,3.99,,,13.3,20716615,Hrana,"3,99"
Kolaè sa šljivama,0152814,0.3,300g,,2.69,,,8.97,4260353583735,Hrana,"2,69"
"MSC Tuna steak u vl. soku, OM 150g",0152887,0.195,195g,Nixe,2.49,,,16.6,4056489254683,Hrana,"2,39"
Tuna u sunc. ulju (ATG 3x52g),0153391,0.21,3x70g,Nixe,2.69,,,17.24,4056489262282,Hrana,"2,49"
Ketchup Sticks,0153475,0.125,125g,Snack Day,1.29,,,10.32,4056489262565,Hrana,Nije_bilo_u_prodaji_02.05.2025
BO Èoko krafna XXL 6kom.,0153690,0.306,306g,,2.89,,,9.44,4056489261919,Hrana,"2,89"
Eau de Parfum SK6,0153747,0.063,75ml,Suddenly,6.49,,,86.53,4056489545552,Kozmetika,"6,49"
Toaletna voda za muškarce SK5,0153751,0.063,75ml,G. Bellini,6.49,,,86.53,4056489268093,Kozmetika,"6,49"
Toaletna voda za muškarce SK5,0153751,0.063,75ml,G. Bellini,6.49,,,86.53,4056489268109,Kozmetika,"6,49"
Toaletna voda za muškarce SK5,0153751,0.063,75ml,G. Bellini,6.49,,,86.53,4056489545606,Kozmetika,"6,49"
Kozji sir SK2,0169128,0.1,100g,Duc de Coeur,1.99,,,19.9,4056489679233,Hrana,"2,1"
Badem u štapiæima,0169868,0.2,200g,Belbake,2.25,,,11.25,4056489540168,Hrana,"2,19"
Hummus SK33,0170159,0.2,200g,Chef Select,0.99,,,4.95,4056489545798,Hrana,"1,39"
Iso Drink prah SK2,0174037,0.65,650g,Sportyfeel,6.29,,,9.68,20158170,Hrana,"6,49"
Iso Drink prah SK2,0174037,0.65,650g,Sportyfeel,6.29,,,9.68,4056489608103,Hrana,"6,49"
Iso Drink prah SK2,0174037,0.65,650g,Sportyfeel,6.29,,,9.68,4335619321700,Hrana,"6,49"
Premium pasta za zube SK1,0174757,0.07,125ml,Dentalux,1.19,,,9.52,4056489618812,Kozmetika,"1,19"
High Protein puding SK11,0174781,0.2,200g,Milbona,0.99,,,4.95,4056489618904,Hrana,Nije_bilo_u_prodaji_02.05.2025
Gold mljevena kava  XXL RFA,0175293,1,2x500g,Bellarom,14.99,,,14.99,4056489626879,Piæe,"10,99"
Dj. vodeni sladoled SK12,0175604,0.696,6x110ml,Bon Gelati,3.19,,,4.83,4056489542766,Hrana,"3,19"
Dj. vodeni sladoled SK12,0175604,0.696,6x110ml,Bon Gelati,3.19,,,4.83,4056489617808,Hrana,"3,19"
Grèki jogurt XXL,0175737,1,8x125g,Milbona,2.99,,,2.99,4335619061620,Hrana,Nije_bilo_u_prodaji_02.05.2025
Ketchup sa zaèinima,0176178,0.55,500ml,Kania,1.59,,,3.18,4335619143494,Hrana,"1,99"
o.b. Pro Comfort SK1,0176218,0,32komad,,4.8,,,0.15,3574661423005,Toaletne potrepštine,"4,8"
o.b. Pro Comfort SK1,0176218,0,32komad,,4.8,,,0.15,3574661618647,Toaletne potrepštine,"4,8"
o.b. Pro Comfort SK1,0176218,0,32komad,,4.8,,,0.15,3574661624648,Toaletne potrepštine,"4,8"
Svježi sok od jabuke i manga 15%,0176258,1.045,1l,Solevita,2.39,,,2.39,4304493268630,Hrana,"2,39"
Riblji tapas SK25,0176419,0.1,100g,Sol&Mar,2.49,,,24.9,20019112,Hrana,"2,49"
Deterdžent za pranje posuða XXL SK1,0176452,3.06,3l,W5,2.99,,,1,4056489799030,Sredstva za èišæenje,"2,99"
Lak za nokte Cocktail SK2,0177036,0.01,11ml,Cien Beauty,1.29,,,117.27,4056489430872,Kozmetika,"1,29"
Mješavina zaèina iz Provanse,0178353,0.031,"13g,35g,45g",Duc de Coeur,1.49,,,1.49,4056489666288,Hrana,"1,49"
Delikatesna pašteta,0178429,0.15,150g,Deluxe,1.29,,,8.6,20320386,Hrana,"1,29"
Delikatesna pašteta,0178429,0.15,150g,Deluxe,1.29,,,8.6,20320409,Hrana,"1,29"
Delikatesna pašteta,0178429,0.15,150g,Deluxe,1.29,,,8.6,20320416,Hrana,"1,29"
Kuhinjski ubrusi XXL,0178483,1.381,512Blatt,Floralys,4.79,,,0.6,4335619349346,Toaletne potrepštine,"4,79"
Francuska kobasica SK1,0178673,0.1,100g,Duc de Coeur,2.19,,,21.9,4056489672159,Hrana,"1,99"
Café Gold RFA,0178757,0.25,250g,Bellarom,4.59,,,18.36,4056489600640,Piæe,"3,69"
Talijanski desert,0179178,0.45,450g,Italiamo,3.89,,,8.64,4056489687429,Hrana,"3,89"
"Škripavac, meki sir",6905627,0.3,300g,Okusi zavièaja,3.89,,,12.97,4056489316602,Hrana,"3,89"
Pitroid Tekuæe punjenje protiv kom.,6905736,0.059,35ml,,3.99,,,3.99,3856007902062,Proizvodi za kuæanstvo,"3,99"
BO Domaæi klipiæ punjen šu. i sir.,6905746,0.07,70g,,1.09,,,15.57,4052917368663,Hrana,"0,99"
Labello balzam za usne,6905748,0.01,"2x4,8g",,3.39,,,3.39,4005808850020,Kozmetika,"3,39"
BO Pecivo lepinja,6905787,0.12,120g,,0.39,,,3.25,3859893442193,Hrana,"0,39"
Stiegl-Goldbräu Premium svij. pivo,6905817,0.504,"0,5l",,1.88,,,3.76,90034558,Piæe,"1,88"
Sušeni vrganji ''Special'',6000964,0.03,30g,Italiamo,1.75,,,58.33,20499112,Hrana,"2,19"
Guanciale,6001019,0.1,100g,Italiamo,2.69,,,26.9,20499044,Hrana,"2,59"
Rižoto SK5,6001161,0.175,175g,Kania,1.09,,,6.23,4056489468974,Hrana,"1,29"
Punjeni njoki SK8,6001374,0.5,500g,Deluxe,2.39,,,4.78,20570095,Hrana,"2,39"
Norveški losos,6002321,0.1,100g,Deluxe,4.99,,,49.9,20633301,Hrana,Nije_bilo_u_prodaji_02.05.2025
Svježi medaljoni od povræa SK1,6003029,0.25,250g,Vemondo,2.59,,,10.36,20685812,Hrana,"2,59"
Bruschette SK1,6003784,0.15,150g,Italiamo,1.29,,,8.6,20456733,Hrana,"1,79"
Piadina Sfogliata,6003971,0.39,390g,Italiamo,1.19,,,3.05,20072483,Hrana,"1,19"
Krekeri s okusom pizze SK1,6004708,0.1,100g,Italiamo,1.99,,,19.9,20851194,Hrana,"1,99"
Calzone s rajèicom i mozzarellom,6004715,0.25,250g,Italiamo,2.89,,,11.56,20968427,Hrana,"2,89"
Krekeri bez glutena s maslinama,6005270,0.2,200g,Snack Day,1.65,,,8.25,20969462,Hrana,Nije_bilo_u_prodaji_02.05.2025
Gorgonzola Bio,6006280,0.17,170g,Milbona,2.29,,,13.47,20003289,Hrana,"2,29"
Bezglutenska pizza sa šunkom,6006799,0.32,320g,Trattoria Alfredo,2.99,,,9.34,20052508,Hrana,"3,99"
Mješavina gljiva SK1,6006955,0.3,"250g,350g",Deluxe,2.69,,,10.76,4056489797609,Hrana,"2,69"
Mješavina gljiva SK1,6006955,0.3,"250g,350g",Deluxe,2.69,,,7.69,4056489797616,Hrana,"2,69"
Medaljoni s tartufom,6007602,0.25,250g,Deluxe,1.79,,,7.16,20159689,Hrana,"1,79"
Mlijeèni desert vanil. i èoko. SK3,5701233,0.135,"130g,140g",Sol&Mar,1.59,,,12.23,20705534,Hrana,"1,59"
Pršut Serrano Gran Reserva,5701621,0.07,70g,Sol&Mar,1.99,,,28.43,20645144,Hrana,"1,99"
Osvježivaè za auto SK1,5702896,0.005,6ml,W5,1.29,,,215,20527174,Sredstva za èišæenje,"1,29"
Parfem Essence Jolie,5705977,0.05,50ml,Suddenly,5.99,,,119.8,20945282,Kozmetika,"3,69"
Turón Fuet SK4,5706368,0.16,160g,Deluxe,1.99,,,12.44,4056489511267,Hrana,"1,99"
Turón Fuet SK4,5706368,0.16,160g,Deluxe,1.99,,,12.44,4056489511274,Hrana,"1,99"
Zelene masline punjene paprikom,5707463,0.34,370ml,Baresa,2.19,,,10.95,20076313,Hrana,"2,19"
Podravka Alpska juha,6906372,0.064,64g,,1.39,,,21.72,3850104295218,Hrana,"1,39"
Somersby Mango Cider,6906415,0.5,"0,5l",,1.78,,,3.56,8600331002029,Piæe,"1,69"
"Med Lipa, 450g",6906437,0.45,450g,Okusi zavièaja,4.75,,,10.56,4056489610939,Hrana,"4,75"
Cedevita instant napitak SK1,6906472,0.455,455g,,4.39,,,9.65,3850322014882,Piæe,"4,19"
Cedevita instant napitak SK1,6906472,0.455,455g,,4.39,,,9.65,3850322014943,Piæe,"4,19"
Cedevita instant napitak SK1,6906472,0.455,455g,,4.39,,,9.65,3850322016268,Piæe,"4,19"
Super Jon staklo,6906621,0.65,650ml,,1.79,,,2.75,3850111503382,Sredstva za èišæenje,"1,59"
Dukat voæni jogurt jagoda,6906653,1,1kg,,1.99,,,1.99,3850354016045,Hrana,"1,99"
Kikkoman Soja umak,6906666,0.586,500ml,,5.99,,,11.98,8715035110502,Hrana,"4,49"
Desperados svij. pivo s aromom teq.,6906706,0.5,"0,5l",,1.72,,,3.44,8712000038175,Piæe,"1,72"
Panonski kruh,6907020,0.6,600g,Tastino,1.39,,,2.32,3858893951865,Hrana,"1,29"
Trapist,6907024,0.5,500g,,3.49,,,6.98,3859894087003,Hrana,"3,99"
Vajda Kobasica sa sirom,6907043,0.4,400g,,2.99,,,7.48,3858890803266,Hrana,"2,99"
"Svj. jadran. srdele, bez gl., oèiš.",6907068,0.4,400g,Naša ribarnica,4.29,,,10.73,4056489611394,Hrana,"3,99"
Andro planinska kobasica,6907100,0.9,900g,,6.59,,,7.32,3858892820124,Hrana,"6,59"
Lasta Štrudla smokva,6907117,0.25,250g,,2.39,,,9.56,3870128029941,Hrana,"1,79"
Margo Nova Margarin 50%,6907188,0.225,225g,,1.29,,,5.73,3856015332844,Hrana,"1,19"
Papirnate maramice 3-sloja 10x10kom,6907216,0.19,1komad,Floralys,0.99,,,0.99,4052917736929,Toaletne potrepštine,"0,99"
Vincinni Tiramisu torta,6907235,0.4,400g,,2.65,,,6.63,5310345008674,Hrana,"2,65"
Emmentaler,6907249,0.7,700g,,4.99,,,7.13,3859894087126,Hrana,"5,75"
Arf Sredstvo za èišæenje kamenca,6907258,0.65,650ml,,2.79,,,4.29,3850105181190,Sredstva za èišæenje,"1,99"
Dipterol Natural Losion 2u1,6907280,0.13,125ml,,8.89,,,71.12,3856007910937,Proizvodi za kuæanstvo,"8,89"
Nivea Sun Protect&Moisture Trigger,6907282,0.271,270ml,,16.09,,,59.59,4005900908698,Kozmetika,"16,09"
"Pržene, slane sjemenke bundeve",6407699,0.25,250g,Alesto,2.35,,,9.4,4056489158448,Hrana,"2,35"
Kefir bez laktoze,6409245,0.45,450g,Pilos,0.99,,,2.2,4056489337140,Hrana,"0,99"
Goldenfood File paèjih prsa,6410893,1,"ca0,4-0,6kg",,10.99,,,10.99,5996383780665,Hrana,"9,99"
Goldenfood Svj. paèji batak-zabatak,6410895,1,"ca0,4-0,6kg",,8.99,,,8.99,2898057000000,Hrana,"8,99"
Goldenfood Svj. paèji batak-zabatak,6410895,1,"ca0,4-0,6kg",,8.99,,,8.99,5996383780696,Hrana,"8,99"
Energy drink Colossus Classic,6412701,0.5,"0,5l",KONG STRONG,1.19,,,2.38,4056489668282,Piæe,"1,09"
Mješavina za peèenje keksa SK5,0146463,0.18,180g,Belbake,1.59,,,8.83,4056489104674,Hrana,"1,19"
Mješavina za peèenje keksa SK5,0146463,0.18,180g,Belbake,1.59,,,8.83,4056489104698,Hrana,"1,19"
Nola upaljaè,0146648,0.053,1komad,,1.15,,,1.15,4334035538334,Proizvodi za kuæanstvo,"1,15"
"Pink Gin 37,5% Vol.",0146765,0.69,"0,7l",Castelgy,8.49,,,12.13,4304493270046,Piæe,"7,99"
Svježi prirodni sok SK16,0146799,1.045,1l,Solevita,3.29,,,3.29,4304493265554,Hrana,"3,19"
"Mars,Snickers,Twix,Bou.Minis SK2",0147829,0.275,275g,,3.59,,,13.05,5000159473057,Hrana,"3,59"
Mesnata slanina XXL,0142363,0.3,2x150g,Dulano,3.19,,,10.63,4056489020615,Hrana,"3,19"
Mesnata slanina XXL,0142363,0.3,2x150g,Dulano,3.19,,,10.63,4056489618010,Hrana,"3,19"
Mesnata slanina XXL,0142363,0.3,2x150g,Dulano,3.19,,,10.63,4056489704768,Hrana,"3,19"
Žitarice SK2,0142679,0.5,500g,Campo Largo,1.19,,,2.38,4056489019473,Hrana,"1,19"
Chicken Bucket,0142993,0.75,750g,,7.99,,,10.65,4056489024019,Hrana,"7,79"
Èaj u piramida vreæicama UTZ SK47,0143058,0.038,"20x1,4g,20x1,8g",Deluxe,1.99,,,1.99,4056489024286,Piæe,"1,99"
Grickalice za pse premium SK4,0143111,0.1,100g,Orlando Pure Taste,2.99,,,29.9,4056489024682,Proizvodi za kuæanstvo,"2,99"
Grickalice za pse premium SK4,0143111,0.1,100g,Orlando Pure Taste,2.99,,,29.9,4056489024699,Proizvodi za kuæanstvo,"2,99"
Bio sok od ðumbira,0143693,0.156,150ml,Solevita,1.29,,,8.6,4056489028109,Hrana,"1,29"
"Votka 37,5%",0143720,0.95,1l,Rachmaninoff,7.79,,,7.79,4304493271203,Piæe,Nije_bilo_u_prodaji_02.05.2025
Pan. pil. innerfile Cornf. panada,6904316,1,ca.500g,Gourmet,9.25,,,9.25,2835168000000,Hrana,"9,25"
"Proviact tekuæi jogurt 1,0%",6904320,1,1kg,Pilos,1.65,,,1.65,4056489074380,Hrana,"1,59"
Coppa Coctails Sex On The Beach,6904393,0.7,0.7l,,9.99,,,14.27,8712436103843,Piæe,"9,99"
"Dimljena šunka s kosti, cca. 6kg",6904437,1,ca. 6kg,Pikok,5.49,,,5.49,2845193000000,Hrana,"4,89"
"Dimljena šunka s kosti, cca. 6kg",6904437,1,ca. 6kg,Pikok,5.49,,,5.49,2845196000000,Hrana,"4,89"
"Dimljena šunka s kosti, cca. 6kg",6904437,1,ca. 6kg,Pikok,5.49,,,5.49,2845197000000,Hrana,"4,89"
"Dimljena šunka s kosti, cca. 6kg",6904437,6,ca. 6kg,Pikok,5.49,,,5.49,2845197000000,Hrana,"4,89"
Karlovaèko Svijetlo pivo 5% ,6904468,2,2l,,3.75,,,1.88,3850103902162,Piæe,"3,62"
Premium sladoled SK11,0133116,0.427,500ml,Gelatelli,4.49,,,8.98,20091958,Hrana,"3,99"
Tijesto za pizzu XXL,0133682,0.55,550g,Chef Select & You,1.85,,,3.36,40884417,Hrana,"1,85"
Èokoladne pahuljice XXL SK5,0134430,0.9,900g,Crownfield,3.99,,,4.43,4056489021476,Hrana,"3,99"
Sprej za sunèanje ZF 30,0134608,0.201,200ml,Cien Sun,4.99,,,24.95,4056489368403,Kozmetika,"5,99"
Chinois SK1,0134907,0.4,400g,Duc de Coeur,2.99,,,7.48,20712501,Hrana,"2,99"
Agragold Šeæer u prahu,0135015,0.5,500g,,0.65,,,1.3,9007829025055,Hrana,"0,65"
Njega za pranje beba SK5,0135048,0.511,500ml,Lupilu,2.25,,,4.5,4056489233107,Kozmetika,"2,25"
Njegujuæe ulje za bebe,0135051,0.276,300ml,Lupilu,2.69,,,8.97,20008871,Kozmetika,"2,69"
Dolcela Muffin,6906745,0.35,350g,,2.69,,,7.69,3850104244834,Hrana,"2,29"
Ukrasna vreæica 32x26x12cm,6906786,0.08,1komad,,1.45,,,1.45,3856023020290,Proizvodi za kuæanstvo,"1,45"
Ukrasna vreæica 32x26x12cm,6906786,0.08,1komad,,1.45,,,1.45,3856023029002,Proizvodi za kuæanstvo,"1,45"
Ukrasna vreæica 32x26x12cm,6906786,0.08,1komad,,1.45,,,1.45,3856023029057,Proizvodi za kuæanstvo,"1,45"
Ukrasna vreæica 32x26x12cm,6906786,0.08,1komad,,1.45,,,1.45,3856023029378,Proizvodi za kuæanstvo,"1,45"
Ukrasna vreæica vinska 39x12x9cm,6906787,0.045,1komad,,0.99,,,0.99,3856023020764,Proizvodi za kuæanstvo,"1,25"
Ukrasna vreæica vinska 39x12x9cm,6906787,0.045,1komad,,0.99,,,0.99,3856023027824,Proizvodi za kuæanstvo,"1,25"
Perfekte Wäsche Color tekuæi deter.,6906800,4.305,"4,305l",,4.99,,,1.16,4262358180001,Sredstva za èišæenje,"4,49"
Aranžman Valentina/Jeruzalem SK2,6906824,1.53,1komad,,24.99,,,24.99,3858892744024,Proizvodi za kuæanstvo,"24,99"
BO Seljaèko pecivo,5522816,0.085,80g,,0.35,,,4.38,4053216131040,Hrana,"0,35"
Kakao UTZ,5523499,0.2,200g,Belbake,3.99,,,19.95,4056489061267,Hrana,"2,69"
"Pureæi filet XXL, cca. 1-1,5 kg",5533555,1,"ca.1-1,5kg",RZEZNIK,8.19,,,8.19,2835550000000,Hrana,"7,75"
"Pureæi filet XXL, cca. 1-1,5 kg",5533555,1,"ca.1-1,5kg",RZEZNIK,8.19,,,8.19,2835559000000,Hrana,"7,75"
"Pureæi filet XXL, cca. 1-1,5 kg",5533555,1,"ca.1-1,5kg",RZEZNIK,8.19,,,8.19,2894252000000,Hrana,"7,75"
"Pureæi filet XXL, cca. 1-1,5 kg",5533555,1,"ca.1-1,5kg",RZEZNIK,8.19,,,8.19,2894259000000,Hrana,"7,75"
Suha šunka ili peèenica SK1,5535256,0.1,100g,Deluxe,1.99,,,19.9,4056489358534,Hrana,"1,99"
Bob Snail voæne rolice SK6,5538170,0.03,30g,,1.19,,,1.19,4820219344278,Hrana,"1,19"
Uskršnje jaje s punjenjem SK1,5543310,0.144,144g,Favorina,2.49,,,17.29,4056489584544,Hrana,"2,49"
Svinjska potrbušina peèena,5545654,1,cca. 400g,Kuljanka,7.99,,,7.99,2848033000000,Hrana,"9,79"
Zobene pahuljice,0187306,1,1kg,Crownfield,1.29,,,1.29,20983451,Hrana,"1,29"
Bio sirup od tapioke,0187762,0.35,350g,Vemondo,4.29,,,12.26,4056489817376,Hrana,"4,29"
Primitivo Merlot Puglia ,0187917,0.75,"0,75l",-,3.99,,,5.32,4056489790709,Piæe,"3,99"
Zaèini u kartonskoj tubi SK1,0188136,0.051,"43g,50g,60g",Kania,1.99,,,39.8,4056489908524,Hrana,Nije_bilo_u_prodaji_02.05.2025
Zaèini u kartonskoj tubi SK1,0188136,0.051,"43g,50g,60g",Kania,1.99,,,33.17,4056489908524,Hrana,Nije_bilo_u_prodaji_02.05.2025
Zaèini u kartonskoj tubi SK1,0188136,0.051,"43g,50g,60g",Kania,1.99,,,39.8,4056489908531,Hrana,Nije_bilo_u_prodaji_02.05.2025
Neo keksi,0188360,0.154,154g,Sondey,1.29,,,8.38,4056489733621,Hrana,Nije_bilo_u_prodaji_02.05.2025
Bio gyoza SK1,0189159,0.22,220g,Chef Select,2.39,,,10.86,4056489844112,Hrana,Nije_bilo_u_prodaji_02.05.2025
Pilos Bayrische Butter,0189251,0.25,250g,Pilos,0.99,,,3.96,4056489844600,Hrana,Nije_bilo_u_prodaji_02.05.2025
Mediteranski zaèini SK2,0189653,0.027,"16g,27g,28g,30g,35g",Italiamo,1.59,,,56.79,20046361,Hrana,"1,59"
Mediteranski zaèini SK2,0189653,0.027,"16g,27g,28g,30g,35g",Italiamo,1.59,,,45.43,20046378,Hrana,"1,59"
Mediteranski zaèini SK2,0189653,0.027,"16g,27g,28g,30g,35g",Italiamo,1.59,,,58.89,20046392,Hrana,"1,59"
Mediteranski zaèini SK2,0189653,0.027,"16g,27g,28g,30g,35g",Italiamo,1.59,,,53,20046392,Hrana,"1,59"
Bio Veganski namaz za kruh SK10,0189673,0.18,180g,Vemondo,2.19,,,12.17,4335619019775,Hrana,Nije_bilo_u_prodaji_02.05.2025
WC Gel s aplikatorom SK2,0190272,0.075,75ml,W5,1.99,,,26.53,20544775,Sredstva za èišæenje,"2,29"
Mlijeèni desert SK70,0190738,0.502,900ml,Bon Gelati,3.99,,,4.43,40896694,Hrana,"3,99"
Desertni specijaliteti SK20,0190983,0.16,2x80g,Deluxe,2.49,,,15.56,4056489758945,Hrana,"2,49"
Šeæerna dekoracija Uskrs SK33,0192649,0.027,"11g,12g,16g,25g,4x25g",Belbake,1.99,,,19.9,4056489865667,Hrana,"1,99"
Šeæerna dekoracija Uskrs SK33,0192649,0.027,"11g,12g,16g,25g,4x25g",Belbake,1.99,,,19.9,4056489865711,Hrana,"1,99"
Krema za stopala SK2,0193005,0.1,100ml,Cien,1.39,,,13.9,4056489869801,Kozmetika,"1,39"
Veganska Pizza Marg. ,0193190,0.38,380g,Vemondo,2.79,,,7.34,20850678,Hrana,"2,79"
Sušena Angus govedina,0193976,0.07,70g,Deluxe,1.79,,,25.57,4056489883388,Hrana,"2,14"
Gotova jela za tavu SK57,0194158,0.75,750g,Culinea,4.99,,,6.65,4056489127284,Hrana,"4,49"
Uskršnje dekoracije SK2,0194164,0.123,"120g,130g",Belbake,2.49,,,20.75,4056489884446,Hrana,"2,49"
Tekuæi deterdžent za rublje SK1,0194399,3.1,3l,Formil Basic,4.25,,,4.25,4056489889397,Sredstva za èišæenje,"4,99"
Tekuæi deterdžent za rublje SK1,0194399,3.1,3l,Formil Basic,4.25,,,4.25,4056489889403,Sredstva za èišæenje,"4,99"
Edamame SK1,0194604,0.15,150g,Vitasia,1.59,,,10.6,4056489889731,Hrana,"1,39"
Gotova japanska tjestenina SK1,0194613,0.4,400g,Vitasia,3.99,,,9.98,4056489889830,Hrana,Nije_bilo_u_prodaji_02.05.2025
Univerzalna krpa od mikrovla. SK10,0085302,0.063,"2komad,3komad",W5,1.56,,,0.78,4056489754459,Proizvodi za kuæanstvo,"2,35"
Sorger Mini kobasice SK1,6907961,0.08,80g,,1.99,,,24.88,9002055004584,Hrana,"1,99"
Podravka Planinski èaj,6907981,0.044,44g,,1.89,,,1.89,3856020205270,Piæe,"1,59"
"Violeta Toaletni papir 3sl, Pure&St",6908034,1.516,24x110Blatt,,4.69,,,0.2,3858893660255,Toaletne potrepštine,"4,99"
Sunlove Šeæerni piling za tijelo,6908048,0.25,250ml,,3.19,,,12.76,3850177003796,Kozmetika,"3,99"
Vlažni toaletni papir bioraz. SK1,6908062,0.27,60komad,Floralys,0.69,,,0.01,4056489925521,Proizvodi za kuæanstvo,"0,99"
Vlažni toaletni papir bioraz. SK1,6908062,0.27,60komad,Floralys,0.69,,,0.01,4056489925538,Proizvodi za kuæanstvo,"0,99"
Fini Mini Instant povrtna juha s r.,6908068,0.38,375g,,1.79,,,4.77,3856020258368,Hrana,"1,99"
Mini napolitanke 500g SK1,6908125,0.5,500g,Champions Edition,1.79,,,3.58,4056489925590,Hrana,"1,79"
Èoksa èokolada banana-biskvit,6908145,0.068,68g,,1.39,,,20.44,3850102001606,Hrana,"1,39"
Crogrill Drveni briketi,6908167,5,5kg,,3.99,,,0.8,3859888928114,Proizvodi za kuæanstvo,"4,99"
Èips slani,6908187,0.06,60g,Snack Day,0.59,,,9.83,4056489925682,Hrana,Nije_bilo_u_prodaji_02.05.2025
Sensodyne Premium Pasta za zube SK1,6908198,0.075,75ml,,5.49,,,73.2,5054563233844,Kozmetika,"4,49"
Lino Lada Namaz Milk,6908206,2.5,"2,5kg",,13.89,,,5.56,3856020216566,Hrana,"13,99"
Limun 750g,0080171,0.75,750g,,1.79,,,2.39,20403744,Hrana,Nije_bilo_u_prodaji_02.05.2025
Jabuka zelena Granny Smith,0080200,1,1kg,,1.69,,,1.69,4056489919698,Hrana,"1,69"
Jabuka crvena 2kg,0080230,2,2kg,,2.19,,,1.1,3859889267960,Hrana,"1,99"
"Jabuka crvena, Jonaprinc",0080241,1,1kg,,1.69,,,1.69,4056489939771,Hrana,"1,49"
Kivi 1kg,0080682,1,1kg,,2.49,,,2.49,3859892528140,Hrana,"2,29"
Physalis,0080735,0.1,100g,,,0.49,1.29,4.9,7709990076226,Hrana,"1,29"
Borovnica 125g,0080820,0.125,125g,,1.49,,,11.92,7750765003923,Hrana,"1,49"
Malina 125g,0080835,0.125,125g,,2.29,,,18.32,3859889267243,Hrana,"2,29"
"Jabuka crvena, Fuji",0081273,1,1kg,,1.99,,,1.99,4056489919810,Hrana,"1,99"
Bio borovnica,0081685,0.125,125g,,2.49,,,19.92,20240165,Hrana,"1,99"
Bio Kiwi Gold,0081843,1,3Stk.,,1.99,,,1.99,4056489220343,Hrana,"1,79"
Mini krastavac 250g,0082241,0.25,250g,,1.49,,,5.96,3859893446290,Hrana,"1,79"
Rajèica mini grappolo,0082388,0.5,500g,,2.49,,,4.98,20242145,Hrana,"2,49"
Rajèica 1kg,0082488,1,1kg,,2.39,,,2.39,20242107,Hrana,"2,39"
Paprika ljuta mix 100g,0082660,0.1,100g,,1.19,,,11.9,20458560,Hrana,"1,29"
Paprika mini mix 150g,0082669,0.15,150g,,1.19,,,7.93,20411558,Hrana,"1,29"
Cheddar SK4,5206760,0.225,"200g,250g",Milbona,3.99,,,15.96,4056489128854,Hrana,"3,79"
Èokoladna ruža,5207108,0,18g,,1.19,,,66.11,5055256536129,Hrana,Nije_bilo_u_prodaji_02.05.2025
Èokoladna ruža,5207108,0,18g,,1.19,,,66.11,5055256536549,Hrana,Nije_bilo_u_prodaji_02.05.2025
BO Brownie od sira,5226875,0.068,68g,,0.99,,,14.56,4056489757702,Hrana,Nije_bilo_u_prodaji_02.05.2025
Gouda listiæi XXL,5500121,0.5,500g,Pilos,5.19,,,10.38,20980528,Hrana,"4,99"
"Hamburger umak, 250ml",5500221,0.25,250g,Grill&Fun,1.99,,,7.96,20545215,Hrana,"1,99"
"Vafli s kremom od vanilije, RFA",5500247,0.28,280g,Sondey,1.59,,,5.68,20498344,Hrana,"1,55"
"Vafli s kremom od vanilije, RFA",5500247,0.28,280g,Sondey,1.59,,,5.68,4052917062172,Hrana,"1,55"
Voæni èaj SK9,5500270,0.047,"20x2,1g,20x2,5g",Lord Nelson,1.39,,,1.39,20498153,Piæe,"1,39"
"Jako pivo 7,2%",5500395,0.502,"0,5l",Argus,0.95,,,1.9,4304493260474,Piæe,"1,09"
Kocke za juhu SK6,5500632,0.12,120g,Kania,0.75,,,6.25,20420642,Hrana,"0,75"
"BBQ umak, 420ml",5501634,0.5,500g,Grill&Fun,1.99,,,3.98,20299293,Hrana,"1,99"
"Cedevita Bomboni XXL, SK1",6907321,0.06,60g,,1.79,,,29.83,3850322016442,Hrana,"1,69"
Juneæi odresci iz buta Frikando,6907397,1,ca. 600g,Naša mesnica,16.49,,,16.49,2895150000000,Hrana,15.99
Juneæa koljenica b.k.,6907398,1,ca. 700g,-,11.19,,,11.19,2895160000000,Hrana,10.49
Lignja oèišæena,6907468,0.4,400g,Naša ribarnica,9.99,,,24.98,4056489612261,Hrana,"9,99"
Svježi pagar,6907487,1,ca. 500g,Naša ribarnica,14.99,,,14.99,2144385000000,Hrana,"11,99"
Svježi pagar,6907487,1,ca. 500g,Naša ribarnica,14.99,,,14.99,2896378000000,Hrana,"11,99"
"Svinjski kare bez kosti, mariniran",6907524,1,cca. 400g,Naša mesnica,8.49,,,8.49,2896340000000,Hrana,"8,49"
Košarica Dalija,6907574,0.85,1komad,,6.49,,,6.49,3858889011207,Proizvodi za kuæanstvo,"6,49"
Èarli Deterdžent za posuðe SK1,6907576,0.923,900ml,,2.69,,,2.99,3850111304095,Sredstva za èišæenje,"2,39"
BO Kruh Hrskavo zlato,6907625,0.42,420g,,,1.09,1.59,2.6,3859892466947,Hrana,"1,19"
Flips s kikirikijem,6907642,0.15,150g,Snack Day,0.89,,,5.93,4056489925200,Hrana,"0,89"
Labona American Pale Ale,6907649,0.33,"0,33l",,1.69,,,5.12,0725765147851,Piæe,"1,69"
Lumen Lampion križ,6907660,0.225,1komad,,1.99,,,1.99,3870634000151,Proizvodi za kuæanstvo,"1,99"
Ajax Sredstvo za èišæenje kuæ. SK1,6907666,1.3,1300ml,,3.89,,,2.99,8718951358720,Sredstva za èišæenje,"4,39"
Dimljena šunka,6907669,0.15,150g,Pikok,2.39,,,15.93,4056489925279,Hrana,"2,39"
Borotalco Dezodorans u spreju SK1,6907698,0.09,150ml,,4.19,,,27.93,8002410040388,Kozmetika,"3,89"
Borotalco Dezodorans u spreju SK1,6907698,0.09,150ml,,4.19,,,27.93,8002410043587,Kozmetika,"3,89"
Palmolive Šampon SK2,6907702,0.363,350ml,,3.55,,,10.14,8718951577008,Kozmetika,"3,55"
Pure Milk vrhnje za kuhanje 21%,6907747,1,1kg,,2.99,,,2.99,5998200570902,Hrana,"2,99"
Brèiæ Kulen,6907750,1,ca. 600g,,33.99,,,33.99,2151410000000,Hrana,"33,99"
Helena Sapun od kozjeg mlijeka SK1,6907803,0.105,105g,,3.55,,,33.81,3859893988004,Kozmetika,"3,55"
Melli Aromatica Eko osvježivaè pro.,6907809,0.283,250ml,,4.79,,,19.16,3857500114570,Sredstva za èišæenje,"4,79"
Solna kiselina 9%,6907860,1.03,1l,,1.55,,,1.55,3850376488707,Sredstva za èišæenje,"1,55"
"'z bregov Trajno mlijeko 2,8% m.m.",6901025,1,1l,,1.02,,,1.02,3850108020908,Hrana,"1,02"
Buket Pup Ruža,6901068,0.059,1komad,,3.69,,,3.69,3858889015854,Proizvodi za kuæanstvo,"3,69"
Jägermeister biljni liker 35%,6901090,0.7,"0,7l",,16.99,,,24.27,4067700014559,Piæe,"16,49"
BO Hot-dog pecivo SUS,6901093,0.08,80g,,0.32,,,4,3859890733430,Hrana,"0,32"
Nivea Body Milk SK2,6901147,0.25,250ml,,4.89,,,19.56,4005808247349,Kozmetika,"4,89"
Pitroid Spirala citronella mirisa,6901168,0.153,10komad,,2.69,,,0.27,3856007902116,Proizvodi za kuæanstvo,"2,95"
Pitroid Tablete protiv komaraca,6901170,0.045,30komad,,3.25,,,0.11,3856007902093,Proizvodi za kuæanstvo,"3,55"
Pitroid Sprej protiv gmižuæih kuka.,6901172,0.28,300ml,,3.29,,,10.97,3856007903618,Proizvodi za kuæanstvo,"3,69"
Tuš za oèi SK3 ,0120329,0.006,1komad,Cien Beauty,2.35,,,2.35,4056489619857,Kozmetika,"2,35"
Amerièki mlijeèni napitak SK1,0120470,0.529,500ml,MCENNEDY,1.99,,,3.98,4304493262096,Hrana,"1,59"
Ekstra džem SK2,0120762,0.45,450g,Alpenfest,2.79,,,6.2,20991159,Hrana,"2,59"
Gumeni bomboni,0120822,0.3,300g,Sweet Corner,1.79,,,5.97,4056489157366,Hrana,"1,79"
BO Kukur. pecivo sa svježim sirom,0120959,0.1,90g,,0.35,,,3.89,20786588,Hrana,"0,55"
Instant juha od rajèice (bez GMO),0121213,0.02,20g,Kania,0.39,,,0.39,20800130,Hrana,"0,39"
Goveða juha s mesnim okruglicama,0121218,0.064,64g,Kania,0.69,,,10.78,20800062,Hrana,"0,69"
Kobasica SK2,0121534,0.168,"150g,180g",Grillmeister,1.35,,,7.5,20668655,Hrana,"1,49"
Tvrdi biljni bomboni bez šeæera SK9,0121723,0.125,125g,Alpenfest,1.59,,,12.72,20782221,Hrana,"1,49"
Alkalna baterija AAA,0121965,0.115,10komad,Tronic,2.99,,,0.3,20846923,Proizvodi za kuæanstvo,"2,25"
Alkalna baterija AAA,0121965,0.115,10komad,Tronic,2.99,,,0.3,4056489259589,Proizvodi za kuæanstvo,"2,25"
Alkalna baterija AAA,0121965,0.115,10komad,Tronic,2.99,,,0.3,4056489722854,Proizvodi za kuæanstvo,"2,25"
"Gumeni bomboni, vegan",0179797,0.3,300g,Sweet Corner,1.79,,,5.97,4056489697909,Hrana,"1,79"
Sredstvo za èišæenje peænice,0179863,0.5,500ml,W5,1.49,,,2.98,4056489698371,Sredstva za èišæenje,"1,59"
Tartufo sladoled SK2,0180023,0.18,2x90g,Italiamo,2.29,,,12.72,4056489817529,Hrana,"2,29"
Tvrdi bomboni SK1,0180452,0.095,"80g, 100g",Amanie,,0.75,1.09,9.38,4056489713357,Hrana,"1,09"
Cabanossi SK1,0180492,0.2,200g,Dulano,2.99,,,14.95,4056489713623,Hrana,"2,99"
Slatki desert u kantici 30kom,0180774,0.65,650g,Mister Choc,5.59,,,8.6,4056489715269,Hrana,"5,39"
Picco Pizzi SK18,0181061,0.36,360g,Let's have a party!,3.29,,,9.14,4056489323273,Hrana,Nije_bilo_u_prodaji_02.05.2025
Fitness Bowl SK1,0181184,0.4,400g,Chef Select,2.99,,,7.48,4056489723288,Hrana,"2,89"
"Salata od mahunarki, slan. i brusn.",0181622,0.22,220g,Chef Select,1.59,,,7.23,4056489730187,Hrana,"1,59"
Univerzalno sred. za èišæenje SK3,0181718,1.5,"1,5l",W5,1.89,,,1.89,4056489847052,Sredstva za èišæenje,Nije_bilo_u_prodaji_02.05.2025
Univerzalno sred. za èišæenje SK3,0181718,1.5,"1,5l",W5,1.89,,,1.89,4335619353305,Sredstva za èišæenje,Nije_bilo_u_prodaji_02.05.2025
Pureæa/pileæa šunka XXL SK2,0182346,0.12,120g,Dulano,1.79,,,14.92,4056489745358,Hrana,Nije_bilo_u_prodaji_02.05.2025
Pureæa/pileæa šunka XXL SK2,0182346,0.12,120g,Dulano,1.79,,,14.92,4056489745365,Hrana,Nije_bilo_u_prodaji_02.05.2025
High Protein Jogurt,0182364,0.33,330g,Milbona,1.09,,,3.3,4056489745518,Hrana,"1,29"
Univerzalno sred. za èišæenje SK1,0182565,1,1l,W5,1.69,,,1.69,4056489733959,Sredstva za èišæenje,"1,69"
Proteinski miks za palaèinke SK1,0182807,0.15,150g,Belbake,2.49,,,16.6,4056489751403,Hrana,"2,49"
Tjestenina u obliku srca u 2 boje,0182939,0.5,500g,Für Dich,1.99,,,3.98,4056489751892,Hrana,"1,99"
Mentol bomboni bez šeæera,0183259,0.25,250g,Amanie,1.99,,,7.96,4056489753643,Hrana,"1,99"
Biskvit keksi ,0183873,0.14,140g,Confiserie Firenze,1.79,,,12.79,4056489758068,Hrana,"1,79"
Sir u listiæima sa zaèinima OGT SK2,0185014,0.1,100g,Milbona,1.49,,,14.9,4056489781776,Hrana,"1,49"
Leone sladoled SK1,0185400,0.52,4x130ml,,2.99,,,5.75,3830083670947,Hrana,Nije_bilo_u_prodaji_02.05.2025
Sladoled SK92,0185764,0.508,1000ml,Bon Gelati,3.49,,,3.49,4056489657163,Hrana,"3,49"
Maslinovo ulje,0186242,0.458,500ml,Deluxe,5.99,,,11.98,4056489798552,Hrana,"8,99"
Tekuæi deterdžent (F) 30 pranja SK1,0167396,1.521,"1,5l",Formil,3.59,,,0.12,4056489497196,Sredstva za èišæenje,"3,59"
Tortilla XXL,0167774,0.74,740g,Tastino,2.29,,,3.09,4056489506829,Hrana,"2,29"
Namaz za bruschette SK3,0168069,0.19,190g,Deluxe,1.59,,,8.37,4056489516392,Hrana,"1,99"
Balsamico krema SK1,0168074,0.182,150ml,Acentino,1.29,,,8.6,4056489516408,Hrana,"1,29"
Craft pivo SK19,0168115,0.5,"0,5l",-,1.49,,,2.98,4054500140182,Piæe,"1,29"
Lagani snackovi SK8,0168202,0.25,250g,Culinea,2.79,,,11.16,20644376,Hrana,"2,79"
Riža dugog zrna (12-15min),0129568,1,1kg,Golden Sun,,1.49,2.09,1.49,20941697,Hrana,"1,99"
Mozzarella ribana,0129674,0.25,250g,Milbona,2.65,,,10.6,4335619092037,Hrana,"2,65"
Hrana za maèke  SK2,0129743,0.415,415g,Sweet Cat,0.75,,,1.81,20942519,Proizvodi za kuæanstvo,"0,75"
Hrana za maèke  SK2,0129743,0.415,415g,Sweet Cat,0.75,,,1.81,20942526,Proizvodi za kuæanstvo,"0,75"
Windel Adventski kalendar SK15,0130060,0.075,75g,,1.78,,,23.73,4006613002185,Hrana,"1,06"
Windel Adventski kalendar SK15,0130060,0.075,75g,,1.78,,,23.73,4006613002864,Hrana,"1,06"
Claudel/Istara Sirni specijaliteti,0130333,0.195,"150g,200g,220g",,3.19,,,21.27,3023260030720,Hrana,"2,99"
Claudel/Istara Sirni specijaliteti,0130333,0.195,"150g,200g,220g",,3.19,,,15.95,3228024090303,Hrana,"2,99"
Chicken Nuggets XXL,0130338,0.475,475g,Chef Select,4.29,,,9.03,20951320,Hrana,"3,89"
Chicken Nuggets s umakom,0130339,0.3,300g,-,3.49,,,11.63,20915337,Hrana,"3,49"
Grickalice za pse SK1,0130809,0.16,"100g,150g,200g",Orlando,0.89,,,8.9,20971595,Proizvodi za kuæanstvo,"0,89"
Grickalice za pse SK1,0130809,0.16,"100g,150g,200g",Orlando,0.89,,,5.93,20971595,Proizvodi za kuæanstvo,"0,89"
Grickalice za pse SK1,0130809,0.16,"100g,150g,200g",Orlando,0.89,,,8.9,20971601,Proizvodi za kuæanstvo,"0,89"
Grickalice za pse SK1,0130809,0.16,"100g,150g,200g",Orlando,0.89,,,8.9,20971618,Proizvodi za kuæanstvo,"0,89"
Grickalice za pse SK1,0130809,0.16,"100g,150g,200g",Orlando,0.89,,,5.93,20971618,Proizvodi za kuæanstvo,"0,89"
Grickalice za pse SK1,0130809,0.16,"100g,150g,200g",Orlando,0.89,,,4.45,20971618,Proizvodi za kuæanstvo,"0,89"
Sandwich toast,0130856,0.375,375g,Tastino,1.19,,,3.17,20897291,Hrana,"0,99"
Double burger SK1,0130913,0.3,300g,MCENNEDY,3.39,,,11.3,20974961,Hrana,"2,69"
'z bregov Proteinski napitak vanil.,6903398,0.529,"0,5l",,2.49,,,4.98,3850108023602,Hrana,"2,52"
"Franziskaner Pšenièno pivo 5,0%",6903447,0.5,"0,5l",,1.99,,,3.98,4072700003649,Piæe,"1,99"
Multivita Direct SK6,6903521,0.03,30g,,4.59,,,4.59,3858881248601,Hrana,"4,59"
Duracell Basic K5 SK2,6903598,0.095,5komad,,6.49,,,1.3,5000394117815,Proizvodi za kuæanstvo,"6,49"
"Jamnica Gazir. mineral. voda 4x1,5l",6903603,6,"4x1,5l",,3.49,,,0.58,3858890874525,Piæe,"3,49"
"BO Meksièka rolica, 110g",6903630,0.11,110g,,,0.9,0.99,8.18,3858891073156,Hrana,"0,99"
Frondi maxi nougat vafel,6903648,0.25,250g,,2.59,,,10.36,3850102011841,Hrana,"2,45"
Whiskas Hrana za maèke SK,0001024,0.34,4x85g,,2.75,,,8.09,5900951301841,Proizvodi za kuæanstvo,"2,75"
Alpska kobasica rezana,0207365,0.14,140g,Alpenfest,1.49,,,10.64,4335619023253,Hrana,"1,59"
"Kapsule za pranje rublja 3u1, SK1",0207441,0.442,34x13g,Formil,6.49,,,14.68,4335619023659,Sredstva za èišæenje,"6,49"
"Kapsule za pranje rublja 3u1, SK1",0207441,0.442,34x13g,Formil,6.49,,,14.68,4335619023666,Sredstva za èišæenje,"6,49"
Proljetne rolice XXL SK1,0208195,0.6,600g,Chef Select,3.39,,,5.65,4335619032675,Hrana,Nije_bilo_u_prodaji_02.05.2025
Proteinski prutiæ s punjenjem SK1,0208380,0.05,50g,-,1.59,,,31.8,4056489997658,Hrana,"1,59"
Proteinski prutiæ s punjenjem SK1,0208380,0.05,50g,-,1.59,,,31.8,4056489997672,Hrana,"1,59"
Morska sol jodirana,0208836,0.11,110g,Kania,1.79,,,16.27,4335619044326,Hrana,"1,79"
Himalajska sol,0208837,0.1,100g,Kania,1.85,,,18.5,4335619044333,Hrana,"1,85"
Prutiæi za pse SK6,0209887,0.176,16x11g,Orlando,2.29,,,13.01,4056489915218,Proizvodi za kuæanstvo,2.19
"Tuna komadiæi u v. soku, OM: 102g",0209938,0.145,145g,Nixe,1.39,,,13.63,4335619044517,Hrana,"1,09"
XXL Maslac od kikirikija SK1,0210066,1,1kg,Maribel,5.39,,,5.39,4335619047433,Hrana,"5,39"
Keksi s komadiæima èokolade Vegan ,0210408,0.225,225g,Sondey,2.29,,,10.18,4335619057487,Hrana,"1,89"
Pasta za zube Trend SK2,0210471,0.06,100ml,Dentalux,0.85,,,8.5,4056489751090,Kozmetika,"0,85"
Gel za tuširanje 3u1,0210659,0.412,400ml,Cien MEN,1.29,,,3.23,4335619058484,Kozmetika,"1,29"
Gel za tuširanje 3u1,0210659,0.412,400ml,Cien MEN,1.29,,,3.23,4335619058507,Kozmetika,"1,29"
Veganski narezak SK3,0211121,0.125,125g,Vemondo,1.99,,,15.92,4335619063020,Hrana,"1,69"
Koktel 15% SK2,0211643,0.683,"0,7l",,5.49,,,7.84,4304493270848,Piæe,"5,49"
"Käsewelt gouda, cca.3kg",0211915,1,ca. 3kg,,5.99,,,5.99,2802219000000,Hrana,"5,99"
Krema od pistacija SK1,0213033,0.19,190g,Deluxe,3.79,,,19.95,4335619082243,Hrana,"3,79"
Proteinske kuglice SK1,0213123,0.2,200g,Chef Select,2.19,,,10.95,4335619082564,Hrana,"2,79"
"Sendviè keksi Choco Duo, Vegan",0213210,0.5,500g,Sondey,2.29,,,4.58,4335619082946,Hrana,"2,29"
Mini posip za kolaèe SK2,0214044,0.053,"55g,50g",Belbake,1.99,,,36.18,4335619104945,Hrana,Nije_bilo_u_prodaji_02.05.2025
"SweetLife Erythr. / Stev. (0,2%) ",0215179,0.5,500g,,3.49,,,6.98,7640122996367,Hrana,"3,49"
MSC Fish & Chips,0215350,1.1,1100g,Hatherwood,7.49,,,6.81,4335619101234,Hrana,"7,49"
Razlièiti slatkiši ,0215427,0.197,197g,Favorina,5.79,,,29.39,4335619100749,Hrana,"7,99"
MSC Tuna koma. u sun. ulju OM: 112g,0215502,0.16,160g,Nixe,1.19,,,10.63,4335619104624,Hrana,Nije_bilo_u_prodaji_02.05.2025
Milka MMMax badem karamela,0216937,0.3,300g,,3.99,,,13.3,7622210744883,Hrana,Nije_bilo_u_prodaji_02.05.2025
Štapiæi za dentalnu njegu pasa SK1,0216941,0.27,270g,Orlando,1.49,,,5.52,4335619110304,Proizvodi za kuæanstvo,"1,49"
Proteini.si Protein bar Spec. Edi.,6908239,0.05,50g,,1.09,,,21.8,3830081429813,Hrana,"1,15"
Pikant salama,6908256,0.5,500g,Pikok,3.99,,,7.98,4056489925828,Hrana,"3,99"
Kraš Jadro napolitanke,6908323,0.86,860g,,3.99,,,4.64,3850102522514,Hrana,"3,99"
Naturel Mini integralni dvopek XXL,6908366,0.35,350g,,2.99,,,8.54,3858889366352,Hrana,"2,99"
Allegro Ekstra djevièan. masl. ulje,6908401,0.914,1l,,4.89,,,4.89,8437024935377,Hrana,"6,49"
"Toaletni papir 4-sloja, 10x180lis.",6908421,0.2,10x180Blatt,Floralys,3.99,,,0.4,4056489926139,Toaletne potrepštine,"3,69"
Pivac Grill kobasica sa špekom,6908436,0.36,360g,,3.69,,,10.25,3858884999319,Hrana,"4,49"
Lacalut Pasta za zube SK2,6908503,0.092,75ml,,4.29,,,57.2,4016369726358,Kozmetika,"4,29"
Lacalut Pasta za zube SK2,6908503,0.092,75ml,,4.29,,,57.2,4016369728680,Kozmetika,"4,29"
"Podravka Panonska kob, narezak XXL",6908525,0.3,300g,,5.99,,,19.97,3856020272463,Hrana,"5,99"
Losion za tijelo SK7,0098716,0.412,400ml,Cien,2.39,,,5.98,20897307,Kozmetika,"2,39"
Losion za tijelo SK7,0098716,0.412,400ml,Cien,2.39,,,5.98,4056489309055,Kozmetika,"2,39"
Losion za tijelo SK7,0098716,0.412,400ml,Cien,2.39,,,5.98,4335619081055,Kozmetika,"2,39"
BB Krema za lice SK5,0098901,0.052,50ml,Cien,2.64,,,52.8,4056489036258,Kozmetika,2.64
Always Ultra Quattro ulošci SK,0000536,0.165,"40komad,24komad,28komad,20komad",,4.99,,,0.18,8006540211380,Toaletne potrepštine,"4,99"
Always Ultra Quattro ulošci SK,0000536,0.165,"40komad,24komad,28komad,20komad",,4.99,,,0.25,8006540903766,Toaletne potrepštine,"4,99"
Always Dailies Dnevni ulošci SK,0000537,0.123,"52komad,44komad,58komad",,2.99,,,0.07,4015400563846,Toaletne potrepštine,"2,99"
Always Dailies Dnevni ulošci SK,0000537,0.123,"52komad,44komad,58komad",,2.99,,,0.06,4015400563846,Toaletne potrepštine,"2,99"
Always Dailies Dnevni ulošci SK,0000537,0.123,"52komad,44komad,58komad",,2.99,,,0.06,4015400565574,Toaletne potrepštine,"2,99"
Syoss Šampon Anti-dandruf,0000603,0.77,750ml,,6.99,,,9.32,9000101743616,Kozmetika,"6,45"
Ariel kapsule All in One,0000620,0.951,50komad,,19.49,,,0.39,8700216764360,Sredstva za èišæenje,Nije_bilo_u_prodaji_02.05.2025
o.b. ProComfort Tamponi SK1,0000678,0.1,32komad,,6.79,,,0.21,3574661485218,Toaletne potrepštine,"6,49"
Haribo gumeni bomboni SK1,0000701,0.2,200g,,2.45,,,12.25,9002975309509,Hrana,"2,45"
Fa Gel za tuširanje SK4,0000719,0.77,750ml,Henkel,4.99,,,6.65,9000101263916,Kozmetika,"4,99"
Schauma šampon SK2,0000720,0.77,750ml,Henkel,6.99,,,9.32,9000101681185,Kozmetika,"6,99"
Taft sprej za kosu PowerCaffe,0000736,0.305,400ml,Henkel,6.49,,,16.23,4015100810608,Kozmetika,"4,59"
Darling suha pseæa hrana Beef&Veg.,0000739,15,15kg,,23.99,,,1.6,7613032933821,Proizvodi za kuæanstvo,Nije_bilo_u_prodaji_02.05.2025
Perwoll Tekuæi det. Black 40 pranja,0000761,2.058,2l,,8.95,,,0.22,9000101808445,Sredstva za èišæenje,"8,95"
Gillette Britvice Mach3 Sport,0000786,0.4311,10komada,,21.49,,,2.15,8700216193306,Kozmetika,Nije_bilo_u_prodaji_02.05.2025
Gillette Jedno.brit. Blue3 6kom+2gr,0000796,0.09,8komada,,8.19,,,1.02,7702018531783,Kozmetika,Nije_bilo_u_prodaji_02.05.2025
Ledeni èaj breskva,0000801,0.5,"0,5l",Freeway,0.75,,,1.5,4056489271758,Piæe,"0,65"
"Multivitaminsko piæe min. 12,5%",0000803,1.5,"1,5l",-,1.59,,,1.06,4304493259775,Piæe,"1,39"
Old Spice poklon paket Captain,0000807,0.055,"50ml, 250 ml",,9.99,,,39.96,8006530042437,Kozmetika,Nije_bilo_u_prodaji_02.05.2025
Jar Tablete za pranje posuða Platin,0000818,0,114kom,,27.99,,,0.25,8700216253604,Sredstva za èišæenje,Nije_bilo_u_prodaji_02.05.2025
Mlijeèni desert SK21,0001004,0.515,900ml,Bon Gelati,3.99,,,4.43,20127978,Hrana,"3,49"
"Filet lososa s kožom, cca. 200-400g",0124551,1,ca. 200-400g,-,,14.99,19.99,14.99,2895632000000,Hrana,"19,99"
"Filet lososa s kožom, cca. 200-400g",0124551,1,ca. 200-400g,-,,14.99,19.99,14.99,2895639000000,Hrana,"19,99"
Skyr (jogurt) voæni SK1,0125984,0.15,150g,Pilos,0.95,,,6.33,20881085,Hrana,"0,95"
Rumenilo SK5,0126194,0.005,1komad,Cien,2.39,,,2.39,20907990,Kozmetika,"2,39"
Mlijeèna èokolada,0126584,0.3,300g,Fin Carré,4.59,,,15.3,20892296,Hrana,"4,99"
Tamna i bijela èok. s lješnj. SK43,0126770,0.1,100g,Fin Carré,1.99,,,19.9,20303037,Hrana,"1,69"
Sredstvo za èišæenje stakla,0127088,0.991,1l,W5,1.79,,,1.79,4056489135852,Sredstva za èišæenje,"1,79"
Lisnato tijesto divlji losos SK2,0195291,0.3,300g,Deluxe,3.99,,,13.3,4056489905448,Hrana,"3,39"
BO Mini krafna sa èokoladom ,0195806,0.024,24g,,0.35,,,0.35,8590325420017,Hrana,"0,35"
Proteinski namaz SK1,0196240,0.32,320g,Mister Choc,4.49,,,14.03,4056489917939,Hrana,"3,99"
Proteinski namaz SK1,0196240,0.32,320g,Mister Choc,4.49,,,14.03,4056489917946,Hrana,"3,99"
Voæni namazi SK1,0196245,0.26,260g,Vitasia,1.89,,,7.27,4056489917977,Hrana,"1,99"
Voæni namazi SK1,0196245,0.26,260g,Vitasia,1.89,,,7.27,4056489917984,Hrana,"1,99"
Proteinsko pecivo,0196630,0.3,300g,Tastino,1.99,,,6.63,4056489919537,Hrana,"1,99"
Obrok u boci SK4,0196805,0.5,500ml,Pilos,2.99,,,5.98,4304493270299,Hrana,"2,79"
Masline SK20,0196890,0.15,150g,1001 delights,2.29,,,15.27,4056489920090,Hrana,"1,95"
Proteinski puding SK1,0196898,0.15,150g,Milbona,0.99,,,6.6,4056489920045,Hrana,Nije_bilo_u_prodaji_02.05.2025
Listovi za izradu rolica,0197734,0.55,550g,Vitasia,3.79,,,6.89,4056489983897,Hrana,"3,99"
Milch-Schnitte 5er breskva,0198857,0.14,140g,,1.99,,,14.21,80883869,Hrana,"1,99"
Komadiæi èokolade SK6,0199327,0.1,100g,Belbake,2.09,,,20.9,4056489005827,Hrana,"2,49"
Premium pelene mini vel. 2,0199589,0.87,44komad,Lupilu,4.89,,,0.11,4056489947356,Toaletne potrepštine,"4,89"
Premium pelene midi vel. 3,0199590,1.3,54komad,Lupilu,6.99,,,0.13,4056489947363,Toaletne potrepštine,"6,99"
Burger SK1,0200893,0.205,"200g,210g",Chef Select,1.99,,,0.95,4056489962335,Hrana,"1,99"
Žitne kuglice sa èokoladom,0201036,0.5,500g,Crownfield,2.09,,,4.18,4056489963042,Hrana,"1,99"
Kotanyi Quick & Easy SK2,0203026,0.033,"25g,26g,30g,35g,40g",,0.79,,,0.79,9001414037300,Hrana,"0,69"
Kotanyi Quick & Easy SK2,0203026,0.033,"25g,26g,30g,35g,40g",,0.79,,,0.79,9001414237229,Hrana,"0,69"
Double sladoled na štapiæu SK16,0203637,0.288,"4x85ml,4x90ml",Gelatelli,4.49,,,12.47,4335619173262,Hrana,"4,49"
"Svijetlo pivo 4,8%",0204104,0.5,"0,5l",Perlenbacher,0.79,,,1.58,4304493269651,Piæe,"0,99"
Smrznuto voæe XXL SK7,0205394,0.925,"1000g,750g",Freshona,4.99,,,4.99,20535186,Hrana,"4,49"
Smrznuto voæe XXL SK7,0205394,0.925,"1000g,750g",Freshona,4.99,,,6.65,20535193,Hrana,"4,49"
XXL Zaèin za salatu u limenci SK1,0205405,0.154,"140g,155g,160g,165g",Kania,2.39,,,15.42,4335619015210,Hrana,"2,99"
XXL Zaèin za salatu u limenci SK1,0205405,0.154,"140g,155g,160g,165g",Kania,2.39,,,17.07,4335619015234,Hrana,"2,99"
High Protein Napitak od kave,0205572,0.25,250ml,Milbona,1.29,,,5.16,4335619016194,Hrana,"1,19"
Veganski narezak SK6,0206468,0.08,80g,Vemondo,1.29,,,16.13,4335619378605,Hrana,"0,99"
Veganski narezak SK6,0206468,0.08,80g,Vemondo,1.29,,,16.13,4335619378612,Hrana,"0,99"
Pro Vitamin Šampon SK5,0206646,0.413,400ml,Cien,1.99,,,4.98,4056489994145,Kozmetika,"1,99"
Pro Vitamin Šampon 2u1  SK1,0206650,0.413,400ml,Cien,2.09,,,5.23,4335619327948,Kozmetika,"2,09"
Regenerator za kosu SK7,0206654,0.321,330ml,Cien,2.29,,,6.94,4056489994282,Kozmetika,"2,29"
Regenerator za kosu SK7,0206654,0.321,330ml,Cien,2.29,,,6.94,4335619202290,Kozmetika,"2,29"
Zott Belriso desert s rižom SK1,0206722,0.2,200g,,0.69,,,3.45,4014500512266,Hrana,"0,69"
"Lampion L-11, 100g / 35h",5552201,0.58,1komad,-,2.99,,,2.99,4056489715474,Proizvodi za kuæanstvo,"2,99"
"Gel za tuširanje, SK2",5554705,1.025,1l,Cien,1.59,,,1.59,4056489783695,Kozmetika,"1,89"
Tartar umak,5555258,0.37,370g,Kania,1.99,,,5.38,4056489784616,Hrana,"1,99"
Gotovo jelo SK2,5555400,0.4,400g,Kuljanka,2.19,,,5.48,4056489784692,Hrana,"2,19"
Maslac od kikirikija i karamele,5564147,0.35,350g,Maribel,2.59,,,7.4,4335619007642,Hrana,Nije_bilo_u_prodaji_02.05.2025
Kava 3u1 s okusima SK1,5565763,0.17,10x17g,Bellarom,1.69,,,9.94,4335619035089,Piæe,Nije_bilo_u_prodaji_02.05.2025
Voæni sapun SK2,5568852,0.09,90g,Cien,0.35,,,3.89,4335619189492,Kozmetika,"0,35"
Krem sapun SK2,5568858,0.15,150g,Cien,0.79,,,5.27,4335619189539,Kozmetika,Nije_bilo_u_prodaji_02.05.2025
Mirisne luèice SK8 ,5569779,0.214,18komad,-,1.59,,,0.09,4335619141360,Proizvodi za kuæanstvo,"1,59"
"Micelarna voda, tonik za lice SK2",5572059,0.404,400ml,Cien,2.65,,,6.63,4335619191266,Kozmetika,Nije_bilo_u_prodaji_02.05.2025
"Micelarna voda, tonik za lice SK2",5572059,0.404,400ml,Cien,2.65,,,6.63,4335619191273,Kozmetika,Nije_bilo_u_prodaji_02.05.2025
Gel za tuširanje XXL SK2,5579342,1,1000ml,Cien,1.69,,,1.69,4335619298699,Kozmetika,Nije_bilo_u_prodaji_02.05.2025
Osvježivaè zraka cvjetni miris SK8,5581087,0.075,75ml,W5,2.99,,,39.87,4056489813897,Sredstva za èišæenje,Nije_bilo_u_prodaji_02.05.2025
Cappuccino Sticks SK1,5582298,0.156,"10x14,2g, 10x17g",Bellarom,1.69,,,11.9,4056489618744,Piæe,Nije_bilo_u_prodaji_02.05.2025
Cappuccino Sticks SK1,5582298,0.156,"10x14,2g, 10x17g",Bellarom,1.69,,,9.94,4056489618751,Piæe,Nije_bilo_u_prodaji_02.05.2025
Tomme de Montagne Polutvrdi sir,5601549,0.3,300g,,3.69,,,12.3,3271560000756,Hrana,"3,19"
Gotova jela s tjesteninom SK51,0013144,0.75,750g,Chef Select,4.99,,,6.65,20095918,Hrana,Nije_bilo_u_prodaji_02.05.2025
Gotova jela s tjesteninom SK51,0013144,0.75,750g,Chef Select,4.99,,,6.65,4056489961130,Hrana,Nije_bilo_u_prodaji_02.05.2025
Kalifornijske pistacije,0013266,0.25,250g,Alesto,4.29,,,17.16,20005719,Hrana,4.31
Keks s maslacem i mlij. èokoladom,0013346,0.125,125g,Sondey,1.99,,,15.92,20005542,Hrana,"1,89"
Handcooked chips SK2,6903902,0.125,125g,Snack Day,1.29,,,10.32,20251628,Hrana,"1,29"
Aquafresh djeèja pasta za zube SK2,6903927,0.05,50ml,,2.89,,,57.8,3830029292226,Kozmetika,"2,59"
Ahmad èaj Engleski doruèak,6903979,0.04,20x2g,,1.86,,,1.86,0054881005555,Piæe,"1,86"
Nestlé NAN 1,6904054,0.8,800g,,19.49,,,24.36,7613036362238,Hrana,"19,49"
Ferrero keksi punjeni Nutellom,6904070,0.304,304g,,4.49,,,14.77,8000500269589,Hrana,"4,19"
Raffaelo Cubetto,6904073,0.075,75g,,2.69,,,35.87,8000500164242,Hrana,"2,69"
"Kiseli kupus, rezani, OM 435g",6904117,0.5,500g,Okusi zavièaja,0.99,,,2.28,4056489073918,Hrana,"0,89"
"Kiseli kupus glavica, cca. 1kg",6904118,1,ca 1kg,Okusi zavièaja,1.99,,,1.99,2143909000000,Hrana,"1,79"
"Kiseli kupus glavica, cca. 1kg",6904118,1,ca 1kg,Okusi zavièaja,1.99,,,1.99,2891890027165,Hrana,"1,79"
Omekšivaè 80 pranja SK2,0170888,1.998,2l,Doussy,2.99,,,0.04,4056489559252,Sredstva za èišæenje,"2,99"
Omekšivaè 80 pranja SK2,0170888,1.998,2l,Doussy,2.99,,,1.5,4056489982999,Sredstva za èišæenje,"2,99"
Premium masline SK3,0171233,0.15,150g,Deluxe,2.29,,,15.27,4056489554042,Hrana,"1,99"
Kutija za kozmetièke maramice XXL,0171394,0.3,160komada,Cien,1.15,,,0.01,4056489570554,Toaletne potrepštine,"1,15"
Grèki jogurt SK3,0171973,0.5,500g,Milbona,,1.65,2.19,3.3,4056489571155,Hrana,"2,19"
High Protein puding SK8,0172111,0.2,200g,Milbona,1.05,,,5.25,4056489472261,Hrana,"0,99"
Tablete za perilicu posuða,0172345,1.525,"100x15,25g",W5,8.49,,,5.57,4056489580201,Sredstva za èišæenje,"8,99"
Sladoled SK2,0173129,0.37,370g,Deluxe,3.29,,,8.89,4056489641087,Hrana,"3,29"
Sladoled SK2,0173129,0.37,370g,Deluxe,3.29,,,8.89,4056489641100,Hrana,"3,29"
Kremasti umak s vrhnjem,0173202,0.087,3x29g,Kania,0.99,,,11.38,4056489593157,Hrana,Nije_bilo_u_prodaji_02.05.2025
Proteinski kvark XXL SK1,0173558,0.5,500g,Milbona,2.29,,,4.58,4056489601593,Hrana,"2,29"
Proteinski kvark XXL SK1,0173558,0.5,500g,Milbona,2.29,,,4.58,4056489601609,Hrana,"2,29"
Umak 2u1 SK1,0173677,0.19,190g,MCENNEDY,1.79,,,9.42,4056489604426,Hrana,"1,99"
Uskršnja lizalica SK1,7407215,0.02,20g,Favorina,0.79,,,39.5,4056489493266,Hrana,"0,79"
"Toaletni papir, 2sl., parfumirani",7500308,0.605,8komad,Floralys,2.39,,,0.3,20423667,Toaletne potrepštine,"2,39"
Namaz od povræa SK1,7503072,0.115,115g,Vemondo,1.09,,,9.48,4056489067726,Hrana,"1,09"
Èaj od ðumbira SK2,7505446,0.05,"49,5g",Lord Nelson,1.39,,,1.39,4056489332558,Piæe,"1,39"
Tofu XXL SK1,7509037,0.36,2x180g,Vemondo,1.79,,,4.97,4056489529712,Hrana,"1,69"
"Jumbo prženi, neljušteni kikiriki",7509703,0.5,500g,Alesto,2.29,,,4.58,4056489854449,Hrana,"2,29"
Pletenica s èokoladom,7510968,0.6,600g,Duc de Coeur,3.62,,,6.03,4056489855705,Hrana,Nije_bilo_u_prodaji_02.05.2025
Premium punjene datulje SK1,7511270,0.1,100g,Deluxe,3.99,,,39.9,4056489855910,Hrana,"3,99"
Štapiæi od Cheddar sira,7608499,0.08,80g,,1.49,,,18.63,4770299404716,Hrana,"1,49"
"Schupfnudeln, Eierspätzle SK3",7701209,0.5,500g,Chef Select,2.09,,,4.18,20809669,Hrana,"2,09"
Tortelloni/Njoki od krumpira SK7,7701351,0.348,"250g,500g",Combino,1.19,,,4.76,20830977,Hrana,"1,19"
Tortelloni/Njoki od krumpira SK7,7701351,0.348,"250g,500g",Combino,1.19,,,2.38,20830984,Hrana,"1,19"
Extra džem SK2,6904671,0.86,860g,-,2.99,,,3.48,4056489075103,Hrana,"2,99"
Extra džem od smokve SK1,6904678,0.24,240g,Deluxe,1.99,,,8.29,4056489075134,Hrana,"1,99"
Marinirani jadr. inæuni u masl.ulju,6904798,0.1,100g,Okusi zavièaja,2.29,,,22.9,4056489316220,Hrana,"2,89"
Lino Èokolino,6904850,1.4,"1,4kg",,7.49,,,5.35,3856020242176,Hrana,"7,49"
"Kefir 3,5%",6908920,0.33,330g,Pilos,0.79,,,2.39,4056489926580,Hrana,"0,79"
The Pink Stuff Pa. za èišæ. + spuž.,6908921,0.95,1komad,,6.99,,,6.99,5060033823903,Sredstva za èišæenje,"6,99"
Blanširani repovi kozica,6908930,0.2,200g,NAŠA RIBARNICA,4.79,,,23.95,4056489926634,Hrana,"5,79"
BO Nutella Muffin 2kom.,6908933,0.172,172g,,3.89,,,22.62,8000500392935,Hrana,"3,89"
Zlatne Doline Peèena šunka s kožom,6908944,1,cca. 1 kg,,4.99,,,4.99,2606279000000,Hrana,"4,99"
Domaæa dimljena slanina,6908946,0.15,150g,Okusi zavièaja,2.99,,,19.93,4056489926665,Hrana,Nije_bilo_u_prodaji_02.05.2025
"Jaja, razred M, 10kom.",6908999,0.058,10komad,,2.45,,,0.25,3859889611114,Hrana,"2,39"
"Jaja, razred L, 10kom.",6909000,0.068,10komad,,2.89,,,0.29,3859888545090,Hrana,"2,59"
Gallo Riža Arborio,6909008,1,1kg,,3.49,,,3.49,8001420002911,Hrana,"3,49"
Violeta Omekšivaè Lux 62 pranja,6909038,1.55,"1,55l",,2.99,,,1.93,3870128035324,Sredstva za èišæenje,"3,49"
Violeta Omekšivaè Mystic 62 pranja,6909040,1.55,"1,55l",,2.99,,,1.93,3870128039810,Sredstva za èišæenje,"3,49"
Di-Go Svježi kvasac ,6909054,0.042,42g,,0.75,,,17.86,3858887683444,Hrana,"0,75"
Osliæ BG Hubbsi XXL,6909130,0,1200g,Ocean Sea,4.15,,,3.46,4335619246263,Hrana,Nije_bilo_u_prodaji_02.05.2025
Dimljena vratina bk.,6909142,1,"ca. 1,5kg",Pikok,7.49,,,7.49,2809190000000,Hrana,"6,49"
Spirits of Croatia Pelin. Vint. 30%,6909143,0.7,"0,7l",,10.99,,,15.7,3859894287076,Piæe,"10,99"
Pileæa kranjska kobasica,6909149,0.5,500g,Pikok,3.69,,,7.38,4335619246331,Hrana,Nije_bilo_u_prodaji_02.05.2025
Shake Mirisni štapiæi s difuz. SK1,6909174,0.225,1komad,,4.99,,,4.99,3858892142653,Sredstva za èišæenje,"4,99"
Salatmix Bowl SK1,6909215,0.198,"195g,200g",Chef Select,2.99,,,15.33,4335619246232,Hrana,Nije_bilo_u_prodaji_02.05.2025
Mlinci (s jajima),6909232,0.25,250g,Okusi zavièaja,1.09,,,4.36,4335619246485,Hrana,Nije_bilo_u_prodaji_02.05.2025
Bebimil Hrana za dojenèad 4,6909237,0.5,500g,,8.49,,,16.98,9007253000017,Hrana,"8,49"
Sok od rajèice 100%,5508353,1.02,1l,Solevita,0.99,,,0.99,20900564,Piæe,"1,49"
Sok od naranèe,5512330,1.04,1l,Solevita,2.39,,,2.39,20933449,Piæe,1.89
Aranžmani SK1,6908580,1.05,1komad,,12.99,,,12.99,3858889011931,Proizvodi za kuæanstvo,"12,99"
Hippis BIO Snackie Pouch,6908598,0.12,120g,,1.39,,,11.58,4062300325197,Hrana,"1,39"
Jack Daniels Honey Whiskey 40%,6908627,0.7,"0,7l",,18.99,,,27.13,5099873001370,Piæe,"19,99"
Ekos Maxi Kinder kolaè,6908635,0.36,360g,,4.99,,,13.86,3858889619281,Hrana,"4,99"
Ekos mini Zagrebaèke kremšnite,6908639,0.3,300g,,3.89,,,12.97,3858889619229,Hrana,"2,89"
Kravlja skuta,6908665,0.25,250g,Pilos,2.29,,,9.16,4056489926146,Hrana,"1,99"
Edamer,6908670,0.5,500g,,3.69,,,7.38,3859894087201,Hrana,Nije_bilo_u_prodaji_02.05.2025
PERFA Jaja podni uzgoj razred M,6908671,0.87,15komad,,2.25,,,0.15,3859889056908,Hrana,"2,25"
Ira Cvijet ljiljan 50cm,6908714,0.017,1komad,,1.99,,,1.99,3856023039889,Proizvodi za kuæanstvo,"1,99"
Ira Buket Krizantema/Gerber SK2,6908752,0.04,1komad,,2.99,,,2.99,3856023052956,Proizvodi za kuæanstvo,Nije_bilo_u_prodaji_02.05.2025
Lumen Lampion Srce 50h,6908767,0.225,1komad,,1.99,,,1.99,3870634000144,Proizvodi za kuæanstvo,"1,99"
Lumen Lampion multipack 3x100g,6908771,0.24,1komad,,2.49,,,2.49,3870634079003,Proizvodi za kuæanstvo,"3,49"
Cekin Pileæa hrenovka classic XXL,6908774,1.2,"1,2kg",,2.99,,,2.49,3850159121265,Hrana,"2,99"
Colgate pasta za zube Max SK1,6908799,0.134,100ml,,2.99,,,29.9,8718951312722,Kozmetika,"3,29"
Tirolska kobasica,6908865,0.2,200g,Pikok,1.49,,,7.45,4056489926535,Hrana,Nije_bilo_u_prodaji_02.05.2025
Zora Pizza šunka,6908867,0.25,250g,,1.39,,,5.56,3859894087362,Hrana,"1,39"
Tic Tac 100 komada SK1,6908888,0.054,54g,,1.89,,,35,8000500402597,Hrana,"1,99"
Rama Margarin SK1,6908911,0.4,400g,,2.19,,,5.48,8719200265127,Hrana,"1,99"
Kotanyi zaèini SK71,0217856,0.038,"33g,35g,36g,48g",,1.85,,,51.39,9001414041116,Hrana,"2,49"
Kotanyi zaèini SK71,0217856,0.038,"33g,35g,36g,48g",,1.85,,,38.54,9001414041130,Hrana,"2,49"
Kotanyi zaèini SK71,0217856,0.038,"33g,35g,36g,48g",,1.85,,,38.54,9001414041185,Hrana,"2,49"
Korejski pileæi štapiæ,0218329,0.5,500g,Vitasia,5.29,,,10.58,4335619114388,Hrana,"4,61"
Veganska proteinska kaša SK1,0219168,0.06,60g,Crownfield,1.19,,,19.83,4335619127630,Hrana,"1,19"
Kutija s maramicama 300 listova,0220171,0.738,300Blatt,Floralys,3.49,,,0.01,4335619134881,Toaletne potrepštine,Nije_bilo_u_prodaji_02.05.2025
Španjolski sirevi SK1,0220690,1,"ca. 210g,ca. 230g",Meine Käserei,29.99,,,29.99,2896090000000,Hrana,"29,99"
Jermi Sir Old Amsterdam SK2,0220706,1,ca. 220g,,24.99,,,24.99,2845750000000,Hrana,"24,99"
Jermi Sir Old Amsterdam SK2,0220706,1,ca. 220g,,24.99,,,24.99,2845900000000,Hrana,"24,99"
Veganski proteinski jogurt SK1,0221682,0.2,200g,Vemondo,1,,,5,4335619201569,Hrana,Nije_bilo_u_prodaji_02.05.2025
Taco školjkice,0223283,0.158,158g,Let's have a party!,2.29,,,14.49,4335619167049,Hrana,"6,28"
Premium liker tamna èokolada 15%,0223397,0.38,0.35l,Deluxe,7.99,,,22.83,4304493270640,Piæe,Nije_bilo_u_prodaji_02.05.2025
Voæni èaj 30% RA,0223932,0.063,"25x2,5g",Lord Nelson,1.39,,,22.24,4335619171688,Piæe,"1,39"
Sapun za ruke SK5,0224571,0.531,500ml,Cien,1.49,,,2.98,4335619135338,Kozmetika,Nije_bilo_u_prodaji_02.05.2025
Milka MMMax Nuss & Nougat-Creme,0225357,0.3,300g,,3.99,,,13.3,7622200004515,Hrana,Nije_bilo_u_prodaji_02.05.2025
P?o de Ló biskvit torta SK1,5913467,0.5,500g,Sol&Mar,7.99,,,15.98,4335619155626,Hrana,"7,99"
Svježi tortelloni SK4,6000079,0.25,250g,Deluxe,1.69,,,6.76,20284503,Hrana,"1,69"
Namaz od artièoke u suncokr. ulju,6000130,0.18,212ml,Deluxe,1.89,,,8.92,20427856,Hrana,"1,89"
Croissant s pasticcera kremom,6000214,0.5,500g,Italiamo,2.89,,,5.78,20254100,Hrana,"2,89"
"Napolitanke s lješnjakom, RFA",6000266,0.175,175g,Sondey,0.95,,,5.43,20046088,Hrana,"0,99"
Black Angus,6000433,0.08,80g,Deluxe,3.79,,,47.38,20531812,Hrana,"2,49"
Mozzarella od bivoljeg mlijeka,6000474,0.125,125g,Italiamo,1.69,,,13.52,20531805,Hrana,"1,59"
Gorgonzola XXL,6000497,0.3,300g,Milbona,3.79,,,12.63,20098117,Hrana,"3,79"
Pesto od pistacija,6000586,0.19,190g,Deluxe,3.58,,,18.84,20531041,Hrana,"3,58"
Mozzarella od bivoljeg mlijeka,6000720,0.5,500g,Milbona,6.99,,,13.98,20128746,Hrana,"6,99"
Hrana za maèke mousse,1000366,0.34,4x85g,Coshida,2.59,,,7.62,4335619250161,Proizvodi za kuæanstvo,Nije_bilo_u_prodaji_02.05.2025
Granola Super Berry,1000414,0.75,750g,Crownfield,3.99,,,5.32,4335619250598,Hrana,Nije_bilo_u_prodaji_02.05.2025
Tablete za str. pr. posuða 80x12g,1000718,0.96,80x12g,W5,5.99,,,6239.58,4335619257528,Sredstva za èišæenje,Nije_bilo_u_prodaji_02.05.2025
Proteinska ploèica sa èokoladom,1002303,0.05,50g,Sportyfeel,1.29,,,25.8,4335619148482,Hrana,Nije_bilo_u_prodaji_02.05.2025
Keks s lis. badema,1002373,0.3,300g,Favorina,1.39,,,4.63,4335619274983,Hrana,Nije_bilo_u_prodaji_02.05.2025
Krema od maslaca SK1,1003345,0.14,140g,Belbake,1.99,,,14.21,4335619285330,Hrana,Nije_bilo_u_prodaji_02.05.2025
Vege. indijsko gotovo jelo SK1,1003872,0.4,400g,Vitasia,2.79,,,6.98,4335619290068,Hrana,Nije_bilo_u_prodaji_02.05.2025
Proteinska ploèica,1004708,0.05,50g,Sportyfeel,1.29,,,25.8,4335619295667,Hrana,Nije_bilo_u_prodaji_02.05.2025
Tijesto za pizzu XXL,1006129,0.55,550g,Chef Select,1.85,,,3.36,4335619311817,Hrana,Nije_bilo_u_prodaji_02.05.2025
Igraèka s èokoladom,1006650,0.082,82g,Favorina,8.6,,,104.88,4335619317789,Hrana,Nije_bilo_u_prodaji_02.05.2025
Vreæica velika,1007519,0.028,1komad,-,0.15,,,0.15,4335619326682,Proizvodi za kuæanstvo,Nije_bilo_u_prodaji_02.05.2025
BO Fougasse,1007939,0.33,300g,,2.49,,,8.3,4335619328778,Hrana,Nije_bilo_u_prodaji_02.05.2025
Ženski parfem High End Fragrances,1013252,0.042,50ml,Suddenly,5.99,,,119.8,4335619216518,Kozmetika,Nije_bilo_u_prodaji_02.05.2025
Desert u èaši SK4,1013961,0.12,2x60g,Deluxe,2.59,,,21.58,4056489491668,Hrana,Nije_bilo_u_prodaji_02.05.2025
Tofu SK4,1016537,0.18,180g,Vemondo,0.99,,,5.5,4056489067740,Hrana,Nije_bilo_u_prodaji_02.05.2025
Tofu SK4,1016537,0.18,180g,Vemondo,0.99,,,5.5,4056489067788,Hrana,Nije_bilo_u_prodaji_02.05.2025
Ekos Kikiriki torta,6909252,0.78,780g,,9.99,,,12.81,3858889619625,Hrana,"9,99"
Ekos Kolaè Lino Lada Maðarica,6909260,0.42,420g,,5.69,,,13.55,3858889619588,Hrana,"3,99"
Ekos Cheesecake- pistacija torta,6909262,0.9,900g,,18.99,,,21.1,3858889619670,Hrana,"19,99"
Boom Box Smoothie kruška-šljiva,6909267,0.2,200g,,1.89,,,9.45,3856027802007,Hrana,"1,69"
Pavloviæ Aranžman Iva,6909326,0.44,1komad,,6.99,,,6.99,3859889398350,Proizvodi za kuæanstvo,Nije_bilo_u_prodaji_02.05.2025
Cedevita Vitaminska voda limun-nar,6909332,1.5,1.5l,,1.59,,,1.06,3850322017036,Piæe,Nije_bilo_u_prodaji_02.05.2025
Axe Gel za tuširanje SK1,6909341,0.42,400ml,,3.95,,,9.88,54024892,Kozmetika,Nije_bilo_u_prodaji_02.05.2025
Rexona Dezodorans SK1,6909358,0.2,200ml,,4.95,,,24.75,8717163340455,Kozmetika,Nije_bilo_u_prodaji_02.05.2025
Rexona Dezodorans SK1,6909358,0.2,200ml,,4.95,,,24.75,8720181334757,Kozmetika,Nije_bilo_u_prodaji_02.05.2025
Dove Gel za tuširanje SK1,6909369,0.45,450ml,,4.29,,,9.53,8720181468438,Kozmetika,Nije_bilo_u_prodaji_02.05.2025
BO Miješani heljdin kruh bez kvasca,6909395,0.4,400g,,0.99,,,2.48,3858884922065,Hrana,Nije_bilo_u_prodaji_02.05.2025
BO Miješani heljdin kruh bez kvasca,6909395,0.4,400g,,0.99,,,2.48,3858884928517,Hrana,Nije_bilo_u_prodaji_02.05.2025
Lampioni 6/1 multipack,6909426,0.96,6x160g,-,6.49,,,1.08,4335619246614,Proizvodi za kuæanstvo,Nije_bilo_u_prodaji_02.05.2025
Dobro pršut naresci,6909438,0.5,500g,,10.99,,,21.98,3850133800780,Hrana,Nije_bilo_u_prodaji_02.05.2025
Niko Pršut,6909439,0.5,500g,,8.99,,,17.98,3858892820636,Hrana,Nije_bilo_u_prodaji_02.05.2025
Borotalco Men dezodorans Amber,6909448,0.098,150ml,,3.49,,,23.27,8002410044539,Kozmetika,Nije_bilo_u_prodaji_02.05.2025
Obiteljsko pecivo,6909491,0.25,5x50g,Tastino,0.85,,,3.4,4335619246690,Hrana,Nije_bilo_u_prodaji_02.05.2025
Nestlé Nescafe 2u1/3u1,0005074,0.137,"80g, 140g, 155g",,2.99,,,37.38,7613032868505,Piæe,"2,99"
Nestlé Nescafe 2u1/3u1,0005074,0.137,"80g, 140g, 155g",,2.99,,,21.36,7613032921125,Piæe,"2,99"
Nestlé Nescafe 2u1/3u1,0005074,0.137,"80g, 140g, 155g",,2.99,,,37.38,7613033866357,Piæe,"2,99"
Nestlé Nescafe 2u1/3u1,0005074,0.137,"80g, 140g, 155g",,2.99,,,19.29,7613036870115,Piæe,"2,99"
"BO Kruh s krumpirom, 400g",0005083,0.4,400g,,1.15,,,2.88,3859890755845,Hrana,"1,15"
Nemea POP Agiorgitiko ,6200047,0.756,"0,75l",,3.99,,,5.32,4304493257030,Piæe,"3,99"
Jast. punj. sirom od sezam. i origa,6200063,1,1000g,Eridanous,3.99,,,3.99,20146405,Hrana,"3,99"
Motana pita sa špin. i feta sirom,6200134,1,1000g,Eridanous,4.29,,,4.29,20095260,Hrana,"3,99"
Grèki umaci od rajèice SK2,6200695,0.29,290g,Eridanous,2.09,,,7.21,20616472,Hrana,"1,69"
Grèki feta sir,6200776,0.2,200g,Milbona,3.29,,,16.45,20653798,Hrana,"3,29"
Štapiæi od kruha SK8,6204482,0.24,240g,Eridanous,1.79,,,7.46,4056489264767,Hrana,Nije_bilo_u_prodaji_02.05.2025
Crne masline u masl. ulju SK1,6204522,0.25,250g,Eridanous,2.29,,,9.16,20992927,Hrana,"2,29"
Mini pita sa sirom,6206699,0.68,680g,Eridanous,2.49,,,3.66,4056489189602,Hrana,"2,49"
"BO Lovaèki kruh SUS, 400g",0004863,0.4,400g,,1.05,,,2.63,3859890733133,Hrana,"1,05"
"BO Lovaèki kruh SUS, 400g",0004863,0.4,400g,,1.05,,,2.63,4052917312376,Hrana,"1,05"
"Dalmatinska panceta, narezak",0004871,0.1,100g,Okusi zavièaja,2.25,,,22.5,4056489074212,Hrana,"2,25"
"Dalmatinska buðola, narezak",0004872,0.1,100g,Okusi zavièaja,2.59,,,25.9,20539245,Hrana,"2,59"
Domaæi maslac,0004882,0.25,250g,Okusi zavièaja,2.75,,,11,20539344,Hrana,"2,99"
Domaæi maslac,0004882,0.25,250g,Okusi zavièaja,2.75,,,11,4056489611219,Hrana,"2,99"
Knorr Umaci SK1,0004901,0.336,750ml,,1.49,,,0.75,4000400117151,Hrana,"1,49"
Knorr Umaci SK1,0004901,0.336,750ml,,1.49,,,0.5,4000400117700,Hrana,"1,49"
Gel za poslije sunèanja Aloe Vera,0024987,0.254,250ml,Cien Sun,2.49,,,9.96,20546557,Kozmetika,"2,49"
Kremasti sapun SK4,0025359,0.15,150g,Cien,0.79,,,5.27,20229771,Kozmetika,"0,79"
Kremasti sapun SK4,0025359,0.15,150g,Cien,0.79,,,5.27,4056489547181,Kozmetika,"0,79"
Kremasti sapun SK4,0025359,0.15,150g,Cien,0.79,,,5.27,4056489547198,Kozmetika,"0,79"
Pizza-Mozzarella,0025490,0.4,400g,Milbona,,2.49,3.19,6.23,20098179,Hrana,"3,19"
"Siti sort., ins. napitak SK2, 1000g",6905092,1,1000g,Freeway,3.99,,,3.99,4056489074885,Piæe,"3,89"
Dukat b.Aktiv LGG tek. jog. Natur,6905119,2,2x1000g,,3.59,,,1.8,3850354016755,Hrana,"3,99"
Shake Miris za auto SK3,6905246,0.06,1komad,,2.99,,,2.99,3859890779186,Proizvodi za kuæanstvo,"2,99"
Obiteljski svježi kolaèi,6905271,0.33,"330g, 345g",Okusi zavièaja,5.49,,,15.91,4056489316749,Hrana,"5,49"
PP Orahovica Svježi šaran odrezak,6905274,0.45,450g,,,3.59,5.19,7.98,3858889831911,Hrana,"4,99"
"File otkoštenog zabatka, cca. 500g",6905305,1,ca. 500g,Naša mesnica,6.99,,,6.99,2868828000000,Hrana,"6,99"
"Èvrsti jogurt 0,9% m.m.",6905310,0.18,180g,Pilos,0.35,,,1.94,4056489316480,Hrana,"0,35"
Krema za njegu lica SK13,0051058,0.052,50ml,Cien,1.85,,,37,20277246,Kozmetika,"1,75"
Krema za njegu lica SK13,0051058,0.052,50ml,Cien,1.85,,,37,4056489236085,Kozmetika,"1,75"
Èokoladica punjena kikirikijem,0092693,0.05,50g,Mister Choc,0.59,,,11.8,20440275,Hrana,"0,59"
BO Seljaèka štruca,0092777,1,1000g,,1.59,,,1.59,20477035,Hrana,"1,59"
Šampon za kosu Professional SK1,0092853,0.267,250ml,Cien,2.19,,,8.76,4056489235064,Kozmetika,"2,19"
Regenerator za kosu SK1 ,0092854,0.2,200ml,Cien,1.99,,,9.95,20460860,Kozmetika,"2,19"
"Keratin lak za kosu, volumen ",0092855,0.183,250ml,Cien,2.25,,,9,20460877,Kozmetika,"2,25"
Talijanski pesto SK6,0092972,0.19,190g,Deluxe,1.69,,,8.89,4056489204183,Hrana,"2,29"
"Thomy Delikates majoneza tuba, 165g",0009453,0.175,165g,,1.79,,,10.2,7613287084606,Hrana,Nije_bilo_u_prodaji_02.05.2025
MAGGI MAGIC ASIA Noodle Cup Curry,0009455,0.063,63g,,1.49,,,23.65,8445291837621,Piæe,Nije_bilo_u_prodaji_02.05.2025
Airwaves boèica sort. ,0009560,0.064,64g,Mars,3.69,,,57.66,4009900426121,Hrana,"2,59"
Old Spice Gel za tuširanje,0009584,0.421,400ml,,3.85,,,9.63,8001090965615,Kozmetika,"3,85"
Barilla Pesto Genovese,0009598,0.19,190g,Barilla,2.59,,,13.63,8076809513746,Hrana,"2,35"
Milka Choco Dess. Jaffa Jelly M. èo,0009678,0.128,128g,,1.59,,,12.42,7622300479084,Hrana,"1,39"
Milka Djed Božiænjak,0009732,0.045,45g,,1.19,,,1.19,7622210587237,Hrana,"1,39"
Kolutiæi od luka panirani,6600639,0.45,450g,MCENNEDY,1.89,,,4.2,20060039,Hrana,"1,89"
Amerièki sladoled SK16,6601570,0.43,"485ml,500ml",Gelatelli,3.89,,,7.78,4056489626145,Hrana,"3,99"
Punjeni Brie SK10,6601721,0.18,180g,Deluxe,2.49,,,13.83,20771751,Hrana,Nije_bilo_u_prodaji_02.05.2025
Punjeni Brie SK10,6601721,0.18,180g,Deluxe,2.49,,,13.83,4335619041790,Hrana,Nije_bilo_u_prodaji_02.05.2025
Mini Amerièki sladoled SK1,6608650,0.114,150ml,Gelatelli,1.79,,,11.93,4056489374626,Hrana,"1,79"
Mini Amerièki sladoled SK1,6608650,0.114,150ml,Gelatelli,1.79,,,11.93,4056489374633,Hrana,"1,79"
Sladoled vanilija-višnja,6700307,0.46,1l,Ballino,2.59,,,2.59,20403638,Hrana,"2,59"
Hrskavi muesli SK1,6700459,0.35,350g,Crownfield,1.75,,,5,20310622,Hrana,"2,05"
Müsli ploèice malina,6700577,0.03,30g,First Nice,0.29,,,0.29,20231231,Hrana,"0,29"
Franck Cappuccino SK2,6902087,0.143,"112g,144g,160g",,2.59,,,17.5,3858881088313,Piæe,"2,95"
Franck Cappuccino SK2,6902087,0.143,"112g,144g,160g",,2.59,,,16.19,3858881088313,Piæe,"2,95"
Franck Cappuccino SK2,6902087,0.143,"112g,144g,160g",,2.59,,,17.5,3858881088320,Piæe,"2,95"
Kraš Ki-Ki voæna karamela ,6902166,0.1,100g,,1.29,,,12.9,3850102521135,Hrana,"1,29"
Funkcionalni napitak SK1,6909501,0.75,0.75l,Freeway,0.99,,,1.32,4304493260443,Piæe,Nije_bilo_u_prodaji_02.05.2025
Funkcionalni napitak SK1,6909501,0.75,0.75l,Freeway,0.99,,,1.32,4304493260450,Piæe,Nije_bilo_u_prodaji_02.05.2025
BO Kruh iz kalupa,6909519,0.6,600g,,1.59,,,2.65,3856016953666,Hrana,Nije_bilo_u_prodaji_02.05.2025
BO Craft kruh sa buèinim sjemenkama,6909520,0.41,410g,,1.79,,,4.37,4053216316607,Hrana,Nije_bilo_u_prodaji_02.05.2025
BO Beskvasni kruh sa sjemenkama,6909522,0.4,400g,,1.59,,,3.98,3858884929002,Hrana,Nije_bilo_u_prodaji_02.05.2025
Mlijeèni napitak Angel Hair,6909563,0.4,400ml,,1.59,,,3.98,4025500301927,Hrana,Nije_bilo_u_prodaji_02.05.2025
"Pureæa krila, cca 850g",6909576,1,ca. 850g,Naša mesnica,4.19,,,4.19,2846510000000,Hrana,Nije_bilo_u_prodaji_02.05.2025
Ira Vodootporni aranžman SK1,6909588,0.7,1komad,,18.99,,,18.99,3856023057715,Proizvodi za kuæanstvo,Nije_bilo_u_prodaji_02.05.2025
Cekin Pileæe hrenovke,6909594,0.3,300g,,1.99,,,6.63,3850159120022,Hrana,Nije_bilo_u_prodaji_02.05.2025
Ekos green Kiseli kupus glavica,6909637,1,"ca. 1,5kg",,1.99,,,1.99,2133700000000,Hrana,Nije_bilo_u_prodaji_02.05.2025
Ekos green Kiseli kupus glavica,6909637,1,"ca. 1,5kg",,1.99,,,1.99,2133704200000,Hrana,Nije_bilo_u_prodaji_02.05.2025
Ekos green Kiseli kupus glavica,6909637,1,"ca. 1,5kg",,1.99,,,1.99,2133704400000,Hrana,Nije_bilo_u_prodaji_02.05.2025
Ekos green Kiseli kupus glavica,6909637,1,"ca. 1,5kg",,1.99,,,1.99,3859891093328,Hrana,Nije_bilo_u_prodaji_02.05.2025
"Ekos green Kis. kupus, rez. OM 435g",6909638,0.5,500g,,0.99,,,2.28,3859891093304,Hrana,Nije_bilo_u_prodaji_02.05.2025
Fishcultura Osliæ bez glave,6909640,1,1kg,,3.89,,,3.89,3859893912313,Hrana,Nije_bilo_u_prodaji_02.05.2025
Perla Kozica marinirana,6909662,0.21,210g,,4.39,,,20.9,3858892089149,Hrana,Nije_bilo_u_prodaji_02.05.2025
Pivac Okrajci hamburger slanine,6909668,1,cca. 800g,,3.99,,,3.99,2846911000000,Hrana,Nije_bilo_u_prodaji_02.05.2025
Pivac Okrajci hamburger slanine,6909668,1,cca. 800g,,3.99,,,3.99,2846913000000,Hrana,Nije_bilo_u_prodaji_02.05.2025
"Svježa grdobina, oèišæena, cca.500g",6909671,1,cca. 500g,Naša ribarnica,13.99,,,13.99,2846540000000,Hrana,Nije_bilo_u_prodaji_02.05.2025
"Svježa grdobina, oèišæena, cca.500g",6909671,1,cca. 500g,Naša ribarnica,13.99,,,13.99,2846542000000,Hrana,Nije_bilo_u_prodaji_02.05.2025
"File crnog bakalara, svježi",6909673,0.4,400g,Naša ribarnica,5.99,,,14.98,4056489612247,Hrana,Nije_bilo_u_prodaji_02.05.2025
DORINA èokolada speculas,6909681,0.16,160g,,1.99,,,12.44,3850102016358,Hrana,Nije_bilo_u_prodaji_02.05.2025
Svinjski but b.k. komad,6909726,1,"cca. 7,5 kg",Naša mesnica,2.99,,,2.99,2846587000000,Hrana,Nije_bilo_u_prodaji_02.05.2025
Samita jaja S klasa,6909737,0.049,10komad,,1.99,,,0.2,3859888545113,Hrana,Nije_bilo_u_prodaji_02.05.2025
z bregov Protein-mlij. nap. kokos,6909748,0.3,300ml,,1.49,,,4.97,3850108023749,Hrana,Nije_bilo_u_prodaji_02.05.2025
z bregov Protein-ml.pr. nap. èoko.,6909751,0.3,300ml,,1.49,,,4.97,3850108023763,Hrana,Nije_bilo_u_prodaji_02.05.2025
Kebab Seitan,6909758,0.2,200g,,2.99,,,14.95,3859894407207,Hrana,Nije_bilo_u_prodaji_02.05.2025
Faks Deterdžent by Ornel 45 pranja,6909762,2.475,"2,475kg",,11.99,,,4.84,3850105191854,Sredstva za èišæenje,Nije_bilo_u_prodaji_02.05.2025
Lungo XXL,0226128,0.312,3x104g,Bellarom,10.99,,,35.22,4056489494720,Piæe,Nije_bilo_u_prodaji_02.05.2025
Pita SK1,0226407,0.265,"270g,260g",Deluxe,3.09,,,11.88,4335619197701,Hrana,Nije_bilo_u_prodaji_02.05.2025
WC osvježivaè SK1,0227478,0.144,3x48g,W5,2.09,,,14.51,4335619207776,Sredstva za èišæenje,Nije_bilo_u_prodaji_02.05.2025
Sushi Family Tray,0228605,0.463,"462,5g",select & go,7.99,,,17.28,4335619221598,Hrana,"7,99"
GGN/MSC Premium Sushi SK20,0228627,0.178,"168g,178,5g,185g",select & go,4.99,,,29.7,4056489250173,Hrana,"3,79"
Mahune XXL SK1,0229123,0.6,600g,Vitasia,2.59,,,4.32,4335619227279,Hrana,Nije_bilo_u_prodaji_02.05.2025
Antipasti namaz SK8,0229358,0.15,150g,Deluxe,2.79,,,18.6,4056489460367,Hrana,"2,46"
Filolama Primitivo Puglia,0229439,0.75,0.75l,,5.99,,,7.99,8054754892970,Piæe,Nije_bilo_u_prodaji_02.05.2025
Gamberina Duo krema,0229988,0.35,350g,,4.99,,,14.26,4260463470116,Hrana,"5,39"
Mini božiæne figure s èokoladom SK3,0117276,0.125,125g,Favorina,2.39,,,19.12,20697099,Hrana,"1,99"
Mini božiæne figure s èokoladom SK3,0117276,0.125,125g,Favorina,2.39,,,19.12,4056489865513,Hrana,"1,99"
Mini božiæne figure s èokoladom SK3,0117276,0.125,125g,Favorina,2.39,,,19.12,4056489865520,Hrana,"1,99"
Premium bademi SK2,0117329,0.2,200g,Favorina,2.89,,,14.45,20702540,Hrana,"2,99"
Premium bademi SK2,0117329,0.2,200g,Favorina,2.89,,,14.45,20979812,Hrana,"2,99"
Sir Brie XXL,0117425,0.25,250g,Milbona,2.59,,,10.36,20724528,Hrana,"2,25"
Mješavina sireva XXL,0117427,0.5,500g,Milbona,3.89,,,7.78,20724450,Hrana,"4,99"
Vafel s mlijeènom i lješnjak kremom,0117431,0.3,300g,Sondey,2.49,,,8.3,20724252,Hrana,"2,49"
Slani stapiæi XXL,0117437,0.3,300g,Snack Day,0.99,,,3.3,4335619046177,Hrana,"0,99"
Florentiner badem SK2,0117471,0.125,125g,Favorina,2.79,,,22.32,20697273,Hrana,"3,49"
Pommes Frites,0118593,0.75,750g,MCENNEDY,1.99,,,2.65,4056489166702,Hrana,"1,99"
Paprika ljuta rinfuza,0082560,1,1kg,,2.49,,,2.49,,Hrana,"3,99"
Grašak,0082220,1,1kg,,,1.72,2.65,1.72,,Hrana,"2,65"
Mango,0080711,0.552,1komad,,1.29,,,1.29,,Hrana,"1,29"
Soja umak,6600132,0.174,150ml,Vitasia,1.29,,,8.6,,Hrana,"1,29"
Lièi,0080700,1,1kg,,4.99,,,4.99,,Hrana,"4,99"
Parfem SK4,7713745,0.09,90ml,,5.69,,,63.22,,Kozmetika,"5,69"
Craft kobasice SK2,6907584,0.32,320g,Okusi zavièaja,4.69,,,14.66,,Hrana,"4,69"
Kupus bijeli,0082955,1,1kg,,0.59,,,0.59,,Hrana,"0,79"
Pitaja,0080740,1,1kg,,5.99,,,5.99,,Hrana,Nije_bilo_u_prodaji_02.05.2025
Klementina,0080095,1,1kg,,2.79,,,2.79,,Hrana,Nije_bilo_u_prodaji_02.05.2025
Mladi kupus,0082913,1,1kg,,0.99,,,0.99,,Hrana,"1,49"
Grejp,0080040,1,1kg,,1.69,,,1.69,,Hrana,"1,69"
Krastavac,0082225,1,1kg,,2.99,,,2.99,,Hrana,"1,89"
Rama namaz Buttery,6907754,0.4,400g,,1.09,,,2.73,,Hrana,"1,09"
Koraba,0082735,0.35,1komad,,0.69,,,0.69,,Hrana,"0,79"
Krastavac,0083588,1,1kg,,2.99,,,2.99,,Hrana,"1,89"
Praline s mlijeènim punjenjem,5559305,1,ca. 8 kg,,7.19,,,7.19,,Hrana,"7,09"
Oreo Double Creme,0000006,0.157,157g,,1.59,,,10.13,7622210148483,Hrana,"1,39"
Always Ultra higijenski ulošci BA,0000017,0.058,"9 komada, 10 komada, 14 komada",,1.66,,,0.17,4015400931225,Toaletne potrepštine,"1,66"
Always Ultra higijenski ulošci BA,0000017,0.058,"9 komada, 10 komada, 14 komada",,1.66,,,0.17,8001841263854,Toaletne potrepštine,"1,66"
Always Ultra higijenski ulošci BA,0000017,0.058,"9 komada, 10 komada, 14 komada",,1.66,,,0.12,8001841263854,Toaletne potrepštine,"1,66"
"Gazirano piæe cola, 0% šeæera",0000047,2.076,2l,Freeway,0.92,,,0.46,4304493264342,Piæe,"0,92"
Nescafé Cappuccino 8 kom. BA,0000067,0.444,"108g, 112g",,3.99,,,35.63,8445291531581,Piæe,Nije_bilo_u_prodaji_02.05.2025
Nescafé Cappuccino 8 kom. BA,0000067,0.444,"108g, 112g",,3.99,,,36.94,8445291532045,Piæe,Nije_bilo_u_prodaji_02.05.2025
Nescafé Cappuccino 8 kom. BA,0000067,0.444,"108g, 112g",,3.99,,,36.94,8445291532090,Piæe,Nije_bilo_u_prodaji_02.05.2025
Lenor Omekšivaè 60 pranja Sensitiv,0000084,1.8,"1,8l",,5.57,,,0.09,8001841375564,Sredstva za èišæenje,"5,57"
Lenor Omekšivaè F. Wind 60 pranja,0000086,0.84,840ml,,6.85,,,8.15,8006540241233,Sredstva za èišæenje,"6,85"
Heinz ketchup od rajèice Top Up,0000130,0.57,570g,,2.95,,,5.18,8715700421469,Hrana,"2,95"
Heinz ketchup Top Up blagi,0000131,0.875,875ml,,4.19,,,4.79,8715700421483,Hrana,"4,19"
Friskies Hrana za pse pil. & janje.,0000173,0.4,4x100g,Nestlé,2.59,,,6.48,7613036208161,Proizvodi za kuæanstvo,"2,59"
Coca Cola Regular,0000176,0.34,"0,33l",Coca-Cola,1.08,,,3.27,5449000214911,Piæe,"1,08"
Jar deter. za pranje suða Aloe & P.,0000195,1.376,"1,35l",,3.25,,,2.41,8001841009544,Sredstva za èišæenje,"3,49"
Milka Božiæna šalica,0000324,0.1,99g,,6.25,,,63.13,7622202278310,Hrana,"6,99"
Purina One Katzennahrung trocken,0000327,1.5,"1,5kg",,7.99,,,7.99,8445291111301,Proizvodi za kuæanstvo,Nije_bilo_u_prodaji_02.05.2025
Pom-Bär Original,0000364,0.1,100g,,1.79,,,17.9,3856021305238,Hrana,"1,49"
Gillette Fusion Sport brijaè+zam.b.,0000369,0.039,1komad,,15.99,,,15.99,8700216090308,Kozmetika,"15,99"
Head & Shoulders šampon,0000372,0.824,800ml,,6.49,,,8.11,8700216156134,Kozmetika,"6,49"
Felix Fantastic Hrana za maèke,0000378,9.18,18x85g,,8.99,,,5.88,8445290494221,Proizvodi za kuæanstvo,"8,99"
Red Bull Edition White,0000383,0.262,"0,25l",Red Bull,1.39,,,5.56,9002490244071,Piæe,"1,39"
Bref WC Power Aktiv limun,0000395,0.312,6x50g,Henkel,5.99,,,19.97,9000101591965,Sredstva za èišæenje,"5,99"
Nestlé Kit Kat Dark,0000408,0.041,41.5g,,0.99,,,0.99,8445290542311,Hrana,Nije_bilo_u_prodaji_02.05.2025
Old Spice Deostick Wolfthorn,0000438,0.099,85ml,,4.99,,,58.71,8700216879835,Kozmetika,"4,39"
Old Spice Deo Stick Captain,0000440,0.099,85ml,,4.99,,,58.71,8700216879866,Kozmetika,"4,39"
Somat Tabs All in 1 Extra Megapack,0000468,1.245,75komad,Henkel,12.99,,,0.17,9000101809343,Sredstva za èišæenje,"12,99"
Somat Gel Excellence Duo Gigapack ,0000471,1.669,2x684ml,Henkel,15.49,,,11.32,9000101819502,Sredstva za èišæenje,"13,99"
Mineralna voda 7l,0001117,7,7l,Saguaro,1.45,,,0.21,4304493256552,Piæe,"1,45"
Sladoled u kornetu,0001121,0.528,8x120ml,Ballino,3.99,,,4.16,20046408,Hrana,"3,39"
"Pommes Frites, 2,5kg",0001172,2.5,"2,5kg",Harvest Basket,4.89,,,1.96,20008512,Hrana,"4,89"
Kornet jagoda,0001183,0.07,120ml,Ballino,0.59,,,4.92,20980238,Hrana,"0,59"
Sladoled u kornetu - vanilija,0001247,0.074,120ml,Ballino,0.59,,,4.92,20252250,Hrana,"0,59"
Nescafé Classic,0001252,0.2,200g,Nestlé,9.99,,,49.95,7891000088968,Piæe,"8,99"
Minas mljevena kava XXL,0001293,0.6,600g,Bellarom,6.99,,,11.65,20539276,Piæe,"5,99"
Èokolada za kuhanje XXL,0001299,0.5,500g,Fin Carre,4.99,,,9.98,20660765,Hrana,"5,59"
Sanitar Sredstvo za èišæenje SK1,0001311,0.75,750ml,,2.45,,,3.27,3850111502620,Sredstva za èišæenje,"2,09"
Tirolska kobasica,0001393,0.4,400g,Pikok,2.39,,,5.98,20172381,Hrana,"2,39"
Tirolska kobasica,0001393,0.4,400g,Pikok,2.39,,,5.98,20251727,Hrana,"2,39"
Sezam ploèice SK7,0001419,0.081,3x27g,Crownfield,0.49,,,6.05,5907751602604,Hrana,"0,49"
"Lino Lješnjak èokolino, 500g",0001449,0.5,500g,,4.89,,,9.78,3850104227530,Hrana,"4,99"
Carefree Dnevni ulošci sort. SK2,0001496,0.124,56komad,Johnson & Johnson,3.35,,,0.06,3574660322637,Toaletne potrepštine,"3,35"
Carefree Dnevni ulošci sort. SK2,0001496,0.124,56komad,Johnson & Johnson,3.35,,,0.06,3574660322675,Toaletne potrepštine,"3,35"
Carefree Dnevni ulošci sort. SK2,0001496,0.124,56komad,Johnson & Johnson,3.35,,,0.06,3574661552804,Toaletne potrepštine,"3,35"
"Pileæa prsa u ovitku, 500g",0001518,0.5,500g,Pikok,3.69,,,7.38,20158293,Hrana,"3,69"
"Tekuæi jogurt 2,8% m.m.",0001561,1,1kg,Pilos,1.69,,,1.69,20156107,Hrana,"1,89"
"Jogurt èvrsti 3,2% m.m.",0001566,0.18,180g,Pilos,0.37,,,2.06,20660352,Hrana,"0,37"
"Dukat tekuæi jogurt 2,8%, 1kg",0001669,1,1kg,,2.49,,,2.49,3850354001157,Hrana,"2,32"
Bref WC Duo Aktiv Pine,0001690,0.052,50ml,Henkel,2.65,,,53,9000100992138,Sredstva za èišæenje,"2,65"
"Voæni jogurt 1,8%, SK45, SK46",0001798,0.25,250g,Milbona,0.79,,,3.16,20039387,Hrana,"0,79"
"Voæni jogurt 1,8%, SK45, SK46",0001798,0.25,250g,Milbona,0.79,,,3.16,4056489232650,Hrana,"0,79"
Jogurt Duo èokolada SK14,0001804,0.175,175g,Pilos,0.89,,,5.09,20097721,Hrana,"0,89"
Puding od èokolade,0001809,0.2,200g,Pilos,0.45,,,2.25,20002114,Hrana,"0,49"
Ementaler listiæi,0001814,0.15,150g,Milbona,1.99,,,13.27,20002329,Hrana,"1,95"
Sirni narezak 3 vrste,0001821,0.25,250g,Milbona,2.99,,,11.96,4056489203179,Hrana,"2,79"
Gratinirani ribani sir SK12,0001833,0.2,200g,Milbona,1.99,,,9.95,4056489036371,Hrana,"1,59"
Lisnato tijesto,0001856,0.275,275g,Chef Select & You,1.19,,,4.33,20139124,Hrana,"1,19"
Namaz od vrhnja SK21,0001889,0.2,200g,Milbona,,1.09,1.79,5.45,20064457,Hrana,"1,55"
Namaz od vrhnja SK21,0001889,0.2,200g,Milbona,,1.09,1.79,5.45,20201234,Hrana,"1,55"
Svježa pileæa krila,0001915,1,ca. 500g,Naša mesnica,,2.99,4.19,2.99,2891981000000,Hrana,"4,19"
Svježa pileæa krila,0001915,1,ca. 500g,Naša mesnica,,2.99,4.19,2.99,2891988000000,Hrana,"4,19"
"Dim. svinjska koljenica, cca. 1,4kg",0001936,1,"ca. 1,4kg",Pikok,6.99,,,6.99,2113440000000,Hrana,"6,99"
Mesni sir peèen u peænici,0001991,0.4,400g,Dulano,3.99,,,9.98,20126544,Hrana,"3,99"
"Rolana lopatica bez kože cca. 1,3kg",0001994,1,"ca. 1,3kg",Pikok,5.75,,,5.75,2819942000000,Hrana,"5,75"
"Dukat Vrhnje za kuh. 20%, 500g",0002023,0.5,500g,,3.49,,,6.98,3850354017158,Hrana,"3,39"
Delikates mljevena zaèinska paprika,0002085,0.1,100g,Kania,1.69,,,16.9,20098322,Hrana,"1,69"
Nescafé Cappuccino sort.,0002183,0.135,"112g,148g",Nestlé,4.19,,,29.1,5011546477596,Piæe,"4,19"
Nescafé Cappuccino sort.,0002183,0.135,"112g,148g",Nestlé,4.19,,,29.1,5011546477633,Piæe,"4,19"
Nescafé Cappuccino sort.,0002183,0.135,"112g,148g",Nestlé,4.19,,,37.41,7613034641366,Piæe,"4,19"
Nescafé Cappuccino sort.,0002183,0.135,"112g,148g",Nestlé,4.19,,,30.81,7613034641366,Piæe,"4,19"
Nescafé Cappuccino sort.,0002183,0.135,"112g,148g",Nestlé,4.19,,,28.31,7613034641366,Piæe,"4,19"
Nescafé Cappuccino sort.,0002183,0.135,"112g,148g",Nestlé,4.19,,,28.31,7613035440081,Piæe,"4,19"
Pag91 Kuhinjska morska sol sitna,0002214,1,1kg,,0.49,,,0.49,3859888817029,Hrana,"0,49"
Špageti od durum pšenice 500g,0002302,0.5,500g,Combino,0.79,,,1.58,20003463,Hrana,"0,99"
"Gavriloviæ Èajna pašteta, 100g",0002440,0.1,100g,,1.55,,,15.5,3858881221529,Hrana,"1,49"
Dvostruki koncentrat od rajèice,0002492,0.2,200g,Baresa,1.19,,,5.95,20004125,Hrana,"0,99"
Sterilizirani grah borlotti,0002496,0.4,425ml,Freshona,0.59,,,2.46,20009809,Hrana,"0,59"
Sterilizirani grah borlotti,0002496,0.4,425ml,Freshona,0.59,,,2.46,20166052,Hrana,"0,59"
Cikla u kriškama (OM 430g),0002510,0.67,720ml,Freshona,1.45,,,3.37,20004392,Hrana,"1,45"
"Fanta Orange, 0,5l",0002651,0.52,"0,5l",Coca-Cola,1.12,,,2.24,5449000322142,Piæe,"1,12"
Kraš Napolitanke s èok. punj. 840g,0002760,0.84,840g,,4.99,,,5.94,3850102322831,Hrana,"4,99"
Kraš Napolitanke s èok. punj. 840g,0002760,0.84,840g,,4.99,,,5.94,3850102326198,Hrana,"4,99"
"Kikiriki, prženi i slani",0002800,0.5,500g,Alesto,2.79,,,5.58,20054793,Hrana,"2,79"
Airwaves žvakaæe gume SK2,0002906,0.014,14g,Mars,0.99,,,0.99,42101925,Hrana,"0,99"
Milka Èokolada sort.,0002911,0.279,"250g, 276g, 300g",,5.99,,,23.96,7622200004607,Hrana,"5,99"
Milka Èokolada sort.,0002911,0.279,"250g, 276g, 300g",,5.99,,,21.7,7622200009084,Hrana,"5,99"
Milka Èokolada sort.,0002911,0.279,"250g, 276g, 300g",,5.99,,,21.7,7622202258312,Hrana,"5,99"
Milka Èokolada sort.,0002911,0.279,"250g, 276g, 300g",,5.99,,,19.97,7622210273369,Hrana,"5,99"
Milka Èokolada sort.,0002911,0.279,"250g, 276g, 300g",,5.99,,,19.97,7622210683724,Hrana,"5,99"
Milka Èokolada sort.,0002911,0.279,"250g, 276g, 300g",,5.99,,,23.96,7622400904608,Hrana,"5,99"
"Biskvit SK2, SK13, SK20, SK23 400g",0002940,0.4,400g,Confiserie Firenze,2.49,,,6.23,20139780,Hrana,"2,69"
"Biskvit SK2, SK13, SK20, SK23 400g",0002940,0.4,400g,Confiserie Firenze,2.49,,,6.23,4335619203211,Hrana,"2,69"
"Jumbo biskvit, SK5, SK8",0002942,0.6,600g,Confiserie Firenze,3.19,,,5.32,20139827,Hrana,"2,99"
"Biskvit rolada SK3, 300g",0002945,0.3,300g,Tastino,1.59,,,5.3,20223205,Hrana,"1,59"
"Biskvit rolada SK3, 300g",0002945,0.3,300g,Tastino,1.59,,,5.3,20223212,Hrana,"1,59"
"Cedevita Instant nap. naranèa, 1kg",0003013,1,1000g,,6.69,,,6.69,3850322003442,Piæe,"6,39"
Potpuna hrana za pse SK1,0003024,10,10kg,Orlando,11.89,,,1.19,20100179,Proizvodi za kuæanstvo,"11,89"
Potpuna suha hrana za pse s inulin.,0003025,3,3kg,Orlando Gourmet,5.49,,,1.83,20100186,Proizvodi za kuæanstvo,"5,49"
Šampon za svakodne. pranje kose SK6,0003034,0.515,500ml,Cien,1.39,,,2.78,20072872,Kozmetika,"1,39"
Šampon za svakodne. pranje kose SK6,0003034,0.515,500ml,Cien,1.39,,,2.78,4056489235613,Kozmetika,"1,39"
Šampon za svakodne. pranje kose SK6,0003034,0.515,500ml,Cien,1.39,,,2.78,4056489815570,Kozmetika,"1,39"
Pjena za kosu SK8,0003050,0.22,250ml,Cien,1.33,,,5.32,20302061,Kozmetika,1.33
Lak za kosu SK11,0003054,0.31,400ml,Cien,1.98,,,4.95,20160418,Kozmetika,1.98
Lak za kosu SK11,0003054,0.31,400ml,Cien,1.98,,,4.95,20220426,Kozmetika,1.98
Lak za kosu SK11,0003054,0.31,400ml,Cien,1.98,,,4.95,20398644,Kozmetika,1.98
Lak za kosu SK11,0003054,0.31,400ml,Cien,1.98,,,4.95,4335619012097,Kozmetika,1.98
"Cedevita Instant nap., SK5, 200g",0003086,0.2,200g,,2.19,,,10.95,3850322003534,Piæe,"2,09"
"Cedevita Instant nap., SK5, 200g",0003086,0.2,200g,,2.19,,,10.95,3850322003541,Piæe,"2,09"
"Cedevita Instant nap., SK5, 200g",0003086,0.2,200g,,2.19,,,10.95,3850322007099,Piæe,"2,09"
Pjena za brijanje sensitive,0003108,0.294,300ml,Cien MEN,1.59,,,5.3,20081577,Kozmetika,"1,59"
Losion poslije brijanja SK15,0003114,0.092,100ml,Cien MEN,2.39,,,23.9,20043698,Kozmetika,"2,39"
"Tekuæina za ispiranje usta, SK15",0003125,0.508,500ml,Dentalux,1.45,,,2.9,20258030,Kozmetika,"1,45"
"Tekuæina za ispiranje usta, SK15",0003125,0.508,500ml,Dentalux,1.45,,,2.9,20258054,Kozmetika,"1,45"
"Tekuæina za ispiranje usta, SK15",0003125,0.508,500ml,Dentalux,1.45,,,2.9,20964955,Kozmetika,"1,45"
Tekuæe sred. za osvjež. WC-a SK23,0003185,0.165,3x55ml,W5,1.45,,,8.79,20054700,Sredstva za èišæenje,"1,45"
Sredstvo za èišæenje masnoæa SK12,0003191,0.753,750ml,W5,1.99,,,2.65,20135591,Sredstva za èišæenje,"1,99"
Sredstvo za èišæenje masnoæa SK12,0003191,0.753,750ml,W5,1.99,,,2.65,4056489127611,Sredstva za èišæenje,"1,99"
Djeèje vlažne maramice,0003242,0.385,80komad,Lupilu,1.15,,,0.01,20282172,Toaletne potrepštine,"1,09"
Kondomi od prirodnog lateksa SK1,0003281,0.013,12komad,Mondos,1.89,,,0.16,20193737,Toaletne potrepštine,"1,89"
Univerzalne krpe,0003302,0.115,2komad,W5,1.29,,,0.65,4056489672579,Proizvodi za kuæanstvo,"1,19"
Spiralna žica od neh. èelika,0003308,0.08,4komad,W5,0.7,,,0.18,4052917563815,Proizvodi za kuæanstvo,"0,7"
Mop - nastavak za èišæenje podova ,0003310,0.098,1komad,W5,1.79,,,1.79,20039172,Proizvodi za kuæanstvo,"1,79"
Spužva za masiranje SK1,0003311,0.009,1komad,Cien,0.65,,,0.65,20059910,Proizvodi za kuæanstvo,"0,65"
Nola elektronski upaljaè,0003316,0.049,3komad,,1.09,,,0.36,4004753906097,Proizvodi za kuæanstvo,"1,09"
"Alkalna baterija 1,5 V AAA",0003331,0.098,8komad,Aerocell,1.99,,,0.25,4056489847649,Proizvodi za kuæanstvo,"1,99"
"Studenac Gazirana mine. voda, 1,5l",0003465,1.5,"1,5l",,0.89,,,0.59,3856022300836,Piæe,"0,89"
"Kinder Bueno 3 pack, 3x43g",0003606,0.129,3x43g,,3.49,,,27.05,4008400320328,Hrana,"3,19"
Cola gazirano piæe sa sladilom,0003609,2,2l,Freeway,0.99,,,0.5,4304493259249,Piæe,"0,89"
Palette Int. Color Creme boja SK4,0003664,0.11,1komad,Henkel,4.25,,,4.25,3838824159751,Kozmetika,"5,25"
Palette Int. Color Creme boja SK4,0003664,0.11,1komad,Henkel,4.25,,,4.25,3838824218557,Kozmetika,"5,25"
Palette Int. Color Creme boja SK4,0003664,0.11,1komad,Henkel,4.25,,,4.25,3838824307480,Kozmetika,"5,25"
Palette Int. Color Creme boja SK4,0003664,0.11,1komad,Henkel,4.25,,,4.25,3838824350592,Kozmetika,"5,25"
Axe Dezodorans u spreju Africa,0003696,0.15,150ml,,4.89,,,32.6,5000228015874,Kozmetika,"4,55"
Axe Dezodorans u spreju Africa,0003696,0.15,150ml,,4.89,,,32.6,8712561249393,Kozmetika,"4,55"
Axe Dezodorans u spreju Africa,0003696,0.15,150ml,,4.89,,,32.6,8718114156828,Kozmetika,"4,55"
Axe Dezodorans u spreju Africa,0003696,0.15,150ml,,4.89,,,32.6,8718114650708,Kozmetika,"4,55"
Dj. èetkica za zube,0003757,0.039,2komad,Dentalux,0.89,,,0.45,20104269,Kozmetika,"0,89"
Mlijeèna èokolada s cijelim lješnj.,0003777,0.1,100g,Fin Carré,1.49,,,14.9,20005771,Hrana,"1,49"
Talijanski umaci SK8,0003805,0.42,400ml,Combino,1.79,,,4.48,20037154,Hrana,"1,79"
Talijanski umaci SK8,0003805,0.42,400ml,Combino,1.79,,,4.48,20037161,Hrana,"1,79"
Topljeni sir u kadicama SK18,0003834,0.2,200g,Milbona,1.89,,,9.45,4056489117537,Hrana,"1,89"
Èokoladni vafli SK10,0003869,0.125,125g,Sondey,1.99,,,15.92,20113742,Hrana,"1,69"
"Bellarom Minas mljevena kava, 200g",0003892,0.2,200g,Bellarom,3.49,,,17.45,4056489317753,Piæe,"3,19"
Pesto SK17,0003914,0.19,190g,Baresa,1.85,,,9.74,20069490,Hrana,"1,85"
Pesto SK17,0003914,0.19,190g,Baresa,1.85,,,9.74,20114138,Hrana,"1,85"
Pesto SK17,0003914,0.19,190g,Baresa,1.85,,,9.74,4056489129677,Hrana,"1,85"
Tvrdi bomboni u limenci SK7,0003929,0.2,200g,Sweet Corner,1.79,,,8.95,20078676,Hrana,"1,59"
Pro-Vitamin Šampon 2u1 SK3,0003948,0.311,300ml,Cien,1.49,,,4.97,20189037,Kozmetika,"1,49"
Pro-Vitamin Šampon 2u1 SK3,0003948,0.311,300ml,Cien,1.49,,,4.97,20253998,Kozmetika,"1,49"
"Trajno mlijeko 3,5%",0003978,1.03,1l,Pilos,1.09,,,1.09,20036768,Hrana,"1,05"
Kinder Milchschnitte 5x28g,0004450,0.14,5x28g,,3.39,,,24.21,40084794,Hrana,"2,99"
Old Spice Deo stick,0004454,0.056,50ml,,3.85,,,77,4084500479821,Kozmetika,"3,85"
Old Spice Deo stick,0004454,0.056,50ml,,3.85,,,77,4084500940383,Kozmetika,"3,85"
"Schweppes Tangerine, 1,5l",0004498,1.5,"1,5l",Coca-Cola,2.23,,,1.49,5449000044730,Piæe,"2,19"
Orbit Žvakaæe gume u boèici sort.,0004521,0.064,64g,,2.89,,,45.16,4009900550215,Hrana,"2,59"
Monster Energetski napitak Hamilton,0004540,0.5,"0,5l",Coca-Cola,1.59,,,3.18,5060896629490,Piæe,"1,59"
Johnson's Baby Ulje/Losion sort. ,0004627,0.5,500ml,,6.19,,,12.38,3574661425696,Kozmetika,"6,19"
"Mallow Cocktail, 300g",0004840,0.3,300g,Sweet Corner,1.99,,,6.63,5411178851595,Hrana,"1,99"
"Kviki Grickalice, SK1",0004962,0.13,130g,,1.29,,,9.92,3850104239618,Hrana,"1,29"
Edamer komad,0004985,0.25,250g,Pilos,2.69,,,10.76,5900120066144,Hrana,"2,69"
Argeta Pašteta od tune 3x95g,0005122,0.285,3x95g,,4.99,,,17.51,3838471033190,Hrana,"4,99"
Argeta Pašteta od tune 3x95g,0005122,0.285,3x95g,,4.99,,,17.51,3838975567207,Hrana,"4,99"
Argeta Riblja pašteta SK1,0005139,0.095,95g,,1.99,,,20.95,3838471052313,Hrana,"1,99"
Pivac Chardonnay,0005351,1.985,2l,,2.89,,,1.45,3858884994895,Piæe,"2,89"
"Salvete, 1-slojne",0005375,0.166,100komad,Floralys,0.79,,,0.01,20114510,Toaletne potrepštine,"0,79"
"Svježa koljenica, cca. 1,5kg",0005393,1,"ca. 1,5kg",Naša mesnica,2.59,,,2.59,2853930000000,Hrana,"2,65"
Fileti haringe u ulju,0005434,0.17,170g,Nixe,1.49,,,8.76,20052942,Hrana,"1,39"
Evropa Bombon Noire,0005508,0.1,100g,,0.65,,,6.5,5310002360749,Hrana,"0,79"
Svježa pileæa jetra i srca,0005595,0.5,500g,Naša mesnica,1.59,,,3.18,3859890764120,Hrana,"1,59"
Svježi pileæi filet,0005607,1,ca. 500g,Naša mesnica,7.39,,,7.39,2891922000000,Hrana,"7,39"
Svježi pileæi filet,0005607,1,ca. 500g,Naša mesnica,7.39,,,7.39,2891928000000,Hrana,"7,39"
"Coca Cola 5+1 gratis, 6x0,33l",0005627,2.06,"6x0,33l",Coca-Cola,5.19,,,3.15,5000112619324,Piæe,"5,25"
Axe gel za tuširanje sort.,0005639,0.257,250ml,,2.49,,,9.96,42153184,Kozmetika,"2,99"
Axe gel za tuširanje sort.,0005639,0.257,250ml,,2.49,,,9.96,42182597,Kozmetika,"2,99"
Axe gel za tuširanje sort.,0005639,0.257,250ml,,2.49,,,9.96,42182757,Kozmetika,"2,99"
Axe gel za tuširanje sort.,0005639,0.257,250ml,,2.49,,,9.96,8710447276600,Kozmetika,"2,99"
Axe gel za tuširanje sort.,0005639,0.257,250ml,,2.49,,,9.96,8710908080029,Kozmetika,"2,99"
Axe gel za tuširanje sort.,0005639,0.257,250ml,,2.49,,,9.96,8711700719308,Kozmetika,"2,99"
"Skuša fileti u ulju, arom.",0005718,0.17,170g,Nixe,1.69,,,9.94,20154455,Hrana,"1,59"
Tic Tac SK5,0005761,0.018,18g,,0.79,,,0.79,42378563,Hrana,"0,79"
Tic Tac SK5,0005761,0.018,18g,,0.79,,,0.79,80816652,Hrana,"0,79"
"Violeta Toaletni papir, 2-sl., 8/1",0005795,0.409,8x110Blatt,,2.35,,,0.29,3870128000186,Toaletne potrepštine,"2,35"
Jetrena pašteta SK37,0005881,0.15,150g,Pikok,0.99,,,6.6,20363918,Hrana,"0,99"
Sensodyne Pasta za zube SK2,0005894,0.075,75ml,,5.95,,,79.33,5054563186904,Kozmetika,"3,95"
Schauma šampon sort.,0005896,0.52,400ml,,3.17,,,7.93,3838824138923,Kozmetika,"3,17"
Schauma šampon sort.,0005896,0.52,400ml,,3.17,,,7.93,3838824351483,Kozmetika,"3,17"
Schauma šampon sort.,0005896,0.52,400ml,,3.17,,,7.93,4015000910859,Kozmetika,"3,17"
Schauma šampon sort.,0005896,0.52,400ml,,3.17,,,7.93,4015100216530,Kozmetika,"3,17"
"Orbit White žvakaæe gume sort., 14g",0005954,0.014,14g,Mars,0.99,,,0.99,42069980,Hrana,"0,99"
"Orbit White žvakaæe gume sort., 14g",0005954,0.014,14g,Mars,0.99,,,0.99,42113164,Hrana,"0,99"
Nivea Dezodorans roler SK1,0005958,0.052,50ml,,3.95,,,79,42241553,Kozmetika,"3,95"
Nivea Dezodorans roler SK1,0005958,0.052,50ml,,3.95,,,79,42242154,Kozmetika,"3,95"
Energy Drink Classic,0005976,0.52,"0,5l",Kong Strong,1.2,,,2.4,20420673,Piæe,"1,2"
Energy Drink Classic,0005976,0.52,"0,5l",Kong Strong,1.2,,,2.4,4304493257108,Piæe,"1,2"
"Ferrero Mon Cheri 157,2g",0005998,0.157,"157,2g",,3.59,,,22.84,4008400102528,Hrana,"3,99"
"BO Graham pecivo SUS, 55g",0006081,0.055,55g,,0.16,,,2.91,3859890771395,Hrana,"0,17"
"BO Graham pecivo SUS, 55g",0006081,0.055,55g,,0.16,,,2.91,3859890771777,Hrana,"0,17"
Autan Family Care sprej,0006224,0.12,100ml,,7.99,,,79.9,8002030142639,Proizvodi za kuæanstvo,"7,99"
Raid Sprej protiv muha i komaraca,0006230,0.409,400ml,,5.39,,,13.48,8711800118506,Proizvodi za kuæanstvo,"5,39"
"Jack Daniels Tennessee Whiskey, 40%",0006251,0.7,"0,7l",,24.22,,,34.6,5099873245910,Piæe,"24,22"
"Graševina, kvalit. bijelo vino, BB",0006282,2.958,3l,Winemakers of Croatia,11.99,,,4,20538163,Piæe,"11,99"
Ritter Sport SK17,0006343,0.1,100g,Ritter,2.39,,,23.9,4000417024008,Hrana,"1,79"
Ritter Sport SK17,0006343,0.1,100g,Ritter,2.39,,,23.9,4000417224002,Hrana,"1,79"
Ritter Sport SK17,0006343,0.1,100g,Ritter,2.39,,,23.9,4000417302007,Hrana,"1,79"
Ritter Sport SK17,0006343,0.1,100g,Ritter,2.39,,,23.9,4000417308009,Hrana,"1,79"
Bircher Muesli,0006442,1,1kg,Alpenfest,2.99,,,2.99,20413651,Hrana,"2,89"
"Svježa pileæa leða, cca. 750g",0006457,1,ca. 750g,Naša mesnica,1.69,,,1.69,2852031000000,Hrana,"1,69"
"Svježa pileæa leða, cca. 750g",0006457,1,ca. 750g,Naša mesnica,1.69,,,1.69,2852034000000,Hrana,"1,69"
"Svježa pileæa leða, cca. 750g",0006457,1,ca. 750g,Naša mesnica,1.69,,,1.69,2891135000000,Hrana,"1,69"
Danone Actimel BA 4x100g,0006461,0.4,4x100g,Danone,1.59,,,3.98,5997536110356,Hrana,"1,59"
Danone Actimel BA 4x100g,0006461,0.4,4x100g,Danone,1.59,,,3.98,8595002107182,Hrana,"1,59"
"Svježa pileæa prsa, bk sk, cca 500g",0006488,1,ca. 500g,Naša mesnica,5.99,,,5.99,2891140000000,Hrana,"5,89"
Svježi pileæi batak,0006489,1,ca. 500g,Naša mesnica,4.09,,,4.09,2136970000000,Hrana,"4,09"
Èešnjovka/Dalm. kobasica SK4,0006587,0.2,200g,Okusi zavièaja,,2.09,2.89,10.45,20492526,Hrana,"2,89"
"Cvjetni med, 450g",0006631,0.45,450g,Okusi zavièaja,3.98,,,8.84,4056489610908,Hrana,"3,98"
"Senf èašica, 400g",0006674,0.4,400g,Kania,0.89,,,2.23,20078294,Hrana,"0,89"
"Svježi pileæi zabatak, cca. 500g",0006675,1,ca. 500g,Naša mesnica,4.09,,,4.09,2137107000000,Hrana,"4,09"
"Svježi pileæi zabatak, cca. 500g",0006675,1,ca. 500g,Naša mesnica,4.09,,,4.09,2852042000000,Hrana,"4,09"
"Svježi pileæi zabatak, cca. 500g",0006675,1,ca. 500g,Naša mesnica,4.09,,,4.09,2852047000000,Hrana,"4,09"
"Svježi pileæi zabatak, cca. 500g",0006675,1,ca. 500g,Naša mesnica,4.09,,,4.09,2891974000000,Hrana,"4,09"
"Svježi pileæi zabatak, cca. 500g",0006675,1,ca. 500g,Naša mesnica,4.09,,,4.09,2891976000000,Hrana,"4,09"
"Nutella, 1kg",0006686,1,1kg,,9.99,,,9.99,8000500082379,Hrana,"9,49"
Gillette Pjena za brijanje sort.,0006712,0.196,200ml,,2.89,,,14.45,7702018094455,Kozmetika,"2,89"
"Pileæi mix za juhu, cca. 500g",0006735,1,ca. 500g,Naša mesnica,2.99,,,2.99,2136949000000,Hrana,"2,69"
Nivea Sun Djeèji losion ZF50+,0007522,0.2,200ml,,15.99,,,79.95,4005808439836,Kozmetika,"15,99"
Air Wick Fresh Matic Refill SK2,0008404,0.17,250ml,,6.69,,,26.76,3059943009042,Sredstva za èišæenje,"6,69"
Air Wick Fresh Matic Refill SK2,0008404,0.17,250ml,,6.69,,,26.76,5011417541807,Sredstva za èišæenje,"6,69"
Air Wick Fresh Matic Refill SK2,0008404,0.17,250ml,,6.69,,,26.76,5900627055184,Sredstva za èišæenje,"6,69"
Air Wick Fresh Matic Refill SK2,0008404,0.17,250ml,,6.69,,,26.76,5999109544179,Sredstva za èišæenje,"6,69"
"Jaja razred M, klasa A, 30 komada",0008481,1.74,30komad,,4.59,,,0.15,3859890611189,Hrana,"4,59"
"Jaja razred M, klasa A, 30 komada",0008481,1.74,30komad,,4.59,,,0.15,4056489610625,Hrana,"4,59"
"Vreæice za zamrzavanje, SK1",0008485,0.115,"26komad,38komad,50komad",Aromata,0.89,,,0.89,20476496,Proizvodi za kuæanstvo,"0,79"
Bijelo brašno pšenièno XXL,0008900,2,2kg,Belbake,1.15,,,0.58,20398798,Hrana,"1,15"
"Cabernet Sauvignon, kval. crno vino",0008926,0.743,"0,75l",Winemakers of Croatia,5.49,,,7.32,4304493256668,Piæe,"5,49"
"Graševina, kvalitetno bijelo vino",0008927,0.75,"0,75l",Winemakers of Croatia,5.49,,,7.32,4304493256675,Piæe,"5,49"
Æevapèiæi,0009069,0.5,500g,Naša mesnica,3.79,,,7.58,20315573,Hrana,"3,79"
Pepsi Zero,0009265,2,2l,Pepsi,1.85,,,0.93,3830065020364,Piæe,"1,85"
Lampion SK7,0009364,0.29,290g,-,1.99,,,1.99,20251642,Proizvodi za kuæanstvo,"1,99"
"Petit keks, 1000g",0009403,1,1000g,Sondey,2.49,,,2.49,20263836,Hrana,"2,59"
Gel za kosu za muškarce SK13,0009855,0.15,"150ml,200ml",Cien,1.79,,,11.93,20336752,Kozmetika,"1,79"
Gel za kosu za muškarce SK13,0009855,0.15,"150ml,200ml",Cien,1.79,,,8.95,20336769,Kozmetika,"1,79"
Gel za kosu za muškarce SK13,0009855,0.15,"150ml,200ml",Cien,1.79,,,8.95,4056489442127,Kozmetika,"1,79"
"Èoko vafli classic, UTZ, RFA",0009858,0.04,40g,Sondey,0.39,,,0.39,4056489357865,Hrana,"0,39"
"Minas mljevena kava, 200g",0009877,0.2,200g,-,3.29,,,16.45,20278311,Piæe,"2,79"
3_TEST GOGA_2301 test,0009999,0.156,1,TEST EURO_2301,0.55,,,0.02,97000864,Hrana,"0,84"
3_TEST GOGA_2301 test,0009999,0.156,1,TEST EURO_2301,0.55,,,0.02,97000865,Hrana,"0,84"
"Alpska šunka u komadu, cca. 600g",0010237,1,ca. 600g,Alpenfest,12.69,,,12.69,2228881000000,Hrana,"12,69"
"Alpska šunka u komadu, cca. 600g",0010237,1,ca. 600g,Alpenfest,12.69,,,12.69,2510237000000,Hrana,"12,69"
Umak od rajèice,0010874,0.5,500g,Combino,2.19,,,4.38,20003920,Hrana,"2,19"
Umak od rajèice,0010874,0.5,500g,Combino,2.19,,,4.38,4056489225676,Hrana,"2,19"
Umak od rajèice,0010874,0.5,500g,Combino,2.19,,,4.38,4056489488460,Hrana,"2,19"
Potatoe wedges - Pekarski krumpir,0011314,0.75,750g,Harvest Basket,2.19,,,2.92,20047900,Hrana,"2,19"
Salatna majoneza 50%,0011318,0.494,500ml,Kania,2.49,,,4.98,20013554,Hrana,"2,49"
Narezana salama SK35,0011808,0.125,125g,Dulano,2.29,,,18.32,20048402,Hrana,"2,19"
Narezana salama SK35,0011808,0.125,125g,Dulano,2.29,,,18.32,20150969,Hrana,"2,19"
Kuhana šunka tanko narezana XXL SK4,0011882,0.4,400g,Dulano,4.29,,,10.73,20015473,Hrana,"4,29"
Mljeveni crni papar,0012046,0.05,50g,Kania,1.29,,,25.8,20000318,Hrana,"1,29"
"MSC Riblji štapiæi, 15 komada",0012139,0.45,450g,Ocean Sea,3.99,,,8.87,20155087,Hrana,"3,99"
MSC Fileti haringe u umaku SK20,0012408,0.2,200g,Nixe,1.49,,,7.45,4056489431053,Hrana,"1,49"
Pizza margherita,0012473,0.9,3x300g,Trattoria Alfredo,5.19,,,5.77,4056489443025,Hrana,"5,29"
Premium jogurt SK15,0012564,0.15,150g,Milbona,1.09,,,7.27,20046880,Hrana,"1,09"
Premium jogurt SK15,0012564,0.15,150g,Milbona,1.09,,,7.27,20046897,Hrana,"1,09"
Premium jogurt SK15,0012564,0.15,150g,Milbona,1.09,,,7.27,4056489516736,Hrana,"1,09"
Premium jogurt SK15,0012564,0.15,150g,Milbona,1.09,,,7.27,4056489516767,Hrana,"1,09"
Domino kocke,0012716,0.25,250g,Favorina,2.69,,,10.76,20036232,Hrana,"2,79"
Èokoladna srca punjena SK4,0012795,0.3,300g,Favorina,2.89,,,9.63,20036171,Hrana,"3,49"
Èokoladna srca punjena SK4,0012795,0.3,300g,Favorina,2.89,,,9.63,20154691,Hrana,"3,49"
Èokoladni štapiæi s mlij. èokoladom,0012896,0.15,150g,Sondey,1.99,,,13.27,20030049,Hrana,"1,99"
Punjena marcipan jaja SK4,0013024,0.1,100g,Favorina,1.55,,,15.5,20131708,Hrana,"0,66"
"Vafel s kremom od lješnjaka, UTZ",0013075,0.25,250g,Sondey,2.59,,,10.36,20146085,Hrana,"2,59"
Èokolada za kuhanje SK1,0019139,0.2,200g,Belbake,3.49,,,17.45,20158781,Hrana,"3,29"
Müsli ploèica SK66,0019902,0.2,200g,Crownfield,1.79,,,8.95,4335619294417,Hrana,"1,56"
Hrskavi müsli SK2,0019931,0.6,600g,Crownfield,3.49,,,5.82,4056489209980,Hrana,"3,35"
Hrskavi müsli SK2,0019931,0.6,600g,Crownfield,3.49,,,5.82,4056489209997,Hrana,"3,35"
Kolaè od sira SK4,0021011,0.5,500g,Alpenfest,2.15,,,4.3,20139872,Hrana,"2,59"
Muffins 4kom. SK6,0021025,0.3,300g,Confiserie Firenze,2.69,,,8.97,20006303,Hrana,"2,69"
Sredstvo za èišæenje poda SK17,0021341,1.075,1l,W5,1.49,,,1.49,20553265,Sredstva za èišæenje,"1,85"
Sredstvo za èišæenje poda SK17,0021341,1.075,1l,W5,1.49,,,1.49,4056489210085,Sredstva za èišæenje,"1,85"
Cannelloni,0021959,0.25,250g,Italiamo,1.19,,,4.76,20213114,Hrana,"1,19"
"Cantuccini Hrskavo pecivo SK2, RFA",0021969,0.3,300g,Sondey,2.49,,,8.3,20034177,Hrana,"2,29"
Zamjena za sir u listiæima,0022685,0.45,450g,Milbona,2.99,,,6.64,20097875,Hrana,"2,99"
Baguettes-francuz SK5,0022918,0.35,2x175g,Chef Select,2.99,,,8.54,4056489447559,Hrana,"2,79"
Baguettes-francuz SK5,0022918,0.35,2x175g,Chef Select,2.99,,,8.54,4056489447566,Hrana,"2,79"
Mesni naresci SK2,0024325,0.1,100g,Alpenfest,1.89,,,18.9,20345242,Hrana,"1,89"
Mesni naresci SK2,0024325,0.1,100g,Alpenfest,1.89,,,18.9,4056489115441,Hrana,"1,89"
Kremasti sapun SK1,0024736,0.3,2x150g,Cien,1.39,,,4.63,4335619207820,Kozmetika,Nije_bilo_u_prodaji_02.05.2025
Trans. sprej za sunèanje ZF 30,0024972,0.151,200ml,Cien Sun,5.99,,,29.95,20546526,Kozmetika,"5,99"
Uljni sprej za sunèanje ZF 6,0024984,0.226,250ml,Cien Sun,5.49,,,21.96,4335619166004,Kozmetika,"5,49"
Svježi kozji sir,0025707,0.2,200g,Duc de Coeur,3.19,,,15.95,3228022150139,Hrana,"2,99"
Pizza 4 vrste sira,0025765,0.35,350g,Italiamo,2.99,,,8.54,20490713,Hrana,"3,19"
Polovice orah jezgre,0026704,0.2,200g,Alesto Selection,3.49,,,17.45,20005733,Hrana,"2,49"
Prekooceanska mini vina SK9,0027309,0.25,"0,25l",Cimarosa,1.89,,,7.56,4056489763451,Piæe,"1,89"
Zaštitna Anti-age krema za sunè SK6,0027370,0.075,75ml,Cien Sun,3.99,,,53.2,20231491,Kozmetika,"4,99"
Djeèja krema za sunèanje ZF 50+,0027375,0.102,100ml,Cien Sun,2.49,,,24.9,4056489368342,Kozmetika,"2,49"
Šljivovica 40% Vol.,0027410,0.667,"0,7l",Zünftler,8.99,,,12.84,4304493258280,Piæe,"7,59"
"Bio jogurt 3,8%",0027420,0.15,150g,Pilos,0.55,,,3.67,4056489028987,Hrana,"0,55"
Èokolada s cijelim lješnjacima,0027514,0.2,200g,Fin Carré,3.79,,,18.95,20030261,Hrana,"3,79"
Slatki kukuruz u zrnu (OM 285g),0028260,0.34,425ml,Freshona,1.09,,,3.82,20153229,Hrana,"1,29"
Slatki kukuruz u zrnu (OM 285g),0028260,0.34,425ml,Freshona,1.09,,,3.82,4056489499671,Hrana,"1,29"
Slatki kukuruz u zrnu (OM 285g),0028260,0.34,425ml,Freshona,1.09,,,3.82,4056489500117,Hrana,"1,29"
Teddy's Hit grickalice,0028354,0.125,125g,Snack Day,1.59,,,12.72,4335619150898,Hrana,"1,79"
Chil. Carménere Reserva Privada ,0028606,0.75,"0,75l",Viajero,3.99,,,5.32,4056489540427,Piæe,"3,99"
Nuts Royal,0028673,0.2,200g,Alesto Selection,3.19,,,15.95,20047238,Hrana,"2,89"
Flaster SK7,0028901,0.023,"20komad,40komad",Sensiplast,0.89,,,0.02,4042441018424,Toaletne potrepštine,"0,89"
Flaster SK7,0028901,0.023,"20komad,40komad",Sensiplast,0.89,,,0.02,4056489235583,Toaletne potrepštine,"0,89"
Tortille SK4,0029070,0.24,240g,El Tequito,1.29,,,5.38,20121532,Hrana,"1,29"
Mladi grašak u rasolu (OM 265g),0029072,0.4,425ml,Freshona,0.85,,,3.21,20192396,Hrana,"0,99"
Dimljeni losos,0029352,0.1,100g,Nautica,3.65,,,36.5,20177089,Hrana,3.65
Mlade mahune,0029409,0.8,850ml,Freshona,2.25,,,4.95,20004224,Hrana,"1,19"
Cava Semi Seco DO,0029704,0.745,"0,75l",Arestel,6.49,,,8.65,20044442,Piæe,"5,69"
Èokoladni listiæi SK4,0030861,0.125,125g,Mister Choc,2.99,,,23.92,20419219,Hrana,"2,99"
Desertni specijaliteti SK19,0030937,0.155,"2x75g,2x80g",MCENNEDY,1.69,,,9.94,20809591,Hrana,"1,69"
Desertni specijaliteti SK19,0030937,0.155,"2x75g,2x80g",MCENNEDY,1.69,,,9.94,4056489979135,Hrana,"1,69"
Pjenasta kupka SK16,0031129,1.03,1l,Cien,2.25,,,2.25,4056489694571,Kozmetika,"2,25"
Mini keksi s kakaom,0031686,0.225,225g,Sondey,2.29,,,10.18,20230289,Hrana,"0,9"
Gazirano piæe od naranèe 3%,0031961,1.504,"1,5l",Freeway,1.15,,,0.77,4304493269156,Piæe,"1,15"
Snack kobasica Tirolska SK8,0032325,0.15,150g,Alpenfest,1.99,,,13.27,22288830,Hrana,"1,99"
Superieur èok. štapiæi SK14,0032577,0.2,200g,J.D. Gross,4.69,,,23.45,20729813,Hrana,"4,69"
Vrhnje za kuhanje 22%,0034596,0.202,200ml,Milbona,1.05,,,5.25,20531072,Hrana,"1,05"
Sladoled štapiæ Schoko Crisp,0034633,0.084,120ml,Gelatelli,1.19,,,9.92,20219895,Hrana,"1,19"
Kriške ananasa u vlastitom soku,0036320,0.567,580ml,Freshona,1.79,,,5.26,20253929,Hrana,"1,89"
Delikates kobasica za peèenje QS,0037597,0.54,540g,Dulano,4.49,,,8.31,20259488,Hrana,"4,49"
Topljeni sir trokutiæi SK9,0038308,0.25,250g,Milbona,,2.19,2.79,8.76,4056489738596,Hrana,"2,79"
Èips SK30,0038411,0.175,175g,Snack Day,2.49,,,14.23,20771010,Hrana,"1,59"
Maslac za tijelo SK7,0038468,0.394,400ml,Cien,2.99,,,7.48,4056489665656,Kozmetika,"2,99"
"Prutiæi za maèke SK4, 50g",0038491,0.05,50g,Coshida,1.39,,,27.8,20166854,Proizvodi za kuæanstvo,"1,39"
Pasta za zube SK4,0038752,0.155,125ml,Dentalux,1.05,,,8.4,4056489498179,Kozmetika,"1,05"
Pasta za zube SK4,0038752,0.154,125ml,Dentalux,1.05,,,8.4,20060220,Kozmetika,"1,05"
"Tamponi, razne vrste 56-80 kom. SK8",0038769,0.178,"56komad,64komad,80komad",Siempre,3.69,,,0.06,4056489722953,Toaletne potrepštine,"3,69"
"Tamponi, razne vrste 56-80 kom. SK8",0038769,0.178,"56komad,64komad,80komad",Siempre,3.69,,,0.07,4056489722977,Toaletne potrepštine,"3,69"
"Tamponi, razne vrste 56-80 kom. SK8",0038769,0.178,"56komad,64komad,80komad",Siempre,3.69,,,0.06,4056489849001,Toaletne potrepštine,"3,69"
Smoothie 250ml SK13,0038798,0.265,250ml,Solevita,1.49,,,5.96,4304493261792,Hrana,"1,49"
Smoothie 250ml SK13,0038798,0.265,250ml,Solevita,1.49,,,5.96,4304493261952,Hrana,"1,49"
Zapeèeni grah u umaku od rajèice,0038980,0.415,425ml,Freshona,1.05,,,2.5,20009847,Hrana,"0,99"
Trottole Tricolore,0039011,0.5,500g,Italiamo,1.69,,,3.38,20122522,Hrana,"1,69"
Balsamico umak SK5,0039128,0.316,250ml,Italiamo,1.39,,,5.56,20250539,Hrana,"1,39"
Balsamico umak SK5,0039128,0.316,250ml,Italiamo,1.39,,,5.56,4056489379737,Hrana,"1,39"
Pizza sa salamom,0039154,0.35,350g,Trattoria Alfredo,2.69,,,7.69,4056489450832,Hrana,"2,49"
Pizza Margerita,0039155,0.3,300g,Trattoria Alfredo,1.99,,,6.63,20218386,Hrana,"1,99"
Maramice za njegu kontr. ploèe SK2,0039559,0.227,30komad,W5,1.89,,,0.06,20199203,Proizvodi za kuæanstvo,"2,29"
Losion za tijelo,0039910,0.52,500ml,Cien,1.99,,,3.98,4335619127791,Kozmetika,"1,99"
Bourbon Whiskey 40% Vol.,0039987,0.664,"0,7l",Western Gold,9.99,,,14.27,4304493264625,Piæe,"9,99"
Asia umaci SK6,0040086,0.281,250ml,Vitasia,1.19,,,4.76,20110840,Hrana,"1,49"
Fusilli HWG,0043077,0.5,500g,Italiamo,2.29,,,4.58,4056489294795,Hrana,"2,29"
Flips s kikirikijem,0044294,0.15,150g,Snack Day,0.99,,,6.6,4056489870081,Hrana,"0,99"
Èešnjak u prahu,0045065,0.062,62g,Kania,1.19,,,19.19,20249861,Hrana,"1,19"
Riža na mlijeku SK4,0051988,0.2,200g,Pilos,0.79,,,3.95,20277697,Hrana,"0,79"
Štapiæi za pse XXL SK4,0054592,0.24,240g,Orlando,0.89,,,3.71,4056489655350,Proizvodi za kuæanstvo,"0,89"
Štapiæi za pse XXL SK4,0054592,0.24,240g,Orlando,0.89,,,3.71,4056489655367,Proizvodi za kuæanstvo,"0,89"
"Smrznuto povræe, SK7",0054707,0.45,450g,Freshona,1.25,,,2.78,4056489534068,Hrana,"1,79"
"Smrznuto povræe, SK7",0054707,0.45,450g,Freshona,1.25,,,2.78,4056489534082,Hrana,"1,79"
Dvostruka britvica XXL 25 komada,0054780,0.07,1komad,Cien men,3.39,,,3.39,4056489117834,Kozmetika,"4,29"
Tekuæi jogurt XXL SK1,0055501,1,1kg,Milbona,1.99,,,1.99,20297237,Hrana,"1,89"
Basmati riža XXL,0055571,4.5,"4,5kg",Golden Sun,9.99,,,2.22,4056489168256,Hrana,"9,99"
Kandirano voæe SK1,0055877,0.1,100g,Belbake,0.89,,,8.9,20048532,Hrana,"0,89"
Vlažni WC papir SK1,0056482,0.816,4x80komad,Floralys,3.99,,,0.01,20508050,Proizvodi za kuæanstvo,"3,97"
Tzatziki,0058153,0.25,250g,Pilos,0.99,,,3.96,4056489672562,Hrana,"0,8"
Secco Bianco,0058528,0.2,"0,2l",Allini,1.19,,,5.95,4056489249313,Piæe,"0,99"
"Luèice, 50 kom.",0058558,0.5,50komad,Livarno,2.89,,,0.06,20315504,Proizvodi za kuæanstvo,"3,49"
Ledena kava SK6,0058658,0.261,250ml,Milbona,1.19,,,4.76,20036911,Hrana,"1,09"
Extra hrskavi èips SK8,0059344,0.125,125g,Snack Day,1.39,,,11.12,20611996,Hrana,"1,39"
Kobasice za peèenje,0059530,0.3,300g,Alpenfest,4.49,,,14.97,4056489141723,Hrana,"4,49"
Amerièka pizza SK3,0059859,0.44,440g,MCENNEDY,3.29,,,7.48,20543082,Hrana,"2,89"
Mini èokolade SK2,0059926,0.04,40g,Fin Carré,0.89,,,0.89,20548834,Hrana,"0,89"
Grèki zaèini SK5,0060253,0.041,"35g,40g,50g",Eridanous,0.79,,,15.8,20550097,Hrana,"0,79"
Grèki zaèini SK5,0060253,0.041,"35g,40g,50g",Eridanous,0.79,,,22.57,20550103,Hrana,"0,79"
Grèki zaèini SK5,0060253,0.041,"35g,40g,50g",Eridanous,0.79,,,15.8,20656454,Hrana,"0,79"
Grèki zaèini SK5,0060253,0.041,"35g,40g,50g",Eridanous,0.79,,,22.57,4056489644293,Hrana,"0,79"
"Pršut Jamon Serrano, narezan",0062325,0.08,80g,Sol&Mar,2.39,,,29.88,20321956,Hrana,"2,39"
Dezodorans SK21,0062781,0.117,200ml,Cien,1.29,,,6.45,20321024,Kozmetika,"1,29"
Dezodorans SK21,0062781,0.117,200ml,Cien,1.29,,,6.45,20399139,Kozmetika,"1,29"
Dezodorans SK21,0062781,0.117,200ml,Cien,1.29,,,6.45,4056489235927,Kozmetika,"1,29"
Dezodorans SK21,0062781,0.117,200ml,Cien,1.29,,,6.45,4056489235934,Kozmetika,"1,29"
Dezodorans SK21,0062781,0.117,200ml,Cien,1.29,,,6.45,4056489525875,Kozmetika,"1,29"
Dezodorans muški SK15,0062785,0.123,200ml,Cien MEN,1.29,,,6.45,20321109,Kozmetika,"1,29"
Dezodorans muški SK15,0062785,0.123,200ml,Cien MEN,1.29,,,6.45,20549930,Kozmetika,"1,29"
Sredstvo za èišæenje kupaonice SK10,0062791,0.761,750ml,W5,1.85,,,2.47,4056489168430,Sredstva za èišæenje,"1,85"
Salata od tune SK6,0063512,0.22,220g,Nixe,2.99,,,13.59,4056489487401,Hrana,"2,89"
Transp. sprej za sunèanje ZF 20,0065110,0.221,250ml,Cien Sun,5.49,,,21.96,20340674,Kozmetika,"6,49"
Transp. sprej za sunèanje ZF 20,0065110,0.221,250ml,Cien Sun,5.49,,,21.96,4056489978664,Kozmetika,"6,49"
Sredstvo za èišæenje roštilja,0065263,0.3,400ml,Grillmeister,1.25,,,3.13,4056489845379,Sredstva za èišæenje,"1,59"
Smoki XXL sort. SK1,0065418,0.2,"150g,250g",Snack Day,1.19,,,7.93,20343132,Hrana,"1,19"
Smoki XXL sort. SK1,0065418,0.2,"150g,250g",Snack Day,1.19,,,7.93,20343149,Hrana,"1,19"
Mesni sir na bavarski naèin SK1,0065425,0.4,400g,Alpenfest,3.49,,,8.73,20330224,Hrana,"2,72"
Müsli voæni SK1,0065568,1,1000g,Crownfield,3.29,,,3.29,20003234,Hrana,"3,49"
Müsli voæni SK1,0065568,1,1000g,Crownfield,3.29,,,3.29,4056489940203,Hrana,"3,49"
Šunka narezana XXL,0065989,0.25,250g,Dulano,3.69,,,14.76,20337568,Hrana,"3,69"
Dnevni gel za umiv. i piling SK13,0067420,0.154,200ml,Cien,1.85,,,9.25,4056489246039,Kozmetika,"1,39"
Rošilj kobasice SK7,0067627,0.25,250g,Grillmeister,2.59,,,10.36,20348496,Hrana,"2,59"
Rošilj kobasice SK7,0067627,0.25,250g,Grillmeister,2.59,,,10.36,20348502,Hrana,"2,59"
Alpenstern Limburger Sir SK4,0068296,0.2,200g,,1.99,,,9.95,4101430016558,Hrana,"3,19"
Snack od krumpira SK1,0068326,0.175,175g,MCENNEDY,1.69,,,9.66,20335052,Hrana,"1,69"
Vafel keksi SK6,0069861,0.4,400g,Sondey,3.29,,,8.23,20005443,Hrana,"3,29"
Maramice za èišæenje XXL SK1,0070686,1.64,4x80komad,W5,5.89,,,0.02,20377007,Proizvodi za kuæanstvo,"5,89"
Mozart kugle tamna èokolada,0070923,0.2,200g,J.D. Gross,3.39,,,16.95,4056489331391,Hrana,"3,39"
Prženi kikiriki u tijestu XXL SK2,0072757,0.25,250g,Alesto,1.59,,,6.36,20360825,Hrana,"1,59"
Premium torta SK1,0075239,0.75,750g,Deluxe,7.99,,,10.65,20525613,Hrana,"7,99"
Odstranjivaè mrlja,0077358,0.252,250ml,Formil,1.39,,,5.56,20409579,Sredstva za èišæenje,"1,39"
Hugo,0077503,0.75,"0,75l",Allini,2.99,,,3.99,4056489237334,Piæe,"2,99"
Hugo,0077503,0.75,"0,75l",Allini,2.99,,,3.99,4335619005563,Piæe,"2,99"
"Aluminijska folija 12µ, 30m",0077667,0.288,1komad,Aromata,2.65,,,2.65,20007492,Proizvodi za kuæanstvo,"2,65"
Puding SK1,0078048,0.2,200g,Pilos,0.75,,,3.75,20418403,Hrana,"0,75"
BO Proteinsko pecivo,0079358,0.11,110g,,,0.45,0.69,4.09,20422592,Hrana,"0,69"
Mesni sir SK15,0079751,0.125,125g,Alpenfest,1.19,,,9.52,20419035,Hrana,"1,05"
Mesni sir SK15,0079751,0.125,125g,Alpenfest,1.19,,,9.52,4056489298908,Hrana,"1,05"
Hamburger/Hot Dog peciva SK14,0079870,0.278,"250g,300g",Tastino,1.19,,,3.97,20006358,Hrana,"1,19"
Hamburger/Hot Dog peciva SK14,0079870,0.278,"250g,300g",Tastino,1.19,,,4.76,4056489139713,Hrana,"1,19"
Klementina 1kg,0080088,1,1kg,,,1.79,1.79,1.79,20241742,Hrana,"1,45"
Celer list,0082846,0.458,1komad,,1.29,,,1.29,20341855,Hrana,"1,19"
Brokula 500g,0082904,0.5,500g,,1.29,,,2.58,20242091,Hrana,"1,49"
Bukovaèa 250g,0082986,0.25,250g,,1.39,,,5.56,20271992,Hrana,"1,39"
Šampinjoni 250g,0083015,0.25,250g,,1.19,,,4.76,20242169,Hrana,"1,19"
Portobello gljive,0083054,0.3,300g,,1.99,,,6.63,20500405,Hrana,"1,99"
"Lièki krumpir 2,5kg",0083225,2.5,"2,5kg",,3.69,,,1.48,20399689,Hrana,"3,49"
Luk crveni 5kg,0083335,5,5kg,,,1.45,1.75,0.29,20306366,Hrana,"2,75"
Bio zaèinsko bilje,0084647,0,1komad,,1.69,,,1.69,8024122760002,Hrana,"1,49"
Sirup SK26,0087297,0.903,"0,7l",Solevita,1.99,,,2.84,4304493264076,Piæe,"1,99"
Jogurt Duo SK1,0087634,0.175,175g,Halloween,0.75,,,4.29,20441975,Hrana,"0,75"
Jogurt Duo SK1,0087634,0.175,175g,Halloween,0.75,,,4.29,20441982,Hrana,"0,75"
Snack od sira sort.,0088099,0.22,220g,Milbona,3.29,,,14.95,4006923082211,Hrana,"3,29"
Bio dimljeni losos,0088225,0.1,100g,Nautica,4.39,,,43.9,4056489452676,Hrana,"4,99"
Šampon protiv prhuti SK10,0088436,0.3,300ml,Cien,1.29,,,4.3,20447137,Kozmetika,"1,29"
Šampon protiv prhuti SK10,0088436,0.3,300ml,Cien,1.29,,,4.3,20447144,Kozmetika,"1,29"
Šampon protiv prhuti SK10,0088436,0.3,300ml,Cien,1.29,,,4.3,4056489754091,Kozmetika,"1,29"
Vlažne maramice za èiš. stakla,0090455,0.235,40komad,W5,1.39,,,0.03,20486389,Proizvodi za kuæanstvo,"1,19"
Panirano povræe SK1,0091923,0.5,500g,Freshona,2.99,,,5.98,20486136,Hrana,"2,99"
Gel za tuširanje 3u1 SK16,0091976,0.309,300ml,Cien,1.05,,,3.5,20954864,Kozmetika,"1,05"
Gel za tuširanje 3u1 SK16,0091976,0.309,300ml,Cien,1.05,,,3.5,4056489236214,Kozmetika,"1,05"
Gel za tuširanje 3u1 SK16,0091976,0.309,300ml,Cien,1.05,,,3.5,4056489236221,Kozmetika,"1,05"
Gel za tuširanje 3u1 SK16,0091976,0.309,300ml,Cien,1.05,,,3.5,4056489424208,Kozmetika,"1,05"
Gel za tuširanje 3u1 SK16,0091976,0.309,300ml,Cien,1.05,,,3.5,4056489424239,Kozmetika,"1,05"
Krpe za domaæinstvo SK6,0092429,0.076,"5komad,6komad",W5,0.99,,,0.17,4335619150393,Proizvodi za kuæanstvo,"1,19"
Macaroni al Forno,0093667,1,1kg,Italiamo,5.99,,,5.99,20486501,Hrana,"4,79"
Kremasti kefir SK4,0094282,0.25,250g,Pilos,,0.69,0.99,2.76,20476946,Hrana,"0,99"
BO Pivski perec,0095664,0.097,95g,,0.29,,,0.31,20494438,Hrana,"0,35"
Voæni sok jabuka-višnja,0096016,2.075,"10x0,2l",Solevita,3.59,,,1.8,20534981,Piæe,"3,59"
"Pizza Mozzarella XXL, 3 kom.",0097163,1.005,3x335g,Trattoria Alfredo,6.49,,,6.46,4056489486633,Hrana,"5,99"
Zaèinska mješavina SK7,0097448,0.047,"40g,45g,50g,55g",Deluxe,2.29,,,45.8,20520151,Hrana,"1,79"
"Pistacije pržene i slane, cca. 10kg",0097580,1,ca. 10kg,-,11.99,,,11.99,20392628,Hrana,"11,99"
"Pistacije pržene i slane, cca. 10kg",0097580,1,ca. 10kg,-,11.99,,,11.99,2109758000000,Hrana,"11,99"
Balsamico di Modena,0099168,0.25,250ml,Deluxe,3.99,,,15.96,20568009,Hrana,"3,99"
Sladoled štapiæ van./èok. SK1,0099218,0.033,60ml,Ballino,0.29,,,4.83,20568245,Hrana,"0,29"
o.b. Tamponi SK1,0099299,0.052,"54komad,64komad",,4.29,,,0.07,3574661128658,Toaletne potrepštine,"4,29"
o.b. Tamponi SK1,0099299,0.052,"54komad,64komad",,4.29,,,0.08,3574661322636,Toaletne potrepštine,"4,29"
o.b. Tamponi SK1,0099299,0.052,"54komad,64komad",,4.29,,,0.08,3574661582481,Toaletne potrepštine,"4,29"
Papirnata vreæica,0099432,0.08,1komad,-,0.39,,,0.39,4056489111177,Proizvodi za kuæanstvo,"0,39"
"Indijski orašèiæi, prž. i slani XXL",0105268,0.25,250g,Alesto,2.99,,,11.96,4056489105381,Hrana,"2,89"
Božiæni kolaè SK1,0108632,0.2,200g,Favorina,1.59,,,7.95,20614812,Hrana,"1,99"
Premium Sol u mlincu SK11,0108674,0.153,"180g,70g",Deluxe,3.59,,,51.29,20611750,Hrana,"3,89"
Premium Sol u mlincu SK11,0108674,0.153,"180g,70g",Deluxe,3.59,,,19.94,20611750,Hrana,"3,89"
Premium Sol u mlincu SK11,0108674,0.153,"180g,70g",Deluxe,3.59,,,51.29,4056489010326,Hrana,"3,89"
Premium Sol u mlincu SK11,0108674,0.153,"180g,70g",Deluxe,3.59,,,51.29,4056489864431,Hrana,"3,89"
Premium Sol u mlincu SK11,0108674,0.153,"180g,70g",Deluxe,3.59,,,51.29,4056489877400,Hrana,"3,89"
Premium Sol u mlincu SK11,0108674,0.153,"180g,70g",Deluxe,3.59,,,19.94,4056489877400,Hrana,"3,89"
Pasirana rajèica,0109317,0.7,720ml,Baresa,1.49,,,2.07,20620615,Hrana,"1,69"
Tekuæi puder SK7,0111947,0.034,30ml,Cien,2.89,,,2.89,20065393,Kozmetika,"2,89"
Tekuæi puder SK7,0111947,0.034,30ml,Cien,2.89,,,2.89,20667993,Kozmetika,"2,89"
Tekuæi puder SK7,0111947,0.034,30ml,Cien,2.89,,,2.89,4056489656852,Kozmetika,"2,89"
Maslac za usne SK10,0112665,0.008,"3,3ml",Cien,2.49,,,2.49,20009625,Kozmetika,"2,49"
Maslac za usne SK10,0112665,0.008,"3,3ml",Cien,2.49,,,2.49,20668945,Kozmetika,"2,49"
Maslac za usne SK10,0112665,0.008,"3,3ml",Cien,2.49,,,2.49,20668952,Kozmetika,"2,49"
Maslac za usne SK10,0112665,0.008,"3,3ml",Cien,2.49,,,2.49,20907891,Kozmetika,"2,49"
Vreæe za smeæe (Rose) 10l [8µ],0113106,0.105,40komad,Purio,0.59,,,0.01,20649548,Proizvodi za kuæanstvo,"0,59"
Sirni namaz SK27,0115249,0.11,"100g,125g",Alpenfest,1.89,,,18.9,20476915,Hrana,"1,79"
Sirni namaz SK27,0115249,0.11,"100g,125g",Alpenfest,1.89,,,15.12,20476939,Hrana,"1,79"
"Špinat cijeli list, smrznuti",0115961,0.45,450g,Chira,1.15,,,2.56,20493387,Hrana,"1,29"
Milka Torta lješnjak,0116127,0.4,400g,,4.79,,,11.98,7312930010145,Hrana,"5,49"
Vodeni djeèji sladoled SK5,0116535,0.608,"12x52ml,610ml",Gelatelli,4.49,,,7.36,4335619215627,Hrana,"3,58"
Vodeni djeèji sladoled SK5,0116535,0.608,"12x52ml,610ml",Gelatelli,4.49,,,7.2,4335619215627,Hrana,"3,58"
Vruæa èokolada na štapiæu SK2,0118894,0.06,60g,Deluxe,1.59,,,26.5,20725341,Hrana,"1,59"
Turska gotova jela SK6,0119102,0.461,"275g,540g",1001 delights,3.29,,,11.96,20793210,Hrana,"3,29"
Humus SK44,0119131,0.2,200g,Vitasia,1.09,,,5.45,4056489436683,Hrana,"1,39"
Bulgur Salata SK5,0119137,0.213,"200g,250g",Chef Select,1.89,,,7.56,20757830,Hrana,"1,79"
Olovka za oèi / obrve SK2 ,0119367,0.002,1komad,Cien,1.49,,,1.49,20009915,Kozmetika,"1,49"
Olovka za oèi / obrve SK2 ,0119367,0.002,1komad,Cien,1.49,,,1.49,20058807,Kozmetika,"1,49"
Balzam za usne SK5,0119613,0.005,1komad,Cien,0.99,,,0.99,4056489639855,Kozmetika,"0,99"
Mozzarella ribana XXL,0122300,0.5,500g,Milbona,3.99,,,7.98,4056489203391,Hrana,"4,39"
Mozzarella ribana XXL,0122300,0.5,500g,Milbona,3.99,,,7.98,4056489326625,Hrana,"4,39"
Jezgre oraha XXL,0122316,0.5,500g,Alesto Selection,5.79,,,11.58,20816438,Hrana,"5,79"
NZL Sauvignon Blanc Marlbor. (EUA),0122673,0.75,"0,75l",Cimarosa,8.49,,,11.32,20821425,Piæe,"7,99"
NZL Sauvignon Blanc Marlbor. (EUA),0122673,0.75,"0,75l",Cimarosa,8.49,,,11.32,4056489306672,Piæe,"7,99"
Mješavina za kolaèe bez glutena SK1,0124109,0.475,"420g,530g",Belbake,2.49,,,5.93,20817244,Hrana,"2,19"
Mješavina za kolaèe bez glutena SK1,0124109,0.475,"420g,530g",Belbake,2.49,,,4.7,20817244,Hrana,"2,19"
Prosecco DOP Spumante extra-dry,0127993,0.2,"0,2l",Allini,2.49,,,12.45,4056489621034,Piæe,"2,49"
Long Lasting gel lak za nokte,0128296,0.011,11ml,Cien Beauty,1.09,,,1.09,20979102,Kozmetika,"1,09"
Glossy Gel Lak za nokte SK18,0128299,0.011,11ml,Cien Beauty,1.15,,,1.15,4056489269779,Kozmetika,"1,15"
Glossy Gel Lak za nokte SK18,0128299,0.011,11ml,Cien Beauty,1.15,,,1.15,4056489269793,Kozmetika,"1,15"
Glossy Gel Lak za nokte SK18,0128299,0.011,11ml,Cien Beauty,1.15,,,1.15,4056489750000,Kozmetika,"1,15"
Glossy Gel Lak za nokte SK18,0128299,0.011,11ml,Cien Beauty,1.15,,,1.15,4056489750093,Kozmetika,"1,15"
Glossy Gel Lak za nokte SK18,0128299,0.011,11ml,Cien Beauty,1.15,,,1.15,4056489754831,Kozmetika,"1,15"
Glossy Gel Lak za nokte SK18,0128299,0.011,11ml,Cien Beauty,1.15,,,1.15,4335619073548,Kozmetika,"1,15"
Glossy Gel Lak za nokte SK18,0128299,0.011,11ml,Cien Beauty,1.15,,,1.15,4335619073555,Kozmetika,"1,15"
Mini koljenice Sous vide,0128565,0.5,500g,Alpenfest,4.99,,,9.98,20918569,Hrana,"4,99"
Meki kravlji sir XXL,0128665,0.4,400g,Milbona,3.49,,,8.73,4056489450139,Hrana,"3,19"
Meki kravlji sir XXL,0128665,0.4,400g,Milbona,3.49,,,8.73,4335619311336,Hrana,"3,19"
Aroma vanilija bourbon,0131291,0.027,20ml,Belbake,2.19,,,2.19,20679866,Hrana,"2,19"
Vreæice za zamrzavanje [50µ] SK2,0131735,0.132,"15komad,20komad",Aromata,1.23,,,0.08,20991319,Proizvodi za kuæanstvo,"1,85"
Bio voæna kašica sa žitaricama,0131986,0.19,190g,Lupilu,0.95,,,5,20995850,Hrana,"0,97"
"Vreæice za smeæe, 25l",0132202,0.3,50komad,Purio,1.29,,,0.03,20997472,Proizvodi za kuæanstvo,"1,29"
"Svinjski vrat bk, cca.600-1600g",0132527,1,cca.600-1600g,,4.15,,,4.15,2865350000000,Hrana,Nije_bilo_u_prodaji_02.05.2025
"Svinjski vrat bk, cca.600-1600g",0132527,1,cca.600-1600g,,4.15,,,4.15,2865354000000,Hrana,Nije_bilo_u_prodaji_02.05.2025
Risotto SK2,0132819,0.175,175g,Italiamo,1.89,,,10.8,40877464,Hrana,"1,89"
Radler,0132841,0.513,"0,5l",Perlenbacher,0.59,,,1.18,4304493268890,Piæe,"0,69"
Hairvital Regenerator za kosu SK5,0133014,0.248,250ml,Cien,1.49,,,5.96,20978488,Kozmetika,"1,49"
Pileæi prutiæi,0135153,0.5,500g,Alpenfest,5.29,,,10.58,20010522,Hrana,Nije_bilo_u_prodaji_02.05.2025
Sladoled Tricolore,0135953,1.25,2500ml,Bon Gelati,4.15,,,1.66,20058739,Hrana,"4,15"
Cinsault Grenache IGP Oc rosé,0136332,0.75,"0,75l",Chevalier de Fauvert,3.29,,,4.39,4056489406099,Piæe,"3,29"
Jednokratne rukavice SK3,0136355,0.373,100komad,W5,5.99,,,0.06,4056489697213,Proizvodi za kuæanstvo,"5,99"
Prirodni regenerator za kosu SK3,0136838,0.25,250ml,Cien,1.79,,,7.16,4056489254768,Kozmetika,"1,79"
Prirodni šampon za  kosu SK1,0136845,0.3,300ml,Cien,1.79,,,5.97,4056489254737,Kozmetika,"1,79"
Baby pelene gaæice maxi,0139322,0.68,22komad,Lupilu,4.75,,,0.22,20182915,Toaletne potrepštine,"4,75"
Baby pelene gaæice Junior,0139323,0.68,20komad,Lupilu,4.75,,,0.24,20182922,Toaletne potrepštine,"4,75"
Sladilo u tabletama bez laktoze,0139500,0.072,72g,Belbake,1.39,,,19.31,4056489664567,Hrana,"1,39"
Svježi sir SK16,0140323,0.3,300g,Milbona,2.19,,,7.3,4335619134249,Hrana,"1,99"
Uskršnji zeèevi,0140873,0.125,125g,Favorina,1.59,,,12.72,4056489018544,Hrana,"1,59"
Hrana za pse SK1,0141357,0.4,4x100g,Orlando Pure Taste,1.99,,,4.98,20306014,Proizvodi za kuæanstvo,"2,39"
Lak za nokte SK2,0141886,0.011,11ml,Cien Beauty,1.19,,,1.19,4056489017387,Kozmetika,"0,89"
Lak za nokte SK2,0141886,0.011,11ml,Cien Beauty,1.19,,,1.19,4056489017394,Kozmetika,"0,89"
Èokoladna jaja SK2,0141944,0.2,200g,Favorina,3.21,,,16.05,4056489182818,Hrana,Nije_bilo_u_prodaji_02.05.2025
Skyr (jogurt) natur,0144376,0.5,500g,Pilos,1.99,,,3.98,4056489021445,Hrana,"1,99"
Camembert XXL,0144417,0.275,275g,Milbona,2.09,,,7.6,4056489032373,Hrana,"2,49"
Komadiæi ananasa u vl.soku ATG 340g,0146077,0.565,580ml,Freshona,1.79,,,5.26,4056489100553,Hrana,"1,89"
Picco Pizzi SK26,0146099,0.36,360g,Trattoria Alfredo,3.99,,,11.08,4056489443001,Hrana,"3,99"
Feta sir sazrij. u baèvi,0148273,0.4,400g,Eridanous,5.49,,,13.73,4056489150572,Hrana,"5,39"
Okruglice od krumpira,0148495,0.907,907g,MCENNEDY,3.29,,,3.63,4056489157113,Hrana,Nije_bilo_u_prodaji_02.05.2025
Suho voæe Mango,0148837,0.1,100g,Alesto Selection,2.59,,,25.9,4056489150213,Hrana,"2,59"
Tuna u suncokretovom ulju,0149127,0.28,4x70g,Nixe,3.29,,,11.75,4056489181132,Hrana,"3,29"
Apotheker Alkoholna piæa 40% SK1,0149611,0.485,"0,5l",,6.29,,,12.58,4304493264984,Piæe,"6,29"
Amerièki desert SK1,0150211,0.165,"2x80g,2x85g",MCENNEDY,1.79,,,11.19,4056489201779,Hrana,"1,79"
"Orašasti plodovi, kandirani SK3",0150218,0.2,200g,Alpenfest,2.29,,,11.45,4056489201793,Hrana,"2,19"
Mljevena slatka paprika,0150480,0.1,100g,Kania,0.99,,,9.9,4056489207665,Hrana,"0,85"
High Protein puding SK18,0150741,0.2,200g,Milbona,1.05,,,5.25,4056489216162,Hrana,"0,99"
Dezodorans SK16,0150788,0.053,50ml,Cien,0.99,,,19.8,20918910,Kozmetika,"1,05"
Dezodorans SK16,0150788,0.053,50ml,Cien,0.99,,,19.8,4056489643623,Kozmetika,"1,05"
Protein Quark SK1,0150835,0.2,200g,Pilos,1.29,,,6.45,4056489216223,Hrana,"1,29"
Tekuæi deterdžent Tropical 100 pran,0154473,5.15,5l,Formil,10.99,,,2.2,4056489279136,Sredstva za èišæenje,"11,49"
Zaèini SK1,0154517,0.127,"100g,120g,140g,130g",Kania,1.69,,,13,4056489279419,Hrana,"1,69"
Zaèini SK1,0154517,0.127,"100g,120g,140g,130g",Kania,1.69,,,13,4056489279440,Hrana,"1,69"
Zaèini SK1,0154517,0.127,"100g,120g,140g,130g",Kania,1.69,,,13,4056489279457,Hrana,"1,69"
Keksi u obliku životinja SK2,0155798,0.125,125g,Sondey,1.49,,,11.92,4056489406884,Hrana,"1,49"
Masline XXL SK3,0155917,0.4,400g,Chef Select & You,3.99,,,9.98,4056489599418,Hrana,"3,99"
Masline XXL SK3,0155917,0.4,400g,Chef Select & You,3.99,,,9.98,4056489599425,Hrana,"3,99"
Kozice,0155960,0.4,400g,Deluxe,7.19,,,17.98,4056489338567,Hrana,"7,19"
Praline SK2,0156123,0.14,140g,J.D. Gross,3.99,,,28.5,4056489600992,Hrana,"3,99"
Deterdžent za posuðe SK2,0156211,2.04,2l,W5,2.69,,,2.69,4056489314691,Sredstva za èišæenje,"2,69"
Losos u lisnatom SK1,0156223,0.7,700g,Deluxe,10.99,,,15.7,4056489314752,Hrana,"8,69"
Èips SK3,0156667,0.125,125g,Italiamo,1.49,,,11.92,20872076,Hrana,"1,2"
Sredstvo za èišæenje sa spužvom SK1,0156905,0.425,"300g,400g,500g",W5,2.39,,,7.97,4056489322832,Sredstva za èišæenje,"2,39"
Nature Vodica za ispiranje usta ,0157435,0.515,500ml,Dentalux,2.35,,,4.7,4056489329831,Kozmetika,"2,35"
Tekuæi osvježivaè zraka SK1,0157563,0.019,2x4ml,W5,1.39,,,173.75,4056489330653,Sredstva za èišæenje,"1,39"
Deterdžent za pranje rublja SK3,0157957,2.2,"2,2l",Formil,4.79,,,2.18,4056489849049,Sredstva za èišæenje,"4,99"
Nature Deo Roll-on SK1  ,0158145,0.059,"50ml,75ml",Cien Nature,2.25,,,45,4056489329855,Kozmetika,"2,25"
Nature Balzam za kosu SK1,0158153,0.199,200ml,Cien Nature,2.29,,,11.45,4056489329794,Kozmetika,"2,29"
Nature Balzam za kosu SK1,0158153,0.199,200ml,Cien Nature,2.29,,,11.45,4056489671848,Kozmetika,"2,29"
Rooibos èaj SK16,0162423,0.05,25x2g,Lord Nelson,1.49,,,29.8,20165260,Piæe,"1,29"
Smarties muffin,0162731,0.12,4x30g,,3.29,,,27.42,7613287523396,Hrana,"3,29"
Snack masline SK2,0162822,0.15,150g,Baresa,1.99,,,13.27,4056489345671,Hrana,"1,99"
Stroop vafli SK1,0163409,0.175,175g,Vemondo,2.99,,,17.09,4056489450818,Hrana,"2,99"
Bio Tofu,0163485,0.3,300g,Vemondo,1.79,,,5.97,4260431638869,Hrana,"1,99"
Vitaminska voda SK1,0163933,0.508,"0,5l",Saguaro,0.99,,,1.98,4304493268302,Piæe,"0,99"
Sredstvo za održavanje perilice SK1,0164035,0.521,2x250ml,W5,1.99,,,3.98,4335619010338,Sredstva za èišæenje,"1,99"
Veggie Mix SK1,0164061,0.4,400g,Vemondo,2.49,,,6.23,4056489456476,Hrana,"2,79"
Veggie Mix SK1,0164061,0.4,400g,Vemondo,2.49,,,6.23,4056489456490,Hrana,"2,79"
Extra djevièansko maslinovo ulje,0164798,0.458,500ml,Italiamo,6.29,,,12.58,4056489459460,Hrana,"5,99"
Veganska gotova jela SK6,0164813,0.6,600g,Vemondo,3.79,,,6.32,20934156,Hrana,"3,79"
Soja jogurt SK5,0165197,0.5,500g,Vemondo,1.99,,,3.98,4335619096455,Hrana,Nije_bilo_u_prodaji_02.05.2025
Pureæa kobasica SK2,5000308,0.1,100g,Pikok,,1.79,2.69,17.9,20293130,Hrana,"2,69"
Germ knedle SK3,5003458,0.56,560g,Alpenfest,3.39,,,6.05,20751999,Hrana,"2,99"
Salama specijaliteti SK1,5006858,0.1,100g,Alpenfest,1.99,,,19.9,4056489055082,Hrana,"1,99"
Šunka s medom ili hrenom SK4,5007111,0.15,150g,Deluxe,2.05,,,13.67,4056489863717,Hrana,"2,09"
L.Casei Active Drink SK1,5010625,0.4,4x100g,Milbona,1.35,,,3.38,4056489630920,Hrana,"1,35"
Svježi sir s pestom SK1,5011933,0.15,150g,Deluxe,2.59,,,17.27,20987176,Hrana,"1,99"
"Kefir 1,5% masti s voænim sokom SK1",5011937,0.6,6x100g,Milbona,1.99,,,3.32,4335619038080,Hrana,"1,99"
Kobasice SK1,5012498,0.18,180g,Deluxe,2.29,,,12.72,4335619223479,Hrana,"2,47"
Salafini SK2,5012515,0.08,80g,Deluxe,1.79,,,22.38,4335619223530,Hrana,Nije_bilo_u_prodaji_02.05.2025
Proteinski sir mozzarella SK1,5110136,0.215,"280g,150g",Milbona,2.49,,,8.89,4056489778998,Hrana,"2,29"
Proteinski sir mozzarella SK1,5110136,0.215,"280g,150g",Milbona,2.49,,,16.6,4056489779001,Hrana,"2,29"
Kolaèi SK2,5111625,0.107,"100g,120g",Deluxe,2.46,,,24.6,4056489615866,Hrana,Nije_bilo_u_prodaji_02.05.2025
Cheddar sir,5200299,0.4,400g,Hatherwood,4.49,,,11.23,20225087,Hrana,"4,49"
Sirevi SK1,5200709,0.14,140g,Hatherwood,2.99,,,21.36,4056489335818,Hrana,"2,99"
Britanski Cheddar sir SK3,5200784,0.25,250g,Deluxe,3.79,,,15.16,20575410,Hrana,"3,29"
Cake Angels Ukrasi za tortu SK2,5202468,0.113,"102g,113g,123g",,3.49,,,30.88,5030101027922,Hrana,"3,29"
Šlag u prahu,5502172,0.06,60g,Belbake,0.59,,,9.83,20052553,Hrana,"0,59"
Polutvrdi sir Liliput,5502271,0.35,350g,Pilos,3.49,,,9.97,5900120065130,Hrana,Nije_bilo_u_prodaji_02.05.2025
Topljeni sir rolice SK1,5503088,0.1,100g,Pilos,0.79,,,7.9,20394172,Hrana,"0,79"
"Šam., gel i kupka 3u1 SK6",5516395,0.515,500ml,Cien,1.69,,,3.38,20014292,Kozmetika,"1,69"
"Lak za nokte ""Valentinovo"" SK2",5518746,0.009,8ml,Cien,0.99,,,0.99,5901801641520,Kozmetika,"0,89"
"Lak za nokte ""Valentinovo"" SK2",5518746,0.009,8ml,Cien,0.99,,,0.99,5901801641582,Kozmetika,"0,89"
"Lak za nokte ""Valentinovo"" SK2",5518746,0.009,8ml,Cien,0.99,,,0.99,5901801652410,Kozmetika,"0,89"
"Lak za nokte ""Valentinovo"" SK2",5518746,0.009,8ml,Cien,0.99,,,0.99,5901801652533,Kozmetika,"0,89"
Mirisne luèice SK7 ,5519199,0.214,18komad,-,1.59,,,0.09,20340506,Proizvodi za kuæanstvo,"1,59"
Mirisne luèice SK7 ,5519199,0.214,18komad,-,1.59,,,0.09,4335619141346,Proizvodi za kuæanstvo,"1,59"
Palaèinke SK1,5519512,0.4,400g,Chef Select,1.79,,,4.48,20342135,Hrana,"1,79"
Odstranjivaè mrlja SK2,5519788,0.75,750g,Formil,2.75,,,3.67,20342265,Sredstva za èišæenje,"2,75"
"Vreæe za smeæe, 60L ",5520162,0.167,18komad,Purio,1.09,,,0.06,20142957,Proizvodi za kuæanstvo,"1,09"
Èokoladna uskršnja jaja,5602899,0.13,130g,Favorina,2.79,,,21.46,20638177,Hrana,"2,79"
Sapun iz Provanse SK10,5603194,0.1,100g,Duc de Coeur,0.79,,,7.9,3511720115174,Kozmetika,"0,79"
Sapun iz Provanse SK10,5603194,0.1,100g,Duc de Coeur,0.79,,,7.9,4056489566359,Kozmetika,"0,79"
Dimljena kobasica s èešnjakom,5604299,0.3,300g,Spécialités françaises,1.99,,,6.63,4056489971597,Hrana,"1,99"
Kesten krema,5606587,0.325,325g,Deluxe,1.99,,,6.12,3558370325010,Hrana,"2,49"
Francuski kolaèiæ s èokoladom,5608800,0.4,400g,Duc de Coeur,2.95,,,7.38,3259426040009,Hrana,Nije_bilo_u_prodaji_02.05.2025
Francuski kolaèiæ s èokoladom,5608800,0.4,400g,Duc de Coeur,2.95,,,7.38,4056489276715,Hrana,Nije_bilo_u_prodaji_02.05.2025
Mini lisnato tijesto,5617805,0.344,344g,Let's have a party!,3.29,,,9.56,4056489729037,Hrana,"3,39"
Mega lizalica,5620725,0.028,28g,,0.39,,,13.93,3395503239284,Hrana,"0,45"
Èokoladni Moelleux,5621314,0.18,2x90g,Duc de Coeur,2.11,,,11.72,4335619103016,Hrana,Nije_bilo_u_prodaji_02.05.2025
Francuski sir SK1,5622210,0.168,"150g,170g,200g",,3.65,,,21.47,3048970657210,Hrana,Nije_bilo_u_prodaji_02.05.2025
Drvena igraèka s èokoladom,5623281,0.1,100g,,5.89,,,58.9,3395503123415,Hrana,Nije_bilo_u_prodaji_02.05.2025
Suha hrana za pse ,5700250,4,4kg,Orlando,6.99,,,1.75,20495763,Proizvodi za kuæanstvo,"6,99"
Krem jogurt SK6,5700343,0.135,135g,Sol&Mar,0.99,,,7.33,20705480,Hrana,"0,99"
Argan maska za kosu,5712495,0.4,400ml,Cien,2.99,,,7.48,4056489965855,Kozmetika,Nije_bilo_u_prodaji_02.05.2025
Orašasti plodovi s mlij. èok. SK3,5713594,0.175,175g,Deluxe,4.49,,,25.66,4335619026988,Hrana,"2,89"
Parfem Stylish Girl,5715009,0.085,100ml,Suddenly,5.99,,,59.9,4056489575351,Kozmetika,"5,99"
Parfem Victory,5715017,0.085,100ml,Suddenly,5.99,,,59.9,4056489575290,Kozmetika,"5,99"
BIO Wellness èaj SK8,5716102,0.024,12x2g,Lord Nelson,2.39,,,99.58,20189211,Piæe,"2,99"
Mirisni štapiæi za prostor SK11,5717281,0.046,50ml,W5,1.69,,,33.8,4056489690269,Sredstva za èišæenje,"1,69"
Gumeni bomboni jagoda,5718001,0.3,300g,Sweet Corner,1.79,,,5.97,4056489802280,Hrana,"1,79"
Premium gyoza SK 3,5719960,0.162,"170g,154g",Deluxe,3.39,,,19.94,4335619075733,Hrana,Nije_bilo_u_prodaji_02.05.2025
Premium gyoza SK 3,5719960,0.162,"170g,154g",Deluxe,3.39,,,19.94,4335619075740,Hrana,Nije_bilo_u_prodaji_02.05.2025
Španjolski kolaè SK1,5720673,0.3,300g,Sol&Mar,3.19,,,10.63,4335619108288,Hrana,"3,19"
Tiramisu Superfresco,6008848,0.3,300g,Deluxe,3.09,,,10.3,20815837,Hrana,"3,89"
Džem od sicilijanskog voæa SK1,6009284,0.36,360g,Italiamo,2.99,,,8.31,4056489098898,Hrana,"2,99"
Depilacijske trake SK4,6009602,0.057,"16komad,32komad,40komad",Cien,1.99,,,0.05,4056489523550,Kozmetika,"1,99"
Svježa tjestenina SK41,6009605,0.25,250g,Italiamo,1.79,,,7.16,20685164,Hrana,"1,79"
Krem. umak od parmezana i tartufa,6009639,0.19,190g,Deluxe,3.49,,,18.37,4056489160779,Hrana,"2,69"
Mini Burrata sir,6012305,0.2,4x50g,Italiamo,3.49,,,17.45,4056489420248,Hrana,"3,21"
Grisini perec,6012649,0.15,150g,Alpenfest,1.99,,,13.27,4056489468394,Hrana,"1,99"
Umak od cherry rajèica,6013629,0.33,330g,Italiamo,1.39,,,4.21,4056489524090,Hrana,"1,39"
Dim Sum SK2,6014263,0.2,200g,Vitasia,1.99,,,9.95,4056489631514,Hrana,"1,99"
Ricotta desert SK4,6014676,0.11,110g,Deluxe,1.99,,,18.09,4056489632955,Hrana,"1,59"
Gorgonzola s maskarp./pist.,6014971,0.17,170g,Deluxe,2.59,,,15.24,4056489720508,Hrana,"2,99"
Punjeni krumpiri feta/masline,6016621,0.4,400g,Eridanous,2.29,,,5.73,4056489891451,Hrana,"2,29"
Ravioli SK1,6016653,0.2,200g,Chef Select,1.88,,,9.4,4056489797425,Hrana,"1,88"
Svježa tjestenina SK71,6017515,0.25,250g,Deluxe,1.89,,,7.56,4056489721024,Hrana,"1,89"
"Provoletta sir, narezak SK9",6017732,0.14,140g,Italiamo,1.89,,,13.5,20408084,Hrana,"1,57"
Limoncello desert,6018016,0.19,2x95g,Deluxe,2.68,,,14.11,4335619029392,Hrana,Nije_bilo_u_prodaji_02.05.2025
Focaccia,6018751,0.39,390g,Deluxe,3.3,,,8.46,4335619146594,Hrana,Nije_bilo_u_prodaji_02.05.2025
Pecivo s nadjevom od cimeta,6403546,0.07,65g,,0.25,,,3.85,4334035677163,Hrana,"0,25"
Voæni prutiæi SK12,6403632,0.15,5x30g,Alesto,1.99,,,13.27,20755270,Hrana,"1,99"
Francuski Mix bez kukuruza,6403695,1,1000g,Freshona,2.49,,,2.49,20755904,Hrana,"2,39"
"Sjeme. suncokreta, pržene, oguljene",6404489,0.1,100g,Alesto,0.59,,,5.9,20757076,Hrana,"0,69"
Goldenfood Sv. patka s iznutricama,6404499,1,ca.3 kg,,4.49,,,4.49,2504453000000,Hrana,"2,95"
"Multivit. piæe s hibiskusom 12,5%",6405200,1.5,"1,5l",-,1.49,,,0.99,4056489966586,Piæe,"1,39"
"Pureæi batak, cca. 750g",6406798,1,ca. 750g,-,4.19,,,4.19,2881960008460,Hrana,"3,99"
"Pureæi batak, cca. 750g",6406798,1,ca. 750g,-,4.19,,,4.19,2881961000000,Hrana,"3,99"
"Pureæi batak, cca. 750g",6406798,1,ca. 750g,-,4.19,,,4.19,2881967000000,Hrana,"3,99"
Alkoholni ocat 9%,6700688,1.012,1l,-,0.69,,,0.69,20536237,Hrana,"0,79"
Alkoholni ocat 9%,6700688,1.012,1l,-,0.69,,,0.69,20606787,Hrana,"0,79"
Miris za auto SK3,6700767,0.007,1komad,W5,0.79,,,0.79,20591175,Sredstva za èišæenje,"0,79"
Sredstvo za èišæenje SK1,6702336,1.262,"1,2l",W5,1.45,,,1.21,20671815,Sredstva za èišæenje,"1,65"
Hrskavi müsli SK9,6705168,0.35,350g,Crownfield,1.99,,,5.69,20470388,Hrana,"2,05"
Paèja pašteta SK2,6711705,0.18,2x90g,Deluxe,2.55,,,14.17,4056489413547,Hrana,"2,06"
Kidsworld Puding desert s iznenað.,6714569,0.07,70g,,1.13,,,16.14,8595588200888,Hrana,"1,13"
Müsli ploèice s kakaom i kokosom,6714743,0.03,30g,Crownfield,0.29,,,0.29,4056489724391,Hrana,"0,29"
Jastuèiæi bez glutena SK1,6715938,0.15,150g,Crownfield,1.19,,,7.93,4056489909262,Hrana,Nije_bilo_u_prodaji_02.05.2025
Sredstvo za èišæenje WC-a SK1,6716078,1.057,1l,W5,1.45,,,1.45,4056489909491,Sredstva za èišæenje,"1,45"
Kornet vanilija,6800437,0.055,55g,Ballino,0.39,,,7.09,20519773,Hrana,"0,39"
Mlijeèni namaz classic,6900311,0.07,70g,Pilos,0.49,,,7,20539887,Hrana,"0,55"
Kiseli krastavci (OM 1200g),6900314,2.35,2500ml,Okusi zavièaja,4.35,,,3.63,20661533,Hrana,"4,35"
Buðola,6900635,1,ca. 600g,Okusi zavièaja,19.69,,,19.69,2503947000000,Hrana,"19,69"
Lino Lada Namaz Duo,6900735,0.4,400g,,3.59,,,8.98,3850104019784,Hrana,"3,99"
Podravka Kokošja juha s tjesteninom,6900739,0.062,62g,,0.89,,,14.35,3850104003189,Hrana,"0,99"
Fant Fix Kosani Odrezak umak,6900771,0.09,90g,,1.39,,,15.44,3850104048999,Hrana,"1,39"
Naturavita Uvin H èaj,6900808,0.03,30g,,1.99,,,1.99,3858884090641,Piæe,"1,99"
Baby vlažne maramice SK2,6900999,0.12,20komad,Lupilu,0.39,,,0.02,20660437,Toaletne potrepštine,"0,59"
Johnnie Walker Red Label Whisky 40%,6901395,0.7,"0,7l",,17.19,,,24.56,5000267014203,Piæe,"18,59"
"Travarica 37,5%",6901434,0.95,1l,Alliance,9.99,,,9.99,4304493259287,Piæe,"9,99"
Vrhnje za kuhanje 10% m.m.,6901477,0.5,500ml,Pilos,2.29,,,4.58,20778705,Hrana,"2,29"
"Peèeni svinjski but, cca. 1kg",6901524,1,cca. 1kg,Okusi zavièaja,5.99,,,5.99,2847162000000,Hrana,"5,99"
Mentol bomboni SK2,6901559,0.1,100g,Amanie,0.59,,,5.9,20778927,Hrana,"0,59"
Ožujsko pivo s grejpom 2%,6901564,0.5,"0,5l",,1.55,,,3.1,3850131002551,Piæe,"1,55"
Bruschetti Maretti s rajèicama,6901569,0.15,150g,,1.59,,,10.6,3800205877547,Hrana,"1,59"
Èips slani XXL,6901621,0.3,300g,Snack Day,1.69,,,5.63,20779412,Hrana,"1,59"
Èips paprika XXL ,6901622,0.3,300g,Snack Day,1.69,,,5.63,20779429,Hrana,"1,59"
Èips slani,6901626,0.04,40g,Snack Day,0.39,,,0.39,20779597,Hrana,"0,39"
"Skaramuèa Dingaè, vrh. vino",6901640,0.75,"0,75l",,14.79,,,19.72,3859888214019,Piæe,"13,79"
"Havana 3 Years Old Rum, 37,5%",6901710,0.7,"0,7l",,16.15,,,23.07,8501110088831,Piæe,"16,15"
Podravka pikant pašteta,6901758,0.095,95g,,0.89,,,9.37,3858886469261,Hrana,"0,89"
BO Kruh sa chia sjemenkama,6901799,0.32,320g,,1.29,,,4.03,3859893136115,Hrana,"1,29"
BO Beskvasni kruh SUS,6901825,0.4,400g,,1.39,,,3.48,3859890733188,Hrana,1.39
Violeta Baby vlažne maramice,6901868,0.962,3x56komad,,4.79,,,1.6,3870128008151,Toaletne potrepštine,"4,79"
"Champions Edition Mix kobas., nar.",6901934,0.3,300g,Champions Edition,4.59,,,15.3,20780456,Hrana,"4,59"
Svježi sir 20% m.m.,6901956,0.5,500g,Okusi zavièaja,1.99,,,3.98,20780449,Hrana,"1,85"
Pinður,6901959,0.54,540g,Kania,,3.29,4.75,6.09,20780272,Hrana,"4,75"
"Gloria Kava, mljevena",6901970,0.45,450g,,8.49,,,18.87,3858881087897,Piæe,"8,49"
Barkleys Classic SK10,6902264,0.05,50g,,2.39,,,47.8,87313277,Hrana,"2,39"
Dukat b.Aktiv LGG Smoothie SK1,6902278,0.33,330g,,1.99,,,6.03,3850354011712,Hrana,"1,82"
Dukat b.Aktiv LGG Smoothie SK1,6902278,0.33,330g,,1.99,,,6.03,3850354015918,Hrana,"1,82"
Bruschette Maretti pizza,6902286,0.15,150g,,1.59,,,10.6,3800205877554,Hrana,"1,25"
Gloria mljevena kava,6902313,0.5,500g,,7.49,,,14.98,3858881088184,Piæe,"6,99"
Šunka za pizzu,6902352,0.4,400g,Pikok,1.59,,,3.98,20780838,Hrana,"2,19"
Šunka za pizzu,6902352,0.4,400g,Pikok,1.59,,,3.98,4056489925217,Hrana,"2,19"
"Mlada teletina za peèenje, cca. 2kg",6902353,1,cca. 2kg,Naša mesnica,,8.89,10.99,8.89,2894691000000,Hrana,"9,99"
"Jaja podni uzgoj, razred L, 10 kom.",6902414,0.68,10komad,Okusi zavièaja,2.99,,,0.3,4056489316985,Hrana,"2,69"
"Jaja podni uzgoj, razred L, 10 kom.",6902414,0.68,10komad,Okusi zavièaja,2.99,,,0.3,4056489317852,Hrana,"2,69"
"Barcaffe mljevena kava, 400g",6902430,0.4,400g,,8.99,,,22.48,3838471038041,Piæe,"7,99"
Zvijezda Francuska salata,6902539,1,1000g,,5.89,,,5.89,3858882216494,Hrana,"5,95"
"Dimljena svinjska rebra, cca. 700g",6902571,1,ca. 700g,Pikok,7.96,,,7.96,2894680000000,Hrana,"7,96"
"Jamnica Gazirana min. voda, 1l",6902579,1,1l,,1.13,,,1.13,3859888152014,Piæe,"0,96"
Jana Ledeni èaj breskva,6902582,0.5,"0,5l",,1.19,,,2.38,3858884601052,Piæe,"1,19"
Sarajevski Kiseljak Min. gaz. voda,6902591,1.5,"1,5l",,0.88,,,0.59,3871059000078,Piæe,"0,88"
Ðuveè uprženi,6902612,0.82,850ml,Chira,1.72,,,2.1,20781408,Hrana,"1,72"
Jadro Napolitanke,6902658,0.43,430g,,3.19,,,7.42,3850120295438,Hrana,"3,19"
Jadro Napolitanke,6902658,0.43,430g,,3.19,,,7.42,3850120601321,Hrana,"3,19"
Cikla u kriškama (OM 360g),6902705,0.36,720ml,Okusi zavièaja,1.49,,,4.14,20781217,Hrana,1.49
Euro-Milk Dragec Sir SK1,6902724,0.225,225g,,2.75,,,12.22,3859889770620,Hrana,"2,75"
Faks Deterdžent lavanda&smilje,6902751,2.275,"2,275kg",,9.99,,,4.39,3850105163691,Sredstva za èišæenje,"11,99"
Meggle Mozzarella,6902819,0.125,125g,,1.09,,,8.72,3870085050019,Hrana,"1,39"
Piko Parizer,6902834,0.4,400g,,3.99,,,9.98,3850139191134,Hrana,"3,99"
Belje Baranjski kulen,6902837,1,cca. 1kg,,23.89,,,23.89,3850257051501,Hrana,"14,99"
"Svinjska rebra marinirana, ca. 500g",6902856,1,ca. 500g,Naša mesnica,6.59,,,6.59,2228560000000,Hrana,"6,59"
"Svinjska rebra marinirana, ca. 500g",6902856,1,ca. 500g,Naša mesnica,6.59,,,6.59,2803093000000,Hrana,"6,59"
Èips rebrasti slani,6902871,0.15,150g,Snack Day,1.15,,,7.67,40894867,Hrana,"0,99"
"Muškat žuti, kvalitetno bijelo vino",6902877,0.5,"0,5l",Winemakers of Croatia,6.49,,,12.98,4304493258204,Piæe,"6,49"
"'z bregov Svježe mlijeko 1,5% m.m. ",6902886,1.03,1l,,1.45,,,1.45,3850108011838,Hrana,"1,45"
Mljeveno miješano meso LIGHT,6902888,0.45,450g,Naša mesnica,4.49,,,9.98,40894928,Hrana,"4,39"
Zvijezda Suncokretovo ulje,6902914,1.1,"1,2l",,1.85,,,1.54,3856015326652,Hrana,"1,85"
Grèki voæni jogurt SK3,6902972,0.15,150g,Pilos,0.75,,,5,4056489316800,Hrana,"0,75"
Piko Parizer,6903086,0.2,200g,,2.85,,,14.25,3850139190892,Hrana,"2,85"
Špageti od durum pšeniène krupice,6903087,1,1000g,Combino,1.39,,,1.39,20781545,Hrana,1.39
"Goveði biftek, cca. 2kg",6903089,1,ca. 2kg,Naša mesnica,,24.99,28.99,24.99,2895513000000,Hrana,"28,99"
"Kinder Surprise, maxi",6903092,0.1,100g,,3.99,,,39.9,4008400239606,Hrana,"3,75"
"Kinder Surprise, maxi",6903092,0.1,100g,,3.99,,,39.9,8000500247914,Hrana,"3,75"
"Teleæi vrat s kosti, cca. 1kg",6903098,1,ca. 1kg,Naša mesnica,,8.89,10.99,8.89,2869023000000,Hrana,"4,78"
Kinder Bueno Classic 10 komada,6903121,0.43,430g,,8.49,,,19.74,3017620691027,Hrana,"7,49"
Tartufata SK1,6903162,0.09,90g,Deluxe,7.99,,,88.78,20661168,Hrana,"7,79"
Podravka Senf Estragon,6903165,0.35,350g,,2.49,,,7.11,3850104023484,Hrana,"2,49"
Svježa šarena maðarica,6903197,0.42,420g,Okusi zavièaja,3.99,,,9.5,20251017,Hrana,"3,59"
Stella Artois Svijetlo pivo 5%,6903235,2,"4x0,5l",,6.39,,,3.2,3850131483374,Piæe,"6,11"
Koko Meso mlade kokoši,6903247,1,"ca. 1,1kg",,2.19,,,2.19,2819431000000,Hrana,"2,19"
Koko Meso mlade kokoši,6903247,1,"ca. 1,1kg",,2.19,,,2.19,2819433000000,Hrana,"2,19"
Koko Meso mlade kokoši,6903247,1,"ca. 1,1kg",,2.19,,,2.19,2819434000000,Hrana,"2,19"
Koko Meso mlade kokoši,6903247,1,"ca. 1,1kg",,2.19,,,2.19,2819437000000,Hrana,"2,19"
"Jelenko Kiseli kupus, glavica",6903254,1,"cca.1,6-2,3 kg",,1.99,,,1.99,2143900000000,Hrana,"1,99"
Amadori Pureæi rolani zabatak,6903263,1,ca. 1000g,,5.89,,,5.89,2529000000000,Hrana,"5,79"
Gloria Cappuccino SK1,6903307,0.2,200g,,2.79,,,13.95,3858881087811,Piæe,"2,79"
Ketchup SK1,6903311,1,1000g,Kania,1.69,,,1.69,20251048,Hrana,"1,69"
Lampioni multipack,6903354,1.6,10x160g,-,9.99,,,1,20251505,Proizvodi za kuæanstvo,"8,9"
Lampioni multipack,6903354,1.6,10x160g,-,9.99,,,1,4056489926221,Proizvodi za kuæanstvo,"8,9"
Lampioni Premium SK2,6903360,0.5,500g,-,3.49,,,3.49,20251574,Proizvodi za kuæanstvo,"3,49"
Lampioni Premium SK2,6903360,0.5,500g,-,3.49,,,3.49,20251581,Proizvodi za kuæanstvo,"3,49"
Gordons Dry Gin Pink 37.5%,6903694,0.7,700ml,,20.99,,,29.99,5000289929417,Piæe,"20,99"
"Le Coq Cocktail Cosmopolitan, 4,7%",6903701,0.33,"0,33l",,1.19,,,3.61,4740098002871,Piæe,"1,52"
"Le Coq Cocktail Margarita, 4,7%",6903702,0.33,"0,33l",,1.19,,,3.61,4740098002895,Piæe,"1,52"
"Le Coq Cocktail Mojito, 4,7% ",6903703,0.33,"0,33l",,1.19,,,3.61,4740098002833,Piæe,"1,52"
"Le Coq Cock. Sex on the Beach, 4,7%",6903704,0.33,"0,33l",,1.19,,,3.61,4740098002857,Piæe,"1,52"
Vjenèiæi SK3,6903805,0.39,390g,Okusi zavièaja,3.29,,,8.44,4056489073437,Hrana,"3,29"
"Osjeèko Crni Radler 2,0%",6903826,0.5,"0,5l",,1.52,,,3.04,3858895010010,Piæe,"1,52"
Grah pinto,6903848,1,25kg,,1.39,,,1.39,3859893512001,Hrana,"1,49"
Roštilj kobasice XXL SK3,6903897,0.7,700g,Pikok,3.49,,,4.99,4056489073444,Hrana,"3,69"
Dekorativna traka 2m,6904165,0.039,1komad,,1.19,,,1.19,3858887141036,Proizvodi za kuæanstvo,"1,19"
Ukrasna vreæica 12x39x9cm,6904173,0.01,1komad,,0.89,,,0.89,3856023029187,Proizvodi za kuæanstvo,0.89
Ukrasna vreæica 12x39x9cm,6904173,0.01,1komad,,0.89,,,0.89,3856023029309,Proizvodi za kuæanstvo,0.89
Ukrasna vreæica 12x39x9cm,6904173,0.01,1komad,,0.89,,,0.89,6931688310331,Proizvodi za kuæanstvo,0.89
Ukrasna vreæica 32x26x12cm,6904180,0.1,1komad,,1.49,,,1.49,3856023060326,Proizvodi za kuæanstvo,"1,45"
Ukrasna vreæica 32x26x12cm,6904180,0.1,1komad,,1.49,,,1.49,3858888911584,Proizvodi za kuæanstvo,"1,45"
Ukrasna vreæica 32x26x12cm,6904180,0.1,1komad,,1.49,,,1.49,3858888911607,Proizvodi za kuæanstvo,"1,45"
Jägermeister Biljni liker 35%+2èaše,6904197,0.7,"0,7l",,14.99,,,21.41,3859890211037,Piæe,"13,99"
"Rolana šunka b.k., cca.1,5kg",6904221,1,"cca.1,5kg",Okusi zavièaja,5.85,,,5.85,2847150000000,Hrana,"6,09"
BO Zlatni korijen,6904233,0.3,300g,,1.55,,,5.17,3858881129146,Hrana,"0,66"
Kinder Happy Hippo,6904240,0.104,"5x20,7g",,2.89,,,27.92,4008400836423,Hrana,"2,69"
Kinder Happy Hippo,6904240,0.104,"5x20,7g",,2.89,,,27.92,8000500023624,Hrana,"2,69"
Napolitanke SK2,6904505,1,1000g,Champions Edition,2.79,,,2.79,4056489074786,Hrana,"2,79"
"Gouda, polutvrdi sir",6904514,1,1kg,,6.49,,,6.49,3859894087065,Hrana,"6,49"
Lino Lada namaz Milk,6904546,0.35,350g,,3.99,,,11.4,3850104267109,Hrana,"3,99"
Dukat Lag. Jutro Traj. ml. bez lak.,6904551,1.032,1l,,1.99,,,1.99,3850354017103,Hrana,"1,99"
'z bregov Mlij. protein nap. kokos,6904562,0.5,500ml,,1.99,,,3.98,3850108023657,Hrana,"1,99"
Multivita Naranèa plus,6904607,0.08,80g,,1.45,,,18.13,3858881248205,Hrana,"2,19"
Mini Snack SK1,6904631,0.03,30g,Snack Day,0.49,,,0.49,4056489074007,Hrana,"0,45"
BO Polubijeli domaæi kruh,6904897,0.4,400g,,0.59,,,1.48,3858895203115,Hrana,"0,59"
PIK Kuhana šunka narezana,6905007,0.125,125g,,2.49,,,19.92,3850139360516,Hrana,"1,99"
Megamilk maslac,6905027,0.25,250g,,1.69,,,6.76,8001733103022,Hrana,"1,24"
Hipp BIO meni povræe/riža/teletina,6905078,0.22,220g,,2.05,,,9.32,9062300103035,Hrana,"2,05"
BO Domaæa sirnica,6905437,0.17,170g,,0.95,,,5.59,3856016952751,Hrana,"0,95"
BO Burek motani sir,6905439,0.22,220g,,1.19,,,5.41,3858893621539,Hrana,"1,19"
BO Burek motani sir,6905439,0.22,220g,,1.19,,,5.41,4052917610342,Hrana,"1,19"
Frozy Plodovi mora u umaku od rajè.,6905450,0.5,500g,,3.69,,,7.38,3858891044590,Hrana,"3,69"
Frozy Riblji fileti a la Bordelaise,6905454,0.38,380g,,1.49,,,3.92,3858891044149,Hrana,"1,49"
Graševina,6905538,2,2l,,3.99,,,2,3859893587085,Piæe,"3,99"
"Domaæa dimljena slanina, cca. 700g",6905828,1,ca. 700g,Okusi zavièaja,13.59,,,13.59,2868990000000,Hrana,"13,59"
Nivea Gel za tuširanje duopack SK1,6905887,1,2x500ml,,4.99,,,4.99,9005800351537,Kozmetika,"4,99"
Nivea Deo roll-on SK1,6905897,0.1,2x50ml,,3.99,,,39.9,9005800351575,Kozmetika,"3,99"
Naturel Šumeæe tablete Magnezij,6905922,0.096,96g,,2.25,,,23.44,3858887241743,Hrana,"2,25"
Dorina Èokolada SK1,6905966,0.231,"220g,250g",,4.49,,,20.41,3850102501984,Hrana,"4,49"
Dorina Èokolada SK1,6905966,0.231,"220g,250g",,4.49,,,20.41,3850102516285,Hrana,"4,49"
Podravka Krem juha od gljiva,6906049,0.054,54g,,1.39,,,25.74,3850104274596,Hrana,"1,39"
Violeta Omekšivaè 114 pranja SK1,6906055,3.992,4l,,4.49,,,1.12,3870128028623,Sredstva za èišæenje,"4,79"
Bio ploèica SK1,7202195,0.03,30g,Alesto,0.89,,,0.89,20962227,Hrana,"0,89"
"Smrznute kajzerice bijele, 12x63g",7204170,0.756,756g,-,1.99,,,2.63,4052917047247,Hrana,"1,99"
"""Meat Revolution"" Bl.Ang. Prim.Bur.",7205904,0.25,250g,,3.39,,,13.56,3800216653123,Hrana,"3,39"
BO Kukuruzni miješani kruh,7300514,0.5,500g,,1.49,,,2.98,3838700935981,Hrana,1.49
Svježa jaja M,7300787,0.59,10komad,,1.89,,,0.19,4056489076346,Hrana,Nije_bilo_u_prodaji_02.05.2025
"Trajno mlijeko bez laktoze 3,5%m.m.",7301471,1.03,1l,Pilos,1.59,,,1.59,20905378,Hrana,"1,59"
"Alk. piæe na bazi ruma 37,5% Vol.",7302087,0.475,"0,5l",Alliance,5.49,,,10.98,4056489296973,Piæe,"5,49"
Gazirana mineralna voda,7302476,1.5,"1,5l",Saguaro,0.65,,,0.43,4056489296928,Piæe,"0,65"
BO Hamburger pecivo sa sezamom,7302644,0.09,90g,,0.25,,,2.78,3831001866763,Hrana,Nije_bilo_u_prodaji_02.05.2025
Radenska Kraljevi vrelec Gaz.min.v.,7302709,9,"6x1,5l",,3.99,,,0.44,3830000623247,Piæe,"3,99"
Pašteta od tune,7303088,0.095,95g,Nixe,1.49,,,15.68,4056489076179,Hrana,"1,39"
Fussili od leæe/slanutka SK1,7702738,0.25,250g,Combino,1.89,,,7.56,20031442,Hrana,"1,89"
Proteinski prutiæ 50% SK7,7703649,0.045,45g,-,1.35,,,1.35,20035525,Hrana,"1,35"
Proteinski prutiæ 50% SK7,7703649,0.045,45g,-,1.35,,,1.35,20035587,Hrana,"1,35"
Bruschetta namaz SK2,7705168,0.15,150g,Italiamo,1.25,,,8.33,20228057,Hrana,"1,53"
Mango mousse,7705252,0.16,2x80g,Vitasia,2.49,,,15.56,20758660,Hrana,"2,49"
Èokoladne kokice SK1,7706767,0.18,180g,Mister Choc,2.69,,,14.94,4056489038955,Hrana,"2,69"
Kobasica od mesa peradi SK2,7711309,0.379,"350g,400g",Grillmeister,3.29,,,8.23,4009335090096,Hrana,"3,29"
Desert SK1,7711590,0.3,300g,Alpenfest,2.49,,,8.3,4056489388418,Hrana,Nije_bilo_u_prodaji_02.05.2025
Desert u èašici SK5,7712768,0.09,90g,Deluxe,1.69,,,18.78,4056489484332,Hrana,"1,69"
Vivil Bomboni bez šeæera sort.,7713799,0.12,120g,,1.79,,,14.92,4020400898621,Hrana,"1,79"
Vivil Bomboni bez šeæera sort.,7713799,0.12,120g,,1.79,,,14.92,4020400898638,Hrana,"1,79"
Vivil Bomboni bez šeæera sort.,7713799,0.12,120g,,1.79,,,14.92,4020400898683,Hrana,"1,79"
Vivil Bomboni bez šeæera sort.,7713799,0.12,120g,,1.79,,,14.92,4020400898713,Hrana,"1,79"
Hrskavo peèenje od šunke SK1,7714586,0.12,120g,Deluxe,1.79,,,14.92,4056489706847,Hrana,"1,79"
Tortilla Chips Paprika,7714662,0.06,60g,-,2.99,,,49.83,4056489707158,Hrana,"2,99"
Proteinski hrskavi prutiæ 33% SK1,7715074,0.045,45g,-,1.49,,,1.49,4056489884866,Hrana,"1,49"
Proteinski hrskavi prutiæ 33% SK1,7715074,0.045,45g,-,1.49,,,1.49,4056489884880,Hrana,"1,49"
Kozji sir SK1,7715284,0.16,160g,Deluxe,3.67,,,22.94,4056489885184,Hrana,Nije_bilo_u_prodaji_02.05.2025
Kozji sir SK1,7715284,0.16,160g,Deluxe,3.67,,,22.94,4056489885207,Hrana,Nije_bilo_u_prodaji_02.05.2025
Salvete 3-sloj nogomet SK1,7715992,0.206,40komad,Floralys,0.9,,,0.02,4056489886402,Toaletne potrepštine,"0,9"
Salvete 3-sloj nogomet SK1,7715992,0.206,40komad,Floralys,0.9,,,0.02,4056489886419,Toaletne potrepštine,"0,9"
Kokice u preklopnoj kutiji SK1,7716490,0.18,180g,MCENNEDY,2.79,,,15.5,4056489887126,Hrana,"2,79"
Manner napolitanke,7718516,0.4,400g,,3.49,,,8.73,9000331607917,Hrana,Nije_bilo_u_prodaji_02.05.2025
Rada Ovèiji sir,9003529,1,ca. 350g,,11.99,,,11.99,2106075000000,Hrana,"11,99"
TK Pizza Capriciosa,9004031,0.33,330g,Trattoria Alfredo,2.29,,,6.94,4056489996255,Hrana,Nije_bilo_u_prodaji_02.05.2025
Voda za lice Rose Argan,0158447,0.149,150ml,Cien,1.59,,,10.6,4056489349389,Kozmetika,"1,59"
Proteinski Cookies SK3,0158685,0.045,45g,Sondey,1.59,,,1.59,4056489350859,Hrana,"1,59"
Proteins. miks sa oraš.plod. i soj.,0158955,0.15,150g,Alesto,1.99,,,13.27,4056489357117,Hrana,"1,99"
BO Èokoladni Cronuts,0159134,0.095,95g,,1.19,,,12.53,4056489044116,Hrana,"1,19"
High Protein napitak SK1,0160560,0.35,350g,Milbona,1.49,,,4.26,4056489406679,Hrana,"1,49"
Premium sladoled na štapiæu SK1,0160838,0.288,4x90ml,Gelatelli,2.92,,,8.11,4056489411185,Hrana,"2,92"
Panzerotti all'amarena SK2,0160984,0.14,140g,Italiamo,1.59,,,11.36,4056489412090,Hrana,"1,49"
Mirisni osvježivaè prostora SK18,0161698,0.148,150ml,W5,1.39,,,9.27,4056489232278,Sredstva za èišæenje,"1,69"
Mirisni osvježivaè prostora SK18,0161698,0.148,150ml,W5,1.39,,,9.27,4335619172401,Sredstva za èišæenje,"1,69"
Senf na amerièki naèin,6211484,0.5,500g,MCENNEDY,1.59,,,3.18,4056489906834,Hrana,"1,59"
Kava s aromom SK1,6211933,0.2,200g,Bellarom,6.49,,,32.45,4335619096707,Piæe,"5,7"
Ruèno raðena èokolada SK2,6400452,0.1,100g,Deluxe,3.19,,,31.9,20489861,Hrana,"3,79"
Pržene suncokretove sjemenke,6400716,0.2,200g,Alesto,0.89,,,4.45,20350444,Hrana,"0,89"
Kukuruzni snack s okusom èilija,6400718,0.07,70g,Alesto,0.69,,,9.86,20504748,Hrana,"0,69"
Kukuruzni snack s okusom èilija,6400718,0.07,70g,Alesto,0.69,,,9.86,20504755,Hrana,"0,69"
Kukuruzni snack s okusom èilija,6400718,0.07,70g,Alesto,0.69,,,9.86,20949181,Hrana,"0,69"
XXL pureæa prsa sa sirom,6401098,1.5,1500g,Chef Select,4.99,,,3.33,20587857,Hrana,"4,79"
Poklon paket Nivea Soft Care,6906109,0.308,300ml,,4.39,,,14.63,9005800382753,Kozmetika,"4,39"
Poklon paket Nivea Soft Care,6906109,0.308,300ml,,4.39,,,14.63,9005801230237,Kozmetika,"4,39"
PIK Fina šunka narezana XXL,6906138,0.3,300g,,3.99,,,13.3,3850139241112,Hrana,"4,49"
Mini princes krafne,6906163,0.27,270g,Okusi zavièaja ,3.79,,,14.04,4056489610632,Hrana,"3,79"
Traka potezna 5 cm/2 kom,6906202,0.039,1komad,,0.99,,,0.5,3858888919214,Proizvodi za kuæanstvo,"0,99"
"Dukat Dukatos Natur jogurt, 450g",6906226,0.45,450g,,2.69,,,5.98,3850354010784,Hrana,"2,59"
Forum Orgo Vege Burger - crni grah,6906347,0.2,200g,,1.89,,,9.45,3859893778636,Hrana,"1,89"
Forum Orgo Vege Burger-crni gr.cur.,6906348,0.2,200g,,1.89,,,9.45,3859893778629,Hrana,"1,89"
Sladoled štapiæ bijela èok.-badem,0137327,0.095,120ml,Gelatelli,1.19,,,9.92,4335619227385,Hrana,"0,99"
Hugo SK1,0137660,0.2,"0,2l",Allini,1.29,,,6.45,4056489249276,Piæe,"1,29"
Hugo SK1,0137660,0.2,"0,2l",Allini,1.29,,,6.45,4304493268555,Piæe,"1,29"
"Bio kašica povræe, tjes. i puretina",0138002,0.25,250g,Lupilu,1.29,,,5.16,20995867,Hrana,"1,29"
"Bio kašica pov., tjest. s vrhnjem ",0138005,0.25,250g,Lupilu,1.29,,,5.16,4056489882268,Hrana,"1,29"
Kremasti gel za tuširanje SK4,0138047,0.311,300ml,Cien,1.69,,,5.63,20112011,Kozmetika,"1,69"
Djeèje pelene maxi,0138085,1.52,50komad,Lupilu,6.75,,,0.14,4056489352785,Toaletne potrepštine,"6,75"
Djeèje pelene junior,0138087,1.43,44komad,Lupilu,6.39,,,0.15,4056489352792,Toaletne potrepštine,"6,39"
"Djed Božiænjak, 10kom. u kutiji",0138641,0.125,125g,Favorina,2.29,,,18.32,20185220,Hrana,"1,69"
Lasagne Bolognese XXL,0138704,2,2kg,Chef Select,7.49,,,3.75,4056489007043,Hrana,"7,49"
Suha hrana za pse SK4,0138813,1.5,"1,5kg",Orlando Gourmet,2.39,,,1.59,20136031,Proizvodi za kuæanstvo,"2,39"
Odstranjivaè make.upa SK3,0138914,0.102,100ml,Cien,1.39,,,13.9,4056489447061,Kozmetika,"1,39"
Torte SK2,7306530,0.75,750g,,8.79,,,11.72,3831001686040,Hrana,"8,79"
Ekstra pileæe kobasice XXL,7306951,1.2,1200g,,2.59,,,2.16,3850220153997,Hrana,"2,59"
Gazirana stolna voda,7307442,1.5,"1,5l",Saguaro,0.55,,,0.37,4056489937524,Piæe,"0,65"
Gazirana stolna voda,7307442,1.5,"1,5l",Saguaro,0.55,,,0.37,4304493260399,Piæe,"0,65"
Krafna s punjenjem od vanilije,7307848,0.165,165g,,1.99,,,12.06,3830085171077,Hrana,Nije_bilo_u_prodaji_02.05.2025
Krafna s punjenjem od vanilije,7307848,0.165,165g,,1.99,,,12.06,3830085171602,Hrana,Nije_bilo_u_prodaji_02.05.2025
Kroasan s pistacijom,7307980,0.36,360g,Deluxe,3.19,,,8.86,4056489937890,Hrana,"3,55"
"Kras Primorski pršut, ca.1000g",7309126,1,ca.1000g,,14.99,,,14.99,2191266000000,Hrana,Nije_bilo_u_prodaji_02.05.2025
"Kras Primorski pršut, ca.1000g",7309126,1,ca.1000g,,14.99,,,14.99,2191268000000,Hrana,Nije_bilo_u_prodaji_02.05.2025
"Kras Domaæi pršut, ca.1000g",7309127,1,ca.1000g,,17.99,,,17.99,2191272000000,Hrana,Nije_bilo_u_prodaji_02.05.2025
Mlinotest Fusilli,7309357,1,1000g,,1.45,,,1.45,3831001823933,Hrana,Nije_bilo_u_prodaji_02.05.2025
Perutnina Ptuj dimljena pileæa prsa,7309512,0.25,250g,,2.99,,,11.96,3838977038774,Hrana,Nije_bilo_u_prodaji_02.05.2025
Maslac s Camargue morskom soli,7400119,0.25,250g,Deluxe,3.79,,,15.16,20612610,Hrana,"2,99"
Mini lisnato,7404662,0.08,80g,Deluxe,1.39,,,17.38,4056489048558,Hrana,"1,39"
Èokoladni kolaè SK2,7405446,0.18,2x90g,Deluxe,2.19,,,12.17,4056489366102,Hrana,"2,79"
Cheesecake u casi SK2,7405898,0.165,"2x80g,2x85g",Deluxe,2.79,,,17.44,4056489215134,Hrana,"3,11"
Schogetten SK96,0002838,0.1,100g,,1.75,,,17.5,4000415197803,Hrana,"1,29"
Schogetten SK96,0002838,0.1,100g,,1.75,,,17.5,4000415730307,Hrana,"1,29"
Schogetten SK96,0002838,0.1,100g,,1.75,,,17.5,4000607186400,Hrana,"1,29"
"Kinder Èokolada 8 komada, 100g",0002839,0.1,100g,,1.89,,,18.9,80177616,Hrana,"1,79"
Müsli prutiæi SK50,0002858,0.2,200g,Crownfield,1.65,,,8.25,20080662,Hrana,"1,65"
"Ferrero Raffaello 15 komada, 150g",0002870,0.15,150g,,4.29,,,28.6,5413548040592,Hrana,"3,99"
Sjajilo za ispiranje posuða,0151573,1.018,1l,W5,1.89,,,1.89,4056489226642,Sredstva za èišæenje,"1,89"
Primitivo Puglia IGT,0151636,0.75,"0,75l",-,3.99,,,5.32,4056489615576,Piæe,"3,99"
Grèko predjelo SK1,0151685,0.39,"380g,400g",Eridanous,4.69,,,12.34,4056489231622,Hrana,"3,69"
Grèko predjelo SK1,0151685,0.39,"380g,400g",Eridanous,4.69,,,11.73,4056489231622,Hrana,"3,69"
Premium Vodka 42%/40% Vol. SK1,0152018,0.662,"0,7l",,7.09,,,10.13,4304493265325,Piæe,"8,99"
Prosecco Spumante DOC Brút,0152616,0.75,"0,75l",,5.99,,,7.99,4056489237372,Piæe,"6,49"
Pjenušac polusuhi,0152672,0.75,"0,75l",Burg Schöneck,3.29,,,4.39,4056489237419,Piæe,"2,99"
Masline SK4,0153199,0.15,150g,Let's have a party!,2.19,,,14.6,4056489241973,Hrana,"2,29"
Tuna u maslinovom ulju,0153390,0.21,3x70g,Nixe,3.29,,,21.09,4056489262275,Hrana,"2,99"
Gumeni bomboni voæni jogurt,0153599,0.2,200g,Sweet Corner,1.19,,,5.95,4056489267294,Hrana,"1,19"
Hrskavi mlijeèni desert vanilija,0153698,0.35,650ml,Gelatelli,2.15,,,3.31,4056489267782,Hrana,"2,49"
Hrskavi mlijeèni desert vanilija,0153698,0.35,650ml,Gelatelli,2.15,,,3.31,4056489267799,Hrana,"2,49"
Toaletna voda za muškarce SK5,0153751,0.063,75ml,G. Bellini,6.49,,,86.53,4056489918028,Kozmetika,"6,49"
Prutiæi od lisnatog tijesta ,0168697,0.125,125g,Alpenfest,1.4,,,11.2,4056489527541,Hrana,"1,79"
Kozji sir SK2,0169128,0.1,100g,Duc de Coeur,1.99,,,19.9,4056489679219,Hrana,"2,1"
Grickalice za pse SK6,0169319,0.14,"105g,135g,180g",Orlando,0.89,,,8.48,4056489333623,Proizvodi za kuæanstvo,"0,89"
Zaèin za medenjake,0169493,0.015,15g,Belbake,0.59,,,0.59,4056489537588,Hrana,"0,79"
Praline SK1,0169617,0.196,4x70ml,Gelatelli,3.49,,,12.46,4056489538196,Hrana,"3,49"
Kocke sira u repièinom ulju 45% SK1,0170443,0.35,350g,Eridanous,3.39,,,9.69,4056489550808,Hrana,"3,29"
Sredstvo za èišæenje SK1,0170595,0.997,1l,W5,2.29,,,2.29,4056489554318,Sredstva za èišæenje,"2,29"
Sauvignon Blanc Pays d'Oc IGP,0074337,0.75,"0,75l",Chevalier de Fauvert,3.99,,,5.32,4056489790563,Piæe,"3,99"
Uložak za odvlaživaè zraka,0173969,1.35,3x450g,W5,2.99,,,2.21,4056489607748,Sredstva za èišæenje,"3,49"
Picco Pizzi XXL SK1,0174949,0.72,24x30g,Trattoria Alfredo,6.99,,,9.71,4056489620136,Hrana,"6,99"
Deterdžent za pranje posuða XXL SK1,0176452,3.06,3l,W5,2.99,,,1,4056489644484,Sredstva za èišæenje,"2,99"
Deterdžent za pranje posuða XXL SK1,0176452,3.06,3l,W5,2.99,,,1,4056489799047,Sredstva za èišæenje,"2,99"
Lak za nokte Cocktail SK2,0177036,0.01,11ml,Cien Beauty,1.29,,,117.27,4056489430933,Kozmetika,"1,29"
"Kapsule za kavu, 20komada, RFA",0177840,0.116,116g,Bellarom,4.49,,,38.71,4056489663843,Piæe,"3,99"
"Toaletni papir 4-sloja, 10x180lis.",0178278,1.38,1800Blatt,Floralys,4.09,,,0.41,4335619260115,Toaletne potrepštine,Nije_bilo_u_prodaji_02.05.2025
Deterdžent za rublje 100 pranja SK1,0178292,5.127,5l,Formil,8.99,,,1.8,4056489663966,Sredstva za èišæenje,Nije_bilo_u_prodaji_02.05.2025
Mješavina zaèina iz Provanse,0178353,0.031,"13g,35g,45g",Duc de Coeur,1.49,,,1.49,4056489666301,Hrana,"1,49"
Tiramisu,0178605,0.5,500g,Italiamo,3.79,,,7.58,4056489671763,Hrana,"3,79"
Pripravak od sušene rajèice,0178938,0.19,190g,Duc de Coeur,1.39,,,7.32,4056489682721,Hrana,"1,29"
"Bio napitak od zobi, okus èokolada",0179288,1.036,1000ml,Vemondo,1.99,,,1.99,4056489687610,Hrana,"1,79"
Colgate Pasta za zube Max White SK2,6905610,0.128,75ml,,3.95,,,52.67,8718951250017,Kozmetika,"3,95"
Boom Box Zobeni napitak s bademom,6905664,1,1l,,2.89,,,2.89,3858890476927,Hrana,"2,79"
Kraš PreKrašni Kolaèiæi sa noug. p.,6905694,0.22,220g,,1.89,,,8.59,3870450002070,Hrana,"1,89"
Kraš PreKrašni Kolaèiæ sa kakao p.,6905700,0.22,220g,,1.89,,,8.59,3850102011230,Hrana,"2,59"
Labello balzam za usne,6905748,0.01,"2x4,8g",,3.39,,,3.39,9005800362878,Kozmetika,"3,39"
BO Pecivo lepinja,6905787,0.12,120g,,0.39,,,3.25,4052917332015,Hrana,"0,39"
BO Pecivo lepinja,6905787,0.12,120g,,0.39,,,3.25,4056489317463,Hrana,"0,39"
Rižoto SK5,6001161,0.175,175g,Kania,1.09,,,6.23,20499990,Hrana,"1,29"
Sir toskanski SK3,6001274,0.15,150g,Deluxe,3.99,,,26.6,20446253,Hrana,"3,99"
Ruèno zamotana uskrsna golubica,6001461,0.9,900g,Deluxe,7.99,,,8.88,20623494,Hrana,"7,99"
Tarallini keksi SK1,6002478,0.5,500g,Italiamo,2.99,,,5.98,20111670,Hrana,"1,99"
Tarallini keksi SK1,6002478,0.5,500g,Italiamo,2.99,,,5.98,20114794,Hrana,"1,99"
"Bechamel umak 10,5%m.m",6002594,0.527,500ml,Italiamo,1.29,,,2.58,4056489720577,Hrana,"1,19"
Salama Cacciatore/Brianza DOP SK1,6004300,0.08,80g,Italiamo,2.99,,,37.38,20849580,Hrana,"2,99"
Burrata di Bufala,6005583,0.125,125g,Deluxe,2.29,,,18.32,20970376,Hrana,"2,29"
Amorettini pistacija/èokolada,6006060,0.15,150g,Deluxe,,2.29,2.99,15.27,20000851,Hrana,"2,89"
Bio njoki,6006917,0.4,400g,Chef Select,1.59,,,3.98,20052973,Hrana,"1,59"
Gorgonzola DOP s korom SK1,6007296,0.2,200g,Milbona,3.29,,,16.45,20053475,Hrana,"3,25"
Grana Padano DOP 14M u kockicama,6007311,0.3,300g,Italiamo,5.29,,,17.63,20158545,Hrana,"5,19"
Mlijeèni desert vanil. i èoko. SK3,5701233,0.135,"130g,140g",Sol&Mar,1.59,,,12.23,20705541,Hrana,"1,59"
Maslinovo ulje u spreju SK11,5701525,0.183,200ml,Kania,2.89,,,14.45,20879006,Hrana,"2,89"
Chorizo extra Sarta salama SK2,5701702,0.2,200g,Sol&Mar,2.69,,,13.45,20879723,Hrana,"2,69"
Biskvit torta SK2,5702871,0.347,"330g,370g",Sol&Mar,1.89,,,5.73,20421236,Hrana,"1,89"
Siao Long Pao SK2,5704408,0.24,"230g,250g",Vitasia,3.99,,,1.73,20796518,Hrana,"3,99"
Mini snack salama SK3,5705400,0.08,80g,Latin American Style,1.39,,,17.38,20645052,Hrana,"1,39"
Mini snack salama SK3,5705400,0.08,80g,Latin American Style,1.39,,,17.38,4056489965367,Hrana,"1,39"
Mini snack salama SK3,5705400,0.08,80g,Latin American Style,1.39,,,17.38,4056489965374,Hrana,"1,39"
Peperoncini sa sirom,5706124,0.26,284ml,Deluxe,4.29,,,28.6,20496326,Hrana,"4,29"
Podravka Povrtna kocka za juhu,6906377,0.12,120g,,2.19,,,18.25,3850104274015,Hrana,"2,19"
Nivea Men Cr. Styl.Gel za kosu SK1,6906400,0.15,150ml,,5.79,,,38.6,9005800318325,Kozmetika,"5,79"
Nivea Dezodorans SK1,6906413,0.092,150ml,,3.95,,,26.33,4005808734320,Kozmetika,"3,95"
BO Domaæi Craft kruh sa sjemenkama ,6906465,0.4,400g,,1.79,,,4.48,4052917530664,Hrana,"1,69"
Cedevita Instant napitak SK1,6906479,0.9,900g,,6.69,,,7.43,3850322015049,Piæe,"6,39"
Mini JAP SK2,6906540,0.097,100ml,Alliance,1.29,,,12.9,20254780,Piæe,"1,19"
Moto Èajno pecivo Kakao,6906611,0.192,192g,,1.49,,,7.76,3850102012572,Hrana,"1,49"
Gazirano piæe Orangina,6906625,1.25,"1,25l",,2.65,,,2.12,3877000209613,Piæe,"2,49"
Dukatos Selection okus vanilija,6906657,0.15,150g,,0.89,,,5.93,3850354016984,Hrana,"0,89"
Heineken Svijetlo pivo 5%,6906664,2.02,"4x0,5l",,6.49,,,3.25,3830001714715,Piæe,"6,07"
Spirits of Croatia Teranino 16% ,6906673,0.5,"0,5l",,7.99,,,15.98,3859894287021,Piæe,"7,99"
Cetina mineralna negazirana voda,6906693,1.5,"1,5l",,0.85,,,0.57,3859890129004,Piæe,"0,82"
Lino Lada Namaz Duo,6906694,0.7,700g,,4.99,,,7.13,3856020259884,Hrana,"4,79"
Pivac Èajna narezak,6906717,0.08,80g,,1.19,,,14.88,3858884997131,Hrana,"1,19"
Zvijezda Stolni margarin 70%,6906987,1,4x250g,,2.99,,,2.99,3856015323989,Hrana,"2,89"
Toaletni papir Floralys 3sl.,6907009,1.195,10x200Blatt,Floralys,2.99,,,0.3,4056489611301,Toaletne potrepštine,"2,99"
PIK Pureæa šunka peèena,6907016,0.1,100g,,1.89,,,18.9,3850139522150,Hrana,"1,89"
Cekin Pileæa posebna kobasica,6907072,1,1000g,,2.49,,,2.49,3850159125522,Hrana,"2,99"
President Zag.svj. sir bez laktoze,6907095,0.22,220g,,2.12,,,9.64,3850355007561,Hrana,"2,12"
Jad. srdela u s. ulju sa suš. raj.,6907126,0.1,100g,Okusi zavièaja,1.39,,,13.9,4056489612223,Hrana,"1,39"
Nila Tek.deterdžent 50 pranja SK1,6907141,2.7,"2,7l",,8.99,,,0.18,3850105169631,Sredstva za èišæenje,"9,29"
Nila Tek.deterdžent 50 pranja SK1,6907141,2.7,"2,7l",,8.99,,,3.33,3850105169662,Sredstva za èišæenje,"9,29"
Studena izvorska voda 4+2 gratis,6907152,9,"6x1,5l",,3.49,,,0.39,3856022301802,Piæe,"3,49"
Dove Dezodorans SK1,6907175,0.15,150ml,,5.19,,,34.6,8712561820493,Kozmetika,"5,35"
Dove Dezodorans SK1,6907175,0.15,150ml,,5.19,,,34.6,8720181291852,Kozmetika,"5,35"
The Garden Brewery Craft pivo SK3,6907187,0.443,"0,44l",,1.85,,,4.2,3858893811589,Piæe,"1,85"
The Garden Brewery Craft pivo SK3,6907187,0.443,"0,44l",,1.85,,,4.2,3858893811596,Piæe,"1,85"
Bezalkoholni koktel SK1,6907271,0.33,"0,33l",-,0.89,,,2.7,4056489611707,Piæe,"0,69"
Bezalkoholni koktel SK1,6907271,0.33,"0,33l",-,0.89,,,2.7,4056489611721,Piæe,"0,69"
Dipterol Krema nakon uboda,6907279,0.05,50ml,,5.49,,,109.8,3856007910883,Proizvodi za kuæanstvo,"5,49"
Multivitamin 100%,6408260,1,1l,Solevita,1.59,,,1.59,4056489271314,Piæe,"1,59"
Hrskava patka,6410320,0.32,320g,Deluxe,6.99,,,21.84,4056489499541,Hrana,"5,59"
Mozzarella ribana bez laktoze,6410714,0.2,200g,Pilos,2.49,,,12.45,4056489500094,Hrana,"1,99"
Goldenfood Svj. paèji batak-zabatak,6410895,1,"ca0,4-0,6kg",,8.99,,,8.99,2898055000000,Hrana,"8,99"
Goldenfood Svj. paèji batak-zabatak,6410895,1,"ca0,4-0,6kg",,8.99,,,8.99,2898058000000,Hrana,"8,99"
"Trajno mlijeko 3,5%",6418524,1,1l,,0.69,,,0.69,5998200484186,Hrana,Nije_bilo_u_prodaji_02.05.2025
Haringa SK1,6512117,0.26,260g,Ocean Sea,2.19,,,8.42,4056489503453,Hrana,Nije_bilo_u_prodaji_02.05.2025
Tjestenina Fussili XXL,0146617,1.2,"1,2kg",Combino,1.49,,,1.24,4056489105718,Hrana,"1,89"
Špagete XXL,0146618,1.2,1200g,Combino,1.49,,,1.24,4056489105725,Hrana,"1,89"
Lazanje XXL,0146683,1.15,"1,15kg",Chef Select,3.98,,,3.46,4056489108689,Hrana,"5,29"
Svježi prirodni sok SK16,0146799,1.045,1l,Solevita,3.29,,,3.29,4304493270015,Hrana,"3,19"
Vreæica sa slatki.,0147625,0.171,171g,Favorina,3.19,,,18.65,4056489139546,Hrana,Nije_bilo_u_prodaji_02.05.2025
Èokoladne dekoracije SK1,0147652,0.041,"34g,40g,48g",Belbake,1.79,,,43.66,4056489139720,Hrana,"1,79"
Èokoladne dekoracije SK1,0147652,0.041,"34g,40g,48g",Belbake,1.79,,,43.66,4056489139737,Hrana,"1,79"
Žitarice SK2,0142679,0.5,500g,Campo Largo,1.19,,,2.38,20214531,Hrana,"1,19"
Žitarice SK2,0142679,0.5,500g,Campo Largo,1.19,,,2.38,20757755,Hrana,"1,19"
Èaj od kamilice ,0142928,0.038,"25x1,5g",Lord Nelson,0.89,,,0.89,4056489228516,Piæe,"0,59"
Grickalice za maèke Premium SK3,0143095,0.05,50g,Coshida Pure Taste,1.35,,,27,4056489024736,Proizvodi za kuæanstvo,"1,35"
Pileæi batci SK2,0143270,0.75,750g,Chef Select,5.99,,,7.99,4056489025634,Hrana,Nije_bilo_u_prodaji_02.05.2025
Pan. pil. innerfile Cornf. panada,6904316,1,ca.500g,Gourmet,9.25,,,9.25,2835163000000,Hrana,"9,25"
Pan. pil. innerfile Cornf. panada,6904316,1,ca.500g,Gourmet,9.25,,,9.25,2835166000000,Hrana,"9,25"
Panirani pileæi odrezak,6904317,0.2,200g,Gourmet,2.49,,,12.45,4056489074564,Hrana,"2,19"
Salama jelen / divlja svinja SK3,6904331,0.08,80g,Okusi zavièaja,2.35,,,29.38,4056489073826,Hrana,"2,35"
BO Domaæa pogaèa,6904332,0.3,300g,,,0.65,0.99,2.17,4056489074595,Hrana,"0,99"
Mozzarella u komadu XXL,6904356,0.7,700g,,4.79,,,6.84,3858888598150,Hrana,"4,79"
Cedevita Fresh SK1,6904371,0.34,340ml,,1.19,,,3.5,3850322013427,Piæe,"1,12"
"Svježe pile, cca. 2kg",6904372,1,ca. 2kg,,3.18,,,3.18,2146207000000,Hrana,"3,19"
"Dimljena šunka s kosti, cca. 6kg",6904437,1,ca. 6kg,Pikok,5.49,,,5.49,2845192000000,Hrana,"4,89"
"Dimljena šunka s kosti, cca. 6kg",6904437,6,ca. 6kg,Pikok,5.49,,,5.49,2845196000000,Hrana,"4,89"
"Dimljena šunka s kosti, cca. 6kg",6904437,6,ca. 6kg,Pikok,5.49,,,5.49,2851980000000,Hrana,"4,89"
Talijanski desert SK1,0133222,0.34,"4x80g,4x90g",Milbona,2.79,,,8.72,40879062,Hrana,"2,79"
Voæni gumeni bomboni,0133243,0.3,300g,Sweet Corner,1.79,,,5.97,40879284,Hrana,"1,79"
"Meki sir u salamuri SK1, ATG 500g",0133524,0.5,500g,Eridanous,7.19,,,14.38,20898472,Hrana,"8,99"
Bio tamna èokolada,0134425,0.1,100g,Fairglobe,2.79,,,27.9,40896243,Hrana,"3,29"
Bio zobene pahuljice,0134634,0.5,500g,Crownfield,1.19,,,2.38,40897677,Hrana,"0,99"
Prosecco Spumante Magnum,0134690,1.5,"1,5l",Allini,9.99,,,6.66,4056489927761,Piæe,"9,99"
Njega za pranje beba SK5,0135048,0.511,500ml,Lupilu,2.25,,,4.5,4056489233114,Kozmetika,"2,25"
Pik Rijeka Pita od oraha,6906724,0.45,450g,,3.39,,,7.53,3850135265570,Hrana,"3,39"
Lino Lada Duo,6906755,2.5,"2,5kg",,13.89,,,5.56,3850104019791,Hrana,"13,99"
Talianetta Tjestenina s 4 vrsta sir,6906760,0.145,145g,,1.49,,,10.28,3850104231025,Hrana,"1,49"
Ukrasna vreæica 32x26x12cm,6906786,0.08,1komad,,1.45,,,1.45,3856023029071,Proizvodi za kuæanstvo,"1,45"
Ukrasna vreæica 32x26x12cm,6906786,0.08,1komad,,1.45,,,1.45,3856023029088,Proizvodi za kuæanstvo,"1,45"
Ukrasna vreæica vinska 39x12x9cm,6906787,0.045,1komad,,0.99,,,0.99,3856023027831,Proizvodi za kuæanstvo,"1,25"
Aranžman Valentina/Jeruzalem SK2,6906824,1.53,1komad,,24.99,,,24.99,3858892744109,Proizvodi za kuæanstvo,"24,99"
Petit keks XXL,6906833,2,2000g,Sondey,3.59,,,1.8,4056489611141,Hrana,"3,69"
Cappuccino (RFA) SK2,6906884,0.2,200g,Bellarom,2.29,,,11.45,4056489611202,Piæe,"1,99"
ZG vreæica Vreæice za smeæe 20 l,6906896,0.184,10komad,,5.31,,,0.53,3858886760429,Proizvodi za kuæanstvo,"5,31"
Vesh Tekuæi deterdžent Power Gel ,6906913,3.138,3l,,9.99,,,3.33,3870128033948,Sredstva za èišæenje,"9,99"
"Ledo Crni bakalar, filet smrznuti",6906940,0.4,400g,,6.99,,,17.48,3850116048710,Hrana,"6,99"
Chicken pops SK1,5523640,0.21,210g,MCENNEDY,1.79,,,8.52,4056489119432,Hrana,"1,59"
Zamjenski ulošci za lampione XXL,5524403,0.54,4x1komad,-,3.49,,,3.49,4056489119623,Proizvodi za kuæanstvo,"3,49"
Det. za ruèno pranje posuða SK9,5525905,1.025,1l,-,1.09,,,1.09,4056489179122,Sredstva za èišæenje,"1,09"
"Crni èaj Selection SK1, 40x1,5g",5528847,0.073,"40x1,5g,40x2g",Lord Nelson,1.19,,,19.83,4056489261384,Piæe,"1,19"
Vafli s kremom od van. Zebra RFA,5530441,0.28,280g,Sondey,1.59,,,5.68,4052917071198,Hrana,"1,55"
Vafli s kremom od van. Zebra RFA,5530441,0.28,280g,Sondey,1.59,,,5.68,4056489283027,Hrana,"1,55"
Gyoza s piletinom i povræem SK1,5530965,0.238,238g,Chef Select,2.69,,,11.3,4056489283577,Hrana,"2,59"
Vlažni bioraz. toaletni papir SK1  ,5531980,0.2,60komad,Floralys,0.79,,,0.01,4056489304173,Proizvodi za kuæanstvo,"0,79"
Univ. bio. vl. maram. za èiš. SK1,5532381,0.476,80komad,W5,1.99,,,0.02,4056489304258,Proizvodi za kuæanstvo,"1,99"
BIO kukuruzni snack SK1,5534361,0.06,60g,Snack Day,0.59,,,9.83,4056489715917,Hrana,"0,89"
Svježi punjeni jast. krumpir/quark,5541195,0.4,400g,Kuljanka,1.39,,,3.48,4056489784722,Hrana,"1,39"
Svinjska potrbušina peèena,5545654,1,cca. 400g,Kuljanka,7.99,,,7.99,2848034000000,Hrana,"9,79"
Svinjska potrbušina peèena,5545654,1,cca. 400g,Kuljanka,7.99,,,7.99,2848036000000,Hrana,"9,79"
Izotonièno piæe multifruit,5545787,0.75,"0,75l",Saguaro,1.19,,,1.59,4335619034204,Piæe,"1,19"
Roleski Bel.-taj. crveni umak SK1 ,5547064,0.315,"290g,340g",,1.06,,,3.66,5901044028355,Hrana,"1,06"
Obiteljska pizza SK1,5547113,1,1kg,Trattoria Alfredo,4.29,,,4.29,4335619007369,Hrana,"4,29"
High protein jogurt SK1,0187248,0.4,400g,Milbona,1.89,,,4.73,4056489814788,Hrana,"1,89"
Zaèini u kartonskoj tubi SK1,0188136,0.051,"43g,50g,60g",Kania,1.99,,,46.28,4056489908500,Hrana,Nije_bilo_u_prodaji_02.05.2025
Zaèini u kartonskoj tubi SK1,0188136,0.051,"43g,50g,60g",Kania,1.99,,,39.8,4056489908517,Hrana,Nije_bilo_u_prodaji_02.05.2025
Gel za tuširanje SK1,0188521,0.412,400ml,Cien,1.19,,,2.98,4056489826934,Kozmetika,"1,19"
Smjesa za macaronse SK3,0188832,0.25,250g,Duc de Coeur,2.39,,,9.56,20694289,Hrana,"2,29"
Bio gyoza SK1,0189159,0.22,220g,Chef Select,2.39,,,10.86,4056489844129,Hrana,Nije_bilo_u_prodaji_02.05.2025
Sladoled SK68,0189296,0.49,900ml,Alpenfest,2.99,,,3.32,20958442,Hrana,"2,89"
Pizza bez glutena,0189568,0.32,320g,Trattoria Alfredo,3.99,,,12.47,4056489846208,Hrana,Nije_bilo_u_prodaji_02.05.2025
Mediteranski zaèini SK2,0189653,0.027,"16g,27g,28g,30g,35g",Italiamo,1.59,,,53,20046262,Hrana,"1,59"
Mediteranski zaèini SK2,0189653,0.027,"16g,27g,28g,30g,35g",Italiamo,1.59,,,99.38,20046392,Hrana,"1,59"
Šeæerna dekoracija SK32,0190290,0.015,"11g,16g,18g",Belbake,1.99,,,1.99,4056489849179,Hrana,"1,99"
Bio Soja vrhnje za kuhanje,0190358,0.2,200ml,Vemondo,0.99,,,4.95,4056489695424,Hrana,"0,99"
Abadia Milagro DOCa Rioja,0190706,0.75,"0,75l",,2.59,,,3.45,8437005411807,Piæe,"2,59"
Šarena mlijeèna èokolada,0191886,0.1,100g,Fin Carré,1.69,,,16.9,4056489860990,Hrana,"1,69"
Pesto s tartufima SK1,0192434,0.14,140g,Deluxe,1.99,,,14.21,4056489864851,Hrana,"1,89"
Gliter za kolaèe SK1,0192645,0.1,100g,Belbake,3.49,,,34.9,4056489865636,Hrana,"3,29"
Kozji sir SK1,0192758,0.1,100g,Deluxe,2.05,,,20.5,4056489868996,Hrana,"1,99"
Maramice za upijanje boja,0193010,0.048,40komad,-,2.29,,,0.06,4056489869856,Proizvodi za kuæanstvo,"2,19"
Gotova jela za tavu SK57,0194158,0.75,750g,Culinea,4.99,,,6.65,4056489455592,Hrana,"4,49"
Kuhinjski ubrusi 3-slojni,0194177,0.926,300Blatt,Floralys,2.99,,,1,4056489884514,Toaletne potrepštine,"2,99"
Edamame SK1,0194604,0.15,150g,Vitasia,1.59,,,10.6,4056489889755,Hrana,"1,39"
Kobasica Salsiccia SK1,0194696,0.25,250g,Deluxe,3.79,,,15.16,4056489890188,Hrana,"3,79"
Povrtni nuggets SK1,0194897,0.25,250g,Vemondo,2.39,,,9.56,4056489893974,Hrana,"2,39"
Univerzalna krpa od mikrovla. SK10,0085302,0.063,"2komad,3komad",W5,1.56,,,0.78,20431853,Proizvodi za kuæanstvo,"2,35"
Èips s okusom slanine/èešnjaka SK1,0085314,0.15,150g,Snack Day,0.99,,,6.6,40894850,Hrana,"0,99"
Lana Milk kiselo vrhnje 20%,6907904,0.85,850g,,2.29,,,2.69,5998200571053,Hrana,"2,29"
Dolcela Vanilin šeæer,6907959,0.048,6x8g,,0.99,,,0.99,3856020258511,Hrana,"0,99"
Sorger Mini kobasice SK1,6907961,0.08,80g,,1.99,,,24.88,9002055004577,Hrana,"1,99"
BO Burek s mesom,6907962,0.21,210g,,1.49,,,7.1,3858894942855,Hrana,"1,49"
BO Burek s mesom,6907962,0.21,210g,,1.49,,,7.1,4052917522904,Hrana,"1,49"
BO Burek s mesom,6907962,0.21,210g,,1.49,,,7.1,4053216194762,Hrana,"1,49"
Podravka Èaj Imuno,6907985,0.05,50g,,2.49,,,49.8,3838700168181,Piæe,"1,99"
Žito Jaja razred S,6908015,0.48,10komad,,1.79,,,0.18,3859889611763,Hrana,"0,95"
Podravka Mamina juha,6908038,0.06,60g,,1.19,,,19.83,3856020255800,Hrana,"1,39"
Zvijezda Majoneza,6908039,0.085,85g,,0.75,,,8.82,3856015332936,Hrana,Nije_bilo_u_prodaji_02.05.2025
Sunlove Vosak za kosu ,6908047,0.083,100ml,,2.39,,,23.9,3850177003826,Kozmetika,"2,99"
"Graševina, kvalitetno bijelo vino ",6908056,1,1l,,3.99,,,3.99,3850257022556,Piæe,"4,99"
BO Pletenica,6908100,0.1,100g,,0.39,,,3.9,3856016906266,Hrana,"0,19"
BO Pletenica,6908100,0.1,100g,,0.39,,,3.9,3856016952898,Hrana,"0,19"
BO Domaæi craft klipiæ,6908106,0.06,60g,,0.65,,,10.83,3858889619038,Hrana,"0,59"
PIK Natur Parizer narezan,6908157,0.15,150g,,1.49,,,9.93,3850139282146,Hrana,"1,49"
SAMO TI Èokolada jagoda,6908162,0.1,100g,,0.95,,,9.5,3858881065055,Hrana,"0,95"
Flips s kikirikijem,6908189,0.06,60g,Snack Day,0.49,,,8.17,4056489925705,Hrana,"0,49"
Sensodyne Premium Pasta za zube SK1,6908198,0.075,75ml,,5.49,,,73.2,5054563242877,Kozmetika,"4,49"
Sensodyne Pasta za zube Flourid ,6908199,0.15,2x75ml,,5.99,,,39.93,5054563186942,Kozmetika,"4,99"
Limun 500g,0080170,0.5,500g,,1.29,,,2.58,20241834,Hrana,"0,99"
Jabuka mix 1kg,0080250,1,1kg,Okusi zavièaja,1.69,,,1.69,20247706,Hrana,"1,33"
Kruška 1kg,0080281,1,1kg,,1.89,,,1.89,20205768,Hrana,"2,19"
Kruška 1kg,0080281,1,1kg,,1.89,,,1.89,20250140,Hrana,"2,19"
Grožðe mix 500g,0080475,0.5,500g,,2.49,,,4.98,4014071806818,Hrana,Nije_bilo_u_prodaji_02.05.2025
"Grožðe crveno 500g, bez koštica",0080485,0.5,500g,,2.49,,,4.98,20229979,Hrana,"2,49"
"Grožðe crveno 500g, bez koštica",0080485,0.5,500g,,2.49,,,4.98,4014071645813,Hrana,"2,49"
"Grožðe crveno 500g, bez koštica",0080485,0.5,500g,,2.49,,,4.98,4049107050569,Hrana,"2,49"
"Grožðe bijelo 500g, bez koštica",0080505,0.5,500g,,2.49,,,4.98,8718858741441,Hrana,"2,19"
Ananas,0080611,1.655,1komad,,2.22,,,2.22,20586362,Hrana,"2,49"
Borovnica 400g,0080818,0.4,400g,,4.49,,,11.23,4014071779112,Hrana,"4,44"
Borovnica 400g,0080818,0.4,400g,,4.49,,,11.23,4056489011798,Hrana,"4,44"
Borovnica 125g,0080820,0.125,125g,,1.49,,,11.92,4014071777712,Hrana,"1,49"
Borovnica 125g,0080820,0.125,125g,,1.49,,,11.92,8437001615049,Hrana,"1,49"
Borovnica 125g,0080820,0.125,125g,,1.49,,,11.92,8718591561061,Hrana,"1,49"
Borovnica 250g,0080823,0.25,250g,,,1.89,2.79,7.56,20305819,Hrana,"2,89"
Ribiz 125g,0080845,0.125,125g,,2.39,,,19.12,20271886,Hrana,"3,99"
Ribiz 125g,0080845,0.125,125g,,2.39,,,19.12,20305840,Hrana,"3,99"
Salata rukola,0082135,0.125,125g,,1.29,,,10.32,20205775,Hrana,"1,29"
Salata srèika,0082150,0.229,2komad,,1.19,,,1.19,20201876,Hrana,"0,99"
Salata mix,0082157,0.125,125g,,1.29,,,10.32,20508098,Hrana,"1,29"
Mini krastavac 250g,0082241,0.25,250g,,1.49,,,5.96,20507572,Hrana,"1,79"
Paprika rog mix 500g,0082595,0.5,500g,,2.49,,,4.98,20247911,Hrana,Nije_bilo_u_prodaji_02.05.2025
Cheddar SK4,5206760,0.225,"200g,250g",Milbona,3.99,,,19.95,20575243,Hrana,"3,79"
Cheddar SK4,5206760,0.225,"200g,250g",Milbona,3.99,,,15.96,20575243,Hrana,"3,79"
"Dimljena sušena slanina, 240g",5217319,0.24,240g,MCENNEDY,3.89,,,16.21,20676711,Hrana,"3,89"
Ribani sir SK5,5219448,0.25,250g,Hatherwood,4.24,,,16.96,4056489354413,Hrana,Nije_bilo_u_prodaji_02.05.2025
Hoisin mini rebarca,5224582,0.58,580g,Vitasia,5.99,,,10.33,4056489895053,Hrana,"5,99"
For you Pick n' Mix Valentinovo ,5229662,0.25,250g,,2.79,,,11.16,5055256536105,Hrana,"2,79"
"Kare,narezani SK2",5300489,0.3,300g,Hatherwood,2.99,,,9.97,20582982,Hrana,"2,99"
Gouda listiæi XXL,5500121,0.5,500g,Pilos,5.19,,,10.38,20265793,Hrana,"4,99"
Gouda listiæi XXL,5500121,0.5,500g,Pilos,5.19,,,10.38,20496760,Hrana,"4,99"
Punjeni dumplings losos SK2,5501285,0.35,350g,Deluxe,1.79,,,5.11,20586140,Hrana,"1,79"
Mesni doruèak,5501822,0.3,300g,Pikok,2.49,,,8.3,20053369,Hrana,"2,49"
Ledo Njofra sladoled štapiæ,6907366,0.252,6x65ml,,5.99,,,15.36,3850116056869,Hrana,"5,99"
Ledo Mahune žuta smrznuta XXL,6907378,0.7,700g,,2.49,,,3.56,3850116058658,Hrana,"2,29"
Ledo Pan. rib. štapiæi 100% filet,6907389,0.45,450g,,3.99,,,8.87,3850116066547,Hrana,"3,79"
Banjaluèki æevapèiæi,6907395,0.5,500g,Naša mesnica,,3.19,4.39,6.38,4056489611837,Hrana,"4,19"
Juneæa koljenica b.k.,6907398,1,ca. 700g,-,11.19,,,11.19,2892880000000,Hrana,10.49
Johnnie Walker Black Naked,6907408,0.7,"0,7l",,29.99,,,42.84,5000267024202,Piæe,"20,49"
Stella Artois svijetlo pivo 5%,6907461,1.32,"4x0,33l",,4.99,,,3.78,3850131006023,Piæe,"5,39"
Èips leæa slani,6907462,0.05,50g,Snack Day,0.69,,,13.8,4056489612148,Hrana,"0,69"
Podravka Fini Mini Kokošji noodles,6907469,0.375,375g,,1.79,,,4.77,3856020258337,Hrana,"1,99"
Svježi pagar,6907487,1,ca. 500g,Naša ribarnica,14.99,,,14.99,2144386000000,Hrana,"11,99"
Svježi pagar,6907487,1,ca. 500g,Naša ribarnica,14.99,,,14.99,2144389000000,Hrana,"11,99"
Šibenska pivovara Mirna & Dobra,6907519,0.5,"0,5l",,1.65,,,3.3,0725765929990,Piæe,"1,99"
Papirnata vreæica ,6907531,0.08,1komad,,0.39,,,0.39,3857500137609,Proizvodi za kuæanstvo,"0,39"
Aranžman križ Maja i Eleonora SK1,6907617,0.95,1komad,,19.99,,,19.99,3858889012990,Proizvodi za kuæanstvo,"19,99"
Pure Milk maslac 82%,6907619,0.2,200g,,1.59,,,7.95,5998200570308,Hrana,"1,59"
Èips Chilli,6907640,0.15,150g,Snack Day,1.15,,,7.67,4056489925187,Hrana,"1,15"
Labona India Pale Ale,6907650,0.33,"0,33l",,1.69,,,5.12,0725765147868,Piæe,"1,69"
Delikatess šunka,6907668,0.15,150g,Pikok,1.59,,,10.6,3850139283433,Hrana,"2,39"
Proteinska ploèica Èoko.,6907683,0.05,50g,,2.49,,,49.8,3830081429004,Hrana,"2,49"
"'z bregov Tekuæi jogurt 2,8% m.m.",6901015,1,1kg,,2.49,,,2.49,3850108037388,Hrana,"2,42"
Vindija Puding èokolada,6901016,0.125,125g,,0.65,,,5.2,38500039,Hrana,"0,65"
"'z bregov Svježe mlijeko 3,2% m.m.",6901019,1,1l,,1.49,,,1.49,3850108011715,Hrana,"1,49"
Èvarci XXL,6901026,0.3,300g,Okusi zavièaja,4.99,,,16.63,40894744,Hrana,"4,29"
"Ožujsko Svijetlo pivo 5%, 2l",6901076,2,2l,,3.79,,,1.9,3850131001608,Piæe,"3,62"
"Löwenbräu Svijetlo pivo 4%, 2l",6901098,2,2l,,2.79,,,1.4,3850131004043,Piæe,"2,68"
Orah kiflice XXL,6901111,0.5,500g,Okusi zavièaja,3.99,,,7.98,20779450,Hrana,"3,89"
Nivea Krema,6901135,0.242,250ml,,5.15,,,20.6,4005808158041,Kozmetika,"5,15"
Nivea Body Milk SK2,6901147,0.25,250ml,,4.89,,,19.56,9005800377889,Kozmetika,"4,89"
Pitroid Elek. aparat + 10 tableta,6901169,0.119,119g,,5.49,,,5.49,3856007902055,Proizvodi za kuæanstvo,"6,45"
RFA Puding èokolada sa šlagom,6901216,0.5,4x125g,Pilos,1.49,,,2.98,20660314,Hrana,"1,49"
Tuš za oèi SK3 ,0120329,0.006,1komad,Cien Beauty,2.35,,,2.35,20066499,Kozmetika,"2,35"
Tuš za oèi SK3 ,0120329,0.006,1komad,Cien Beauty,2.35,,,2.35,20828639,Kozmetika,"2,35"
Tuš za oèi SK3 ,0120329,0.006,1komad,Cien Beauty,2.35,,,2.35,4056489619840,Kozmetika,"2,35"
Amerièki mlijeèni napitak SK1,0120470,0.529,500ml,MCENNEDY,1.99,,,3.98,4304493261860,Hrana,"1,59"
Chips SK2,0120701,0.2,200g,Alpenfest,1.59,,,7.95,20778187,Hrana,"1,59"
Tvrdi biljni bomboni bez šeæera SK9,0121723,0.125,125g,Alpenfest,1.59,,,12.72,20782245,Hrana,"1,49"
Tvrdi biljni bomboni bez šeæera SK9,0121723,0.125,125g,Alpenfest,1.59,,,12.72,20782252,Hrana,"1,49"
Višenamjenske vlažne maramice,0121962,0.498,100komad,W5,1.49,,,0.01,20877989,Proizvodi za kuæanstvo,"1,49"
Cantuccini XXL SK4,0179716,0.5,500g,Italiamo,2.99,,,5.98,4056489697398,Hrana,"2,99"
Èok. bomboni s mlij. punjenjem SK1,0179726,0.2,200g,Mister Choc,3.49,,,17.45,4056489697428,Hrana,"3,49"
Proteinske kuglice SK1,0179832,0.09,90g,Mister Choc,2.69,,,29.89,4056489698296,Hrana,Nije_bilo_u_prodaji_02.05.2025
Slojeviti desert od sladoleda  SK1,0180111,0.37,473ml,Deluxe,2.79,,,5.9,4056489697756,Hrana,"3,49"
Tvrdi bomboni SK1,0180452,0.095,"80g, 100g",Amanie,,0.75,1.09,7.5,4056489713340,Hrana,"1,09"
Tvrdi bomboni SK1,0180452,0.095,"80g, 100g",Amanie,,0.75,1.09,7.5,4056489713364,Hrana,"1,09"
Razlièiti deserti SK21,0180597,0.475,"450g,500g",Deluxe,3.79,,,8.42,4056489714248,Hrana,Nije_bilo_u_prodaji_02.05.2025
Hrana za maèke XXL SK2,0180681,2.4,24x100g,Coshida,6.99,,,2.91,20262679,Proizvodi za kuæanstvo,"6,99"
Mlijeèno žitna ploèica SK1,0181341,0.212,"9x23,5g",Mister Choc,3.49,,,16.5,4056489724186,Hrana,"3,49"
Mlijeèno žitna ploèica SK1,0181341,0.212,"9x23,5g",Mister Choc,3.49,,,16.5,4056489724193,Hrana,"3,49"
Univerzalno sred. za èišæenje SK3,0181718,1.5,"1,5l",W5,1.89,,,1.89,4056489847045,Sredstva za èišæenje,Nije_bilo_u_prodaji_02.05.2025
Univerzalno sred. za èišæenje SK1,0182565,1,1l,W5,1.69,,,1.69,4056489733942,Sredstva za èišæenje,"1,69"
Univerzalno sred. za èišæenje SK1,0182565,1,1l,W5,1.69,,,1.69,4056489749653,Sredstva za èišæenje,"1,69"
Easy snack XXL SK1,0183860,0.725,"700g,750g",Chef Select,6.99,,,9.99,4056489754978,Hrana,"6,99"
High Protein Mousse sa zaslað. SK2,0184078,0.175,175g,Milbona,1.19,,,6.8,4056489724070,Hrana,"1,19"
Žvakaæe gume Ice Cubes,0184399,0.092,92g,Jetgum,1.99,,,1.99,4056489644996,Hrana,Nije_bilo_u_prodaji_02.05.2025
Krema za sunèanje ZF50,0184438,0.103,100ml,Cien Sun,3.89,,,38.9,4056489764137,Kozmetika,"3,89"
Kotanyi Secrets SK4,0184462,0.035,"25g,30g,35g,38g,40g",,0.65,,,0.65,9001414418109,Hrana,"0,79"
Kotanyi Secrets SK4,0184462,0.035,"25g,30g,35g,38g,40g",,0.65,,,0.65,9001414418130,Hrana,"0,79"
Suhi šampon SK2,0184963,0.12,200ml,Cien,1.69,,,8.45,4056489572114,Kozmetika,Nije_bilo_u_prodaji_02.05.2025
Toffee bijela èokolada,0185698,0.125,125g,Mister Choc,1.45,,,11.6,4056489788850,Hrana,"1,45"
Zaèinjene tagliatelle SK10,0186184,0.5,500g,Deluxe,2.49,,,4.98,4056489791881,Hrana,"1,89"
Zaèinjene tagliatelle SK10,0186184,0.5,500g,Deluxe,2.49,,,4.98,4056489798316,Hrana,"1,89"
Tijesto za pizzu,0186217,0.6,600g,Italiamo,2.29,,,3.82,4056489798477,Hrana,"2,29"
Chili con Carne,0166912,0.9,900g,El Tequito ,4.49,,,4.99,4056489494850,Hrana,"3,32"
Craft pivo SK19,0168115,0.5,"0,5l",-,1.49,,,2.98,4054500140335,Piæe,"1,29"
Snack box,0168244,0.375,375g,Hatherwood,3.99,,,10.64,20034290,Hrana,"3,99"
Krema za ruke SK1,0168553,0.101,100ml,Cien,1.1,,,11,4056489526735,Kozmetika,"1,15"
Krema za ruke SK1,0168553,0.101,100ml,Cien,1.1,,,11,4056489849643,Kozmetika,"1,15"
Pivska kobasica,0130412,0.34,340g,Alpenfest,3.39,,,9.97,20954574,Hrana,"3,29"
Grickalice za pse SK1,0130809,0.16,"100g,150g,200g",Orlando,0.89,,,4.45,20971571,Proizvodi za kuæanstvo,"0,89"
Grickalice za pse SK1,0130809,0.16,"100g,150g,200g",Orlando,0.89,,,4.45,20971601,Proizvodi za kuæanstvo,"0,89"
Baguettes XXL SK1,0131007,0.525,3x175g,Chef Select,2.49,,,4.74,4056489447580,Hrana,"2,79"
Multivita Direct SK6,6903521,0.03,30g,,4.59,,,4.59,3858881248502,Hrana,"4,59"
Duracell Basic K5 SK2,6903598,0.095,5komad,,6.49,,,1.3,5000394047006,Proizvodi za kuæanstvo,"6,49"
Duracell Basic K5 SK2,6903598,0.095,5komad,,6.49,,,1.3,5000394090316,Proizvodi za kuæanstvo,"6,49"
Nivea Sun P&M hidra. Trigger ZF30,6903612,0.3,300ml,,9.95,,,33.17,4005808473908,Kozmetika,"9,95"
Nivea Sun P&M hidra. Trigger ZF30,6903612,0.3,300ml,,9.95,,,33.17,4005900118158,Kozmetika,"9,95"
Dukat kiselo vrhnje 12% m.m.,6903657,0.9,900g,,2.85,,,3.17,3850354009863,Hrana,"2,85"
"Bacardi Carta Blanca Rum 37,5%",6903663,0.74,"0,7l",,12.99,,,18.56,5010677013147,Piæe,"18,02"
Margarin za kuhanje i peèenje 60%,6903668,0.25,250g,Vita D'or,0.7,,,2.8,20250836,Hrana,"0,75"
Sladoled u kornetu - èokolada,0001057,0.07,120ml,Ballino,0.59,,,4.92,20407926,Hrana,"0,59"
Kapsule za pranje rublja SK4,0207435,0.756,36x21g,Formil,8.99,,,11.89,4335619023499,Sredstva za èišæenje,"8,99"
Sladoled SK12,0207510,0.445,750ml,Italiamo,2.79,,,3.72,20151324,Hrana,"2,79"
Sladoled SK12,0207510,0.445,750ml,Italiamo,2.79,,,3.72,20294496,Hrana,"2,79"
Èokoladne lizalice 5 kom.,0210441,0.075,75g,Mister Choc,1.29,,,17.2,4335619057500,Hrana,"1,29"
Kapsule za kavu Gold Lungo XXL,0210581,0.28,280g,Bellarom,8.99,,,32.11,4335619058118,Piæe,"6,99"
Veganski narezak SK3,0211121,0.125,125g,Vemondo,1.99,,,15.92,4056489826675,Hrana,"1,69"
"Käsewelt gouda, cca.3kg",0211915,1,ca. 3kg,,5.99,,,5.99,2802214000000,Hrana,"5,99"
Tamna èokolada s mentom,0212233,0.15,150g,J.D. Gross,2.29,,,15.27,4335619081062,Hrana,Nije_bilo_u_prodaji_02.05.2025
Bio Soja vrhnje za kuhanje,0212864,0.2,250ml,Vemondo,1.19,,,4.76,4335619082106,Hrana,Nije_bilo_u_prodaji_02.05.2025
Deterdžent za rublje 100pr SK4,0213225,5.05,5l,Maxitrat,7.69,,,7.69,4056489989387,Sredstva za èišæenje,"7,69"
Goldbrand Spirituose 28% Vol.,0213562,0.673,"0,7l",Alliance,5.39,,,7.7,4304493269989,Piæe,"5,39"
Pileæe punjene okruglice SK1,0213662,0.28,280g,1001 delights,2.79,,,9.96,4335619084209,Hrana,"3,05"
Mini posip za kolaèe SK2,0214044,0.053,"55g,50g",Belbake,1.99,,,39.8,4335619104945,Hrana,Nije_bilo_u_prodaji_02.05.2025
Smjesa za muffine bubamara,0215228,0.39,390g,Belbake,3.29,,,8.44,4335619100596,Hrana,"3,29"
Krem sir SK84,0215272,0.125,125g,Milbona,1.99,,,15.92,4335619101050,Hrana,"1,99"
Tart sa sirom/ribanim tijestom SK44,0215581,1.25,1250g,Alpenfest,5.19,,,4.15,20193454,Hrana,"4,99"
Punjena tjestenina SK1,0215713,0.25,250g,Alpenfest,1.99,,,7.96,4056489290391,Hrana,"1,79"
Veganski njoki SK1,0215733,0.5,"400g,600g",Vemondo,1.29,,,2150,4056489706298,Hrana,"1,29"
"Spužva za odstran. mrlja 11x7x2,9cm",0215862,0.012,6komad,W5,2.19,,,0.37,4335619321434,Proizvodi za kuæanstvo,"2,19"
Blanširane kozice XXL,0216430,1,1000g,Ocean Sea,15.49,,,15.49,4335619110113,Hrana,Nije_bilo_u_prodaji_02.05.2025
Violeta Baby pelene Maxi 4,6908222,3.684,120komad,,19.99,,,0.17,3870128032965,Toaletne potrepštine,"19,99"
"Tekuæi jogurt 0,5%",6908236,1,1kg,Pilos,1.39,,,1.39,4056489925774,Hrana,"1,39"
Proteini.si Protein bar Vanilla Ice,6908241,0.05,50g,,1.09,,,21.8,3830081429837,Hrana,"1,15"
Promes Cvanciger Sisaèka salama,6908248,0.5,500g,,9.49,,,18.98,3859891518623,Hrana,"9,49"
"Zimska salama, narezak",6908251,0.3,300g,Pikok,3.99,,,13.3,4056489925804,Hrana,"3,99"
Kulenova seka,6908267,0.5,500g,Okusi zavièaja,5.99,,,11.98,4056489925873,Hrana,"5,99"
"Kulenova seka, 250g",6908268,0.25,250g,Okusi zavièaja,3.49,,,13.96,4056489925880,Hrana,"3,99"
Festigia Castello,6908289,0.75,"0,75l",,13.89,,,18.52,3858881191990,Piæe,"13,89"
Nivea Gel za tuširanje SK1,6908301,0.512,500ml,,5.99,,,11.98,4005900047700,Kozmetika,"4,49"
Nivea Dezodorans SK1,6908316,0.155,250ml,,6.29,,,25.16,9005800367477,Kozmetika,"6,29"
Nivea Dezodorans SK1,6908316,0.155,250ml,,6.29,,,25.16,9005800367484,Kozmetika,"6,29"
Kraš Petit Beure keksi s maslacem,6908324,0.96,960g,,3.99,,,4.16,3850102311446,Hrana,"3,99"
"Andro šunka, narezak",6908347,0.5,500g,,6.99,,,13.98,3858892822791,Hrana,"6,89"
Indomie Instatnt juha okus govedina,6908367,0.35,5x70g,,2.09,,,5.97,8606108584132,Hrana,"2,09"
Rio Mare Komadi tune Naturale,6908371,0.16,160g,,1.75,,,10.94,8004030595033,Hrana,"1,85"
"Paulaner Pšenièno pivo 5,5%",6908416,2,"4x0,5l",,5.59,,,2.8,4066600392811,Piæe,"5,59"
Voæni jogurt 2.8% jagoda,6908544,0.4,400g,Pilos,0.99,,,2.48,4056489926283,Hrana,"0,99"
Košarica Iva/Dora SK1,6908577,0.9,1komad,,6.99,,,6.99,3858892743614,Proizvodi za kuæanstvo,"6,99"
Mini èokoladice,0098620,0.35,350g,Mister Choc,3.69,,,10.54,20553081,Hrana,"3,59"
Mini èokoladice,0098620,0.35,350g,Mister Choc,3.69,,,10.54,4056489928416,Hrana,"3,59"
Maska za lice 2x8ml SK2,0098722,0.017,1komad,Cien,0.59,,,0.59,20516529,Kozmetika,"0,59"
Mini salama,0098848,0.05,2x25g,Dulano,1.39,,,27.8,20565732,Hrana,"1,39"
"Vital krema za lice, SK1",0098905,0.051,50ml,Cien,2.29,,,45.8,4056489236061,Kozmetika,"2,29"
BENGAL Spirala protiv komaraca,0099017,0.122,10komad,,0.99,,,0.1,8008090602250,Proizvodi za kuæanstvo,"0,99"
BENGAL Spirala protiv komaraca,0099017,0.122,10komad,,0.99,,,0.1,8008090603271,Proizvodi za kuæanstvo,"0,99"
Nescafé Dolce Gusto Barista ,0000530,0.104,104g,,5.29,,,50.87,8445290869531,Piæe,"4,49"
Always Ultra Quattro ulošci SK,0000536,0.165,"40komad,24komad,28komad,20komad",,4.99,,,0.21,8006540903766,Toaletne potrepštine,"4,99"
Always Ultra Quattro ulošci SK,0000536,0.165,"40komad,24komad,28komad,20komad",,4.99,,,0.18,8700216861182,Toaletne potrepštine,"4,99"
Naturella Ultra ulošci SK,0000538,0.148,"40komad,32komad,28komad",,4.79,,,0.15,8006540399521,Toaletne potrepštine,"4,79"
Nescafe Dolce G. Rist. Barista 16k.,0000573,0.112,112g,,4.49,,,40.09,7613036867580,Piæe,"4,49"
Syoss šampon Keratin,0000582,0.77,750ml,Henkel,6.99,,,9.32,5201143725606,Kozmetika,"6,45"
Persil Prašak za pranje rublja Sil.,0000630,6.05,"6,05kg",Henkel,23.99,,,23.99,9000101806083,Sredstva za èišæenje,"23,99"
"Ariel tekuæi deterdžent Color, 74pr",0000667,3.822,"3,7l",,15.49,,,4.19,8006540869390,Sredstva za èišæenje,"15,49"
"Somat Tabs Premium 4in1, 88 kom",0000695,1.593,88 komada,,17.99,,,0.2,9000101831559,Sredstva za èišæenje,Nije_bilo_u_prodaji_02.05.2025
"Somat Caps Excellence 5in1, 80 kom.",0000696,1.488,80 kom,,17.99,,,0.22,9000101831658,Sredstva za èišæenje,Nije_bilo_u_prodaji_02.05.2025
Lenor omekšivaè Gold Orchid 59pra.,0000698,1.239,"1,24l",,6.55,,,5.28,8700216724081,Sredstva za èišæenje,Nije_bilo_u_prodaji_02.05.2025
Haribo gumeni bomboni Zlatni medo,0000700,0.2,200g,,2.45,,,12.25,9002975301268,Hrana,"2,45"
SYOSS regenerator CURLS & WAVES,0000741,0.44,440ml,Henkel,4.49,,,10.2,9000101277999,Kozmetika,"4,49"
Perwoll Tekuæi det. Black 40 pranja,0000761,2.058,2l,,8.95,,,4.48,9000101808445,Sredstva za èišæenje,"8,95"
Gourmet Gold Mix,0000765,1.02,12x85g,,8.99,,,8.81,8445291506060,Proizvodi za kuæanstvo,Nije_bilo_u_prodaji_02.05.2025
Milka keksi Lilastix,0000775,0.112,112g,,1.99,,,17.77,7622210406354,Hrana,Nije_bilo_u_prodaji_02.05.2025
Gillette Brijaè Mach3 Sport +3 brit,0000785,0.04,1komad,,11.19,,,11.19,8700216889209,Kozmetika,Nije_bilo_u_prodaji_02.05.2025
"Filet lososa s kožom, cca. 200-400g",0124551,1,ca. 200-400g,-,,14.99,19.99,14.99,2895633000000,Hrana,"19,99"
"Filet lososa s kožom, cca. 200-400g",0124551,1,ca. 200-400g,-,,14.99,19.99,14.99,2895635000000,Hrana,"19,99"
Bio Organic Pizza ,0124649,0.421,421g,Trattoria Alfredo,4.19,,,9.95,20899226,Hrana,"4,19"
"Pšenièno pivo 5,5%",0125033,4.026,"6x0,5l",Perlenbacher,6.09,,,2.03,20866457,Piæe,"6,09"
"Cimet, mljeveni 45g",0125217,0.045,45g,Kania,0.99,,,0.99,4056489411857,Hrana,"0,99"
Skyr (jogurt) voæni SK1,0125984,0.15,150g,Pilos,0.95,,,6.33,20881054,Hrana,"0,95"
Rumenilo SK5,0126194,0.005,1komad,Cien,2.39,,,2.39,20030711,Kozmetika,"2,39"
Mesne okruglice orijentalne SK1,0195122,0.28,280g,1001 delights,2.79,,,9.96,4056489904939,Hrana,"2,79"
Proteinski namaz SK1,0196240,0.32,320g,Mister Choc,4.49,,,14.03,4056489917953,Hrana,"3,99"
High Protein Puding sa šlagom SK1,0196817,0.46,4x115g,Milbona,2.49,,,5.41,4056489920052,Hrana,"2,49"
High Protein Puding sa šlagom SK1,0196817,0.46,4x115g,Milbona,2.49,,,5.41,4056489920069,Hrana,"2,49"
Gurmanske salame SK1,0196953,0.08,80g,Deluxe,1.79,,,22.38,4056489920281,Hrana,"2,29"
"Bio kašica puretina, riža, povræe",0196976,0.22,220g,Lupilu,0.95,,,4.32,4056489920519,Hrana,"0,95"
"Amaretto 21,5% Vol.",0197858,0.752,"0,7l",Armilar,5.49,,,7.84,4304493269842,Piæe,"5,49"
BO Donut s pizza nadjevom,0198605,0.1,90g,,0.99,,,11,4056489936060,Hrana,Nije_bilo_u_prodaji_02.05.2025
Okruglice SK1,0198666,0.28,280g,Vitasia,2.79,,,9.96,4056489936329,Hrana,Nije_bilo_u_prodaji_02.05.2025
Bio voæna kašica SK1,0199176,0.4,4x100g,Lupilu,2.49,,,6.23,4056489691464,Hrana,"2,19"
Termo vreæica Eco,0199385,0.101,1komad,-,0.99,,,0.99,4056489940265,Proizvodi za kuæanstvo,"0,89"
Alkalna baterija AAA,0199971,0.14,12komad,Tronic,2.69,,,0.22,4335619081130,Proizvodi za kuæanstvo,"2,69"
Tuna u suncokretovom ulju,0200047,0.74,4x185g,Nixe,7.99,,,10.8,4056489957201,Hrana,"7,99"
Burger SK1,0200893,0.205,"200g,210g",Chef Select,1.99,,,9.95,4056489962335,Hrana,"1,99"
High Protein Wraps,0201720,0.32,320g,Tastino,1.59,,,4.97,4056489983507,Hrana,"1,59"
Ketchup,0202079,0.564,500ml,Kania,1.59,,,3.18,4056489988656,Hrana,"1,59"
Kotanyi Quick & Easy SK2,0203026,0.033,"25g,26g,30g,35g,40g",,0.79,,,0.79,9001414237175,Hrana,"0,69"
Kotanyi Quick & Easy SK2,0203026,0.033,"25g,26g,30g,35g,40g",,0.79,,,0.79,9001414237243,Hrana,"0,69"
Double sladoled na štapiæu SK16,0203637,0.288,"4x85ml,4x90ml",Gelatelli,4.49,,,12.47,4335619008991,Hrana,"4,49"
Bou.MarsMil.SnickerTwiMin SK5,0203889,0.227,227g,,3.99,,,17.58,5000159562294,Hrana,"3,59"
Smoothies SK4,0204235,0.793,"0,75l",Solevita,2.99,,,3.99,4304493271869,Hrana,Nije_bilo_u_prodaji_02.05.2025
Grèki umaci SK1,0204413,0.19,190g,Eridanous,2.49,,,13.11,4335619011304,Hrana,Nije_bilo_u_prodaji_02.05.2025
Humus SK56,0205149,0.175,175g,Chef Select,1.49,,,8.51,4056489961352,Hrana,"1,19"
Èokoladno pecivo,0205308,0.275,275g,Duc de Coeur,2.29,,,8.33,4335619014664,Hrana,"2,29"
Princes krafne SK15,0205318,0.4,400g,Für Dich,5.49,,,13.73,20248284,Hrana,"5,49"
Smrznuto voæe XXL SK7,0205394,0.925,"1000g,750g",Freshona,4.99,,,4.99,20535193,Hrana,"4,49"
XXL Zaèin za salatu u limenci SK1,0205405,0.154,"140g,155g,160g,165g",Kania,2.39,,,14.48,4335619015210,Hrana,"2,99"
XXL Zaèin za salatu u limenci SK1,0205405,0.154,"140g,155g,160g,165g",Kania,2.39,,,14.94,4335619015234,Hrana,"2,99"
Regenerator za kosu SK7,0206654,0.321,330ml,Cien,2.29,,,6.94,4056489994305,Kozmetika,"2,29"
Regenerator za kosu SK7,0206654,0.321,330ml,Cien,2.29,,,6.94,4335619202283,Kozmetika,"2,29"
Zott Monte Maxi Original,0206837,0.4,4x100g,,2.59,,,6.48,40145389,Hrana,"2,52"
Gel za tuširanje SK1,5549442,0.52,500ml,Cien,1.39,,,2.78,4056489662310,Kozmetika,"1,29"
Owolovo smoothie SK1,5549581,0.265,250ml,,1.29,,,5.16,5901958613760,Hrana,Nije_bilo_u_prodaji_02.05.2025
"Gel za intimnu njegu, SK3",5556056,0.41,400ml,Siempre,1.69,,,4.23,4056489785378,Kozmetika,"1,69"
"Gel za tuširanje XXL za muš., SK2",5559508,1,1000ml,Cien,1.59,,,1.59,4056489878674,Kozmetika,"1,59"
Proljetne rolice SK2,5560252,0.23,230g,Vitasia,2.29,,,9.96,4056489880882,Hrana,"2,29"
Tekuæi sapun SK2,5561638,1.025,1000ml,Cien,1.15,,,1.15,4056489813460,Kozmetika,"1,15"
Sred. za pra. posuð. u gel kon. SK1,5564310,1.03,1l,W5,1.79,,,1.79,4335619007093,Sredstva za èišæenje,"1,79"
Kava 3u1 s okusima SK1,5565763,0.17,10x17g,Bellarom,1.69,,,9.94,4335619035096,Piæe,Nije_bilo_u_prodaji_02.05.2025
Deterdžent za posuðe SK1,5568840,1.538,"1,5l",W5,1.59,,,1.06,4335619095090,Sredstva za èišæenje,Nije_bilo_u_prodaji_02.05.2025
Jetrena i èajna pašteta SK1,5579700,0.13,130g,Baroni,0.89,,,6.85,4335619094260,Hrana,Nije_bilo_u_prodaji_02.05.2025
"Keks s maslacem i èok., SK21",0013337,0.125,125g,Sondey,1.99,,,15.92,20669188,Hrana,"1,89"
Handcooked chips SK2,6903902,0.125,125g,Snack Day,1.29,,,10.32,20251604,Hrana,"1,29"
Aquafresh djeèja pasta za zube SK2,6903927,0.05,50ml,,2.89,,,57.8,3830029292202,Kozmetika,"2,59"
Eva Tuna salata Kvinoja,6903962,0.16,160g,,1.99,,,12.44,3856020217679,Hrana,"1,99"
Violeta Tekuæi deterdžent Color 45p,6904010,2.816,"2,7l",,6.99,,,0.16,3870128017085,Sredstva za èišæenje,"9,29"
Violeta tek. det. Protect Color 66p,6904011,4.12,"3,96l",,5.99,,,0.09,3870128017115,Sredstva za èišæenje,"6,89"
Kinder figura Xmas,6904074,0.055,55g,,1.35,,,24.55,80310334,Hrana,"1,45"
"Kiseli kupus, rezani, OM 435g",6904117,0.5,500g,Okusi zavièaja,0.99,,,2.28,4056489316404,Hrana,"0,89"
"Kiseli kupus glavica, cca. 1kg",6904118,1,ca 1kg,Okusi zavièaja,1.99,,,1.99,2891898000000,Hrana,"1,79"
Tablete protiv kamenca 60x15g,0171128,0.9,60x15g,W5,4.59,,,5.1,4056489698616,Sredstva za èišæenje,"4,59"
Premium masline SK3,0171233,0.15,150g,Deluxe,2.29,,,15.27,4056489554059,Hrana,"1,99"
Premium masline SK3,0171233,0.15,150g,Deluxe,2.29,,,15.27,4335619015432,Hrana,"1,99"
Prešane kosti za žvakanje SK2,0171463,0.106,"100g,170g,80g",Orlando,1.69,,,15.94,4056489546382,Proizvodi za kuæanstvo,"1,69"
Poklon set lak za nokte,0171702,0.066,3komad,Cien,1.99,,,1.99,4056489572671,Kozmetika,"1,99"
Grèki jogurt SK3,0171973,0.5,500g,Milbona,,1.65,2.19,3.3,4056489571124,Hrana,"2,19"
Ferrero Rocher Grand,0172394,0.125,125g,Ferrero,5.29,,,42.32,8000500373842,Hrana,"5,29"
Èokoladne figurice (Uskrs),0172453,0.2,200g,Favorina,3.39,,,16.95,4056489582847,Hrana,"3,39"
Tek. det. za pranje osj. rublja SK7,0172545,1.521,"1,5l",Formil,3.75,,,2.5,4056489441700,Sredstva za èišæenje,"3,75"
Voæni namaz,0173201,0.4,400g,Maribel,2.59,,,6.48,4056489593140,Hrana,"2,39"
Cheddar,7407368,0.24,240g,Hatherwood,3.29,,,13.71,4056489567455,Hrana,"3,29"
"Ardenska kobasica, narezak",7407831,1,ca. 160g,,16.19,,,16.19,2894965000000,Hrana,"16,19"
"Ardenska kobasica, narezak",7407831,1,ca. 160g,,16.19,,,16.19,2894967000000,Hrana,"16,19"
Èaj od ðumbira SK2,7505446,0.05,"49,5g",Lord Nelson,1.39,,,1.39,4056489332589,Piæe,"1,39"
Tofu XXL SK1,7509037,0.36,2x180g,Vemondo,1.79,,,4.97,4056489529729,Hrana,"1,69"
Oktoberfest knedle,7701155,0.5,500g,Alpenfest,2.29,,,4.58,4056489758174,Hrana,"2,29"
Tortelloni/Njoki od krumpira SK7,7701351,0.323,"250g,500g",Combino,1.19,,,4.76,20830991,Hrana,"1,19"
Tortelloni/Njoki od krumpira SK7,7701351,0.348,"250g,500g",Combino,1.19,,,4.76,20830984,Hrana,"1,19"
Tortelloni/Njoki od krumpira SK7,7701351,0.348,"250g,500g",Combino,1.19,,,2.38,20830991,Hrana,"1,19"
Sirup naranèa,6904696,1.12,1l,Solevita,,1.47,2.49,1.47,4304493259362,Piæe,"2,19"
Sirup malina,6904699,1.12,1l,Solevita,,1.75,2.49,1.75,4304493259393,Piæe,"2,19"
Tekuæi jogurt š. voæe,6904723,1,1kg,Pilos,1.99,,,1.99,4304493259607,Hrana,"1,89"
"Svježe pile, cca. 1,6kg",6904754,1,"cca. 1,6 kg",Naša mesnica,,2.69,3.09,2.69,2868400000000,Hrana,"3,09"
BO Pizza trokut sir-šunka,6904765,0.15,150g,,1.39,,,9.27,5999006980612,Hrana,"1,39"
Šampon Kopriva,6904774,1.032,1l,-,0.85,,,0.85,4056489074540,Kozmetika,"0,85"
Pivac Dimljena Špic rebra cca. 800g,6908923,1,1kg,,5.69,,,5.69,2102186000000,Hrana,"5,69"
Finish Tabs Ultimate Plus limun,6908924,1.53,110komad,,21.99,,,0.2,5908252011032,Sredstva za èišæenje,"18,49"
Jameson Whiskey 40% + 2 èaše gratis,6908978,0.7,"0,7l",,21.99,,,31.41,5011007004446,Piæe,"21,49"
Sirup od ribiza i jabuke,6908981,0.7,"0,7l",Hatherwood,3.08,,,4.4,4056489926719,Piæe,Nije_bilo_u_prodaji_02.05.2025
Moj Kruh Baguette kruh SK1,6908983,0.26,260g,,1.39,,,5.35,3859892992668,Hrana,"0,99"
"Jaja, razred M, 10kom.",6908999,0.058,10komad,,2.45,,,0.25,20156299,Hrana,"2,39"
"Jaja, razred M, 10kom.",6908999,0.058,10komad,,2.45,,,0.25,4027949300004,Hrana,"2,39"
"Jaja, razred L, 10kom.",6909000,0.068,10komad,,2.89,,,0.29,4056489612506,Hrana,"2,59"
Gallo Riža Originario,6909009,1,1kg,,2.79,,,2.79,8001420001594,Hrana,"2,99"
Proteini.si Oat Cake Toffee Caramel,6909021,0.06,60g,,0.95,,,15.83,3830084724045,Hrana,"0,99"
Podravka Bijeli grah (OM 460g),6909043,0.46,800g,,1.65,,,2.06,3850104020780,Hrana,"1,65"
Di-Go XXL Svježi kvasac,6909055,0.084,2x42g,,0.99,,,11.79,5900269202144,Hrana,"0,79"
Oshee Vitaminska voda magnezij,6909136,0.555,555ml,,1.25,,,2.25,5908260250515,Piæe,Nije_bilo_u_prodaji_02.05.2025
"Pileæa gril kobasica, 500g",6909148,0.5,500g,,2.59,,,5.18,4335619246324,Hrana,Nije_bilo_u_prodaji_02.05.2025
Jaja razred M,6909151,1.8,30komad,,4.59,,,0.15,3859889611152,Hrana,"4,59"
Raid Sprej protiv osa i stršljana,6909222,0.406,400ml,,4.39,,,10.98,5000204252583,Proizvodi za kuæanstvo,"4,39"
Lino Lada Duo èaša,6909238,0.2,200g,,1.99,,,9.95,3850104019777,Hrana,Nije_bilo_u_prodaji_02.05.2025
Donat Mg Gazirana mineralna voda,6909239,0.5,"0,5l",,1.39,,,2.78,3838600253345,Piæe,"1,39"
Sv. punj. jastuèiæi kupus i gljive,5508982,0.4,400g,Kuljanka,1.79,,,4.48,20149055,Hrana,"1,79"
Sv. punj. jastuèiæi kupus i gljive,5508982,0.4,400g,Kuljanka,1.79,,,4.48,4056489119807,Hrana,"1,79"
Punjena mlijeèna èok. RFA SK2,5510305,0.1,100g,Fin Carré,1.29,,,12.9,20902469,Hrana,"1,19"
Voæni jogurt s mueslima SK5,5510756,0.215,215g,Pilos,1.59,,,7.4,4056489180975,Hrana,"1,49"
Adventski kalendar,5512510,0.075,75g,Favorina,1.15,,,15.33,5900847005785,Hrana,"1,15"
Aranžmani SK3,6908586,1.25,1komad,,24.99,,,24.99,3858889014970,Proizvodi za kuæanstvo,"24,99"
Hippis Bio Smoothie Pouch,6908597,0.12,120g,,1.39,,,11.58,4062300325050,Hrana,"1,39"
Boom Box Zobeni Smoothie jab. jag.,6908612,0.2,200g,,1.89,,,9.45,3856027801338,Hrana,"1,69"
PERFA Jaja podni uzgoj razred M,6908671,0.87,15komad,,2.25,,,0.15,3859889056861,Hrana,"2,25"
Ira Buket Dalija/Ruža SK2,6908704,0.09,1komad,,4.99,,,4.99,3856023043725,Proizvodi za kuæanstvo,Nije_bilo_u_prodaji_02.05.2025
Ira Cvijet ruža 49cm SK2,6908729,0.02,1komad,,1.49,,,1.49,3856023044487,Proizvodi za kuæanstvo,Nije_bilo_u_prodaji_02.05.2025
Ira Buket Krizantema/Gerber SK2,6908752,0.04,1komad,,2.99,,,2.99,3856023043275,Proizvodi za kuæanstvo,Nije_bilo_u_prodaji_02.05.2025
L'Angelica Tekuæi sapun Refill SK1,6908763,1,1000ml,,3.49,,,3.49,8017331077030,Kozmetika,"3,49"
Finish Tablete Ultimate Plus Lemon,6908840,0.5,36komad,,11.99,,,0.33,5908252010974,Sredstva za èišæenje,"11,99"
Vranac,6908846,3,3l,,4.49,,,1.5,3859894110381,Piæe,"4,99"
Vanish gel za odstr. mrlja white,6908856,3.09,3l,,8.49,,,2.83,5997321748238,Sredstva za èišæenje,"8,49"
Kraš Selection Èokolada Griotte,6908890,0.135,135g,,3.29,,,24.37,3850102013494,Hrana,"2,59"
"Tekuæi jogurt Proviact 1,0%",6908893,0.18,180g,Pilos,0.35,,,1.94,4056489926573,Hrana,"0,35"
Rama Margarin SK1,6908911,0.4,400g,,2.19,,,5.48,8719200265097,Hrana,"1,99"
Burger od lososa,0217086,0.2,200g,Ocean Sea,3.79,,,18.95,4335619110908,Hrana,"3,79"
Punjena tjestenina SK13,0217584,0.25,250g,Deluxe,2.49,,,9.96,4056489291282,Hrana,"2,29"
Kotanyi zaèini SK71,0217856,0.038,"33g,35g,36g,48g",,1.85,,,56.06,5901032041182,Hrana,"2,49"
Kotanyi zaèini SK71,0217856,0.038,"33g,35g,36g,48g",,1.85,,,56.06,9001414041130,Hrana,"2,49"
Kotanyi zaèini SK71,0217856,0.038,"33g,35g,36g,48g",,1.85,,,51.39,9001414041185,Hrana,"2,49"
Kotanyi zaèini SK71,0217856,0.038,"33g,35g,36g,48g",,1.85,,,52.86,9001414204245,Hrana,"2,49"
Pjena za èišæenje lica SK1,0217980,0.209,200ml,Cien,2.39,,,11.95,4335619113572,Kozmetika,"2,99"
High protein humus SK1,0218180,0.2,200g,Chef Select,1.05,,,5.25,4335619114036,Hrana,"1,09"
Veganska proteinska kaša SK1,0219168,0.06,60g,Crownfield,1.19,,,19.83,4335619127647,Hrana,"1,19"
Piramida kozjeg krem ??sira SK2,0219555,0.15,150g,Deluxe,1.99,,,13.27,4335619129511,Hrana,"1,99"
"Hrana za pse, perad",0220156,1.25,1250g,Bellosan,1.59,,,1.27,20124038,Proizvodi za kuæanstvo,"1,59"
"Hrana za pse, perad",0220156,1.25,1250g,Bellosan,1.59,,,1.27,4335619134805,Proizvodi za kuæanstvo,"1,59"
Sirevi - specij. zemalja CH/FR SK2,0220701,1,"ca. 180g,ca. 220g,ca. 250g",Meine Käserei,29.99,,,29.99,2896030000000,Hrana,"29,99"
Bitterol Sprizz 5% Vol.,0221329,0.984,"4x0,25l",Bitterol,3.99,,,3.99,4335619149267,Piæe,"3,99"
Sushi majoneza,0221358,0.48,480ml,Vitasia,2.79,,,5.81,4335619149366,Hrana,"2,99"
Liker Karamela 17%,0221686,0.7,0.7l,,8.99,,,12.84,4304493270404,Piæe,Nije_bilo_u_prodaji_02.05.2025
Bomboni SK1,0222206,1.2,1200g,Let's have a party!,6.99,,,5.83,4056489915799,Hrana,Nije_bilo_u_prodaji_02.05.2025
Grana Padano DOP 16M,0222219,0.2,200g,,4.35,,,21.75,8002710400233,Hrana,"4,35"
Kuglice za WC školjku SK1,0222246,0.105,3x35g,W5,2.49,,,23.71,4335619162105,Sredstva za èišæenje,"2,49"
Kuglice za WC školjku SK1,0222246,0.105,3x35g,W5,2.49,,,23.71,4335619162112,Sredstva za èišæenje,"2,49"
Premium liker bijela èokolada 15%,0223398,0.38,0.35l,Deluxe,7.99,,,22.83,4304493270633,Piæe,Nije_bilo_u_prodaji_02.05.2025
Džem jag-mal / jag-van SK1,0223763,0.45,450g,Maribel,1.93,,,4.29,4335619109896,Hrana,"2,89"
Èokoladni slani pereci SK4,0224583,0.14,140g,Alpenfest,2.29,,,16.36,4335619175310,Hrana,"1,99"
Salata od tune SK11,0224802,0.22,220g,Nixe,2.59,,,11.77,4335619175280,Hrana,"2,27"
Sok od naranèe 10%,0225624,2.9,"14x0,2l",Solevita,5.99,,,2.14,4335619194991,Piæe,Nije_bilo_u_prodaji_02.05.2025
BO Croissant Brioche,5902901,0.1,100g,,1.19,,,11.9,20609726,Hrana,"1,19"
Èips od krumpira,5907094,0.15,150g,Snack Day,1.59,,,10.6,4056489050902,Hrana,"1,59"
Bio napitak od soje èokolada,5910877,1.03,1l,Vemondo,1.89,,,1.89,4056489695400,Hrana,"1,69"
Plodovi mora XXL,5911797,1,1kg,Ocean Sea,11.99,,,11.99,4056489831068,Hrana,Nije_bilo_u_prodaji_02.05.2025
Grana Padano 20mj. dozrijevan,6000065,0.2,200g,Deluxe,4.99,,,24.95,20443931,Hrana,"4,19"
Svježe punjena tjestenina SK6,6000209,0.25,250g,Chef Select,1.49,,,5.96,20850531,Hrana,"1,49"
Svježe punjena tjestenina SK6,6000209,0.25,250g,Chef Select,1.49,,,5.96,20969912,Hrana,"1,49"
Crostatine,6000216,0.24,240g,Italiamo,1.79,,,7.46,20623449,Hrana,"1,59"
Carpaccio od hobotnice ,6000244,0.15,150g,Deluxe,4.99,,,33.27,20379018,Hrana,"4,49"
"Napolitanke s kakaom, RFA",6000265,0.175,175g,Sondey,0.99,,,5.66,20046064,Hrana,"0,99"
Povræe za Minestrone juhu,6000412,1,1kg,Italiamo,2.59,,,2.59,20137441,Hrana,"2,49"
Panzerotti s kozic. i rak.,6000660,0.25,250g,Deluxe,1.89,,,7.56,20570248,Hrana,"1,89"
Prosciutto di Parma,6000752,0.09,90g,Deluxe,3.29,,,36.56,20045210,Hrana,"3,19"
Igraèka sa slatkišima,1001202,0.082,82g,Favorina,11.09,,,135.24,4335619259355,Hrana,Nije_bilo_u_prodaji_02.05.2025
Vodica za ispiranje usta XXL SK1,1001797,1,1l,Dentalux,2.19,,,2.19,4335619267367,Kozmetika,Nije_bilo_u_prodaji_02.05.2025
Izolat prot. sirutke Clear W. SK1,1001915,0.36,360g,Sportyfeel,16.99,,,47.19,4335619267756,Hrana,Nije_bilo_u_prodaji_02.05.2025
Medenjaci,1002364,0.25,250g,Favorina,3.39,,,13.56,4335619274921,Hrana,Nije_bilo_u_prodaji_02.05.2025
Macarons smjesa SK4,1002494,0.25,250g,Belbake,2.63,,,10.52,20694272,Hrana,Nije_bilo_u_prodaji_02.05.2025
Premium domino kocke SK1,1002515,0.175,175g,Favorina,2.53,,,14.46,4335619278912,Hrana,Nije_bilo_u_prodaji_02.05.2025
Djeèji sprej za sunèanje ZF 50,1002570,0.252,250ml,Cien,6.99,,,27.96,4335619279230,Kozmetika,Nije_bilo_u_prodaji_02.05.2025
Poklon pakiranje,1002692,0.07,70g,Favorina,3.59,,,51.29,4335619280021,Hrana,Nije_bilo_u_prodaji_02.05.2025
Lak za nokte SK19,1002964,0.011,11ml,Cien Beauty,0.99,,,0.99,4056489300656,Kozmetika,Nije_bilo_u_prodaji_02.05.2025
Lak za nokte SK19,1002964,0.011,11ml,Cien Beauty,0.99,,,0.99,4335619149083,Kozmetika,Nije_bilo_u_prodaji_02.05.2025
Lak za nokte SK19,1002964,0.011,11ml,Cien Beauty,0.99,,,0.99,4335619149090,Kozmetika,Nije_bilo_u_prodaji_02.05.2025
Lak za nokte SK19,1002964,0.011,11ml,Cien Beauty,0.99,,,0.99,4335619149120,Kozmetika,Nije_bilo_u_prodaji_02.05.2025
Mirisna svijeæa u èaši,1003560,0.411,411g,Livarno,5.99,,,5.99,4335619288843,Proizvodi za kuæanstvo,Nije_bilo_u_prodaji_02.05.2025
Dressing za salatu SK5,1004043,0.315,300ml,MCENNEDY,1.69,,,5.63,20148676,Hrana,Nije_bilo_u_prodaji_02.05.2025
Dressing za salatu SK5,1004043,0.315,300ml,MCENNEDY,1.69,,,5.63,20148690,Hrana,Nije_bilo_u_prodaji_02.05.2025
Dressing za salatu SK5,1004043,0.315,300ml,MCENNEDY,1.69,,,5.63,20816599,Hrana,Nije_bilo_u_prodaji_02.05.2025
Dressing za salatu SK5,1004043,0.315,300ml,MCENNEDY,1.69,,,5.63,20816605,Hrana,Nije_bilo_u_prodaji_02.05.2025
Grožðice u mlijeènoj èokoladi,1004234,0.1,100g,Mister Choc,1.49,,,14.9,4335619294318,Hrana,Nije_bilo_u_prodaji_02.05.2025
Veganski namaz SK3,1004327,0.175,175g,Vemondo,2.19,,,12.51,4335619294585,Hrana,Nije_bilo_u_prodaji_02.05.2025
Napolitanke sa èokoladnim preljevom,1004650,0.15,150g,Sondey,2.19,,,14.6,4335619295612,Hrana,Nije_bilo_u_prodaji_02.05.2025
Kroasan s maslacem,1005043,0.38,380g,Deluxe,3.23,,,8.5,4335619302457,Hrana,Nije_bilo_u_prodaji_02.05.2025
Hrana za maèke,1008904,0.112,24x16g,Coshida,5.69,,,14.82,4335619335271,Proizvodi za kuæanstvo,Nije_bilo_u_prodaji_02.05.2025
Hrana za maèke SK1,1010427,1.6,16x100g,Coshida,5.49,,,3.43,4335619311466,Proizvodi za kuæanstvo,Nije_bilo_u_prodaji_02.05.2025
Muški parfem High End Fragrances,1012881,0.042,50ml,G. Bellini,5.99,,,119.8,4335619216495,Kozmetika,Nije_bilo_u_prodaji_02.05.2025
Cheesecake SK2,1013942,0.16,2x80g,Deluxe,3.18,,,19.88,4056489133650,Hrana,Nije_bilo_u_prodaji_02.05.2025
Ekos Medenka kolaè,6909257,0.35,350g,,3.99,,,11.4,3858889619502,Hrana,"3,99"
JGL Djeèja mast 500ml,6909271,0.5,500ml,,10.95,,,21.9,3858891013312,Kozmetika,Nije_bilo_u_prodaji_02.05.2025
Pavloviæ Aranžman Ruža,6909327,0.85,1komad,,14.99,,,14.99,3859889398367,Proizvodi za kuæanstvo,Nije_bilo_u_prodaji_02.05.2025
Axe Gel za tuširanje SK1,6909341,0.42,400ml,,3.95,,,9.88,8711600359659,Kozmetika,Nije_bilo_u_prodaji_02.05.2025
Rexona Dezodorans SK1,6909358,0.2,200ml,,4.95,,,24.75,8720181334719,Kozmetika,Nije_bilo_u_prodaji_02.05.2025
"Mikado Ananas komadiæi, OM 340g",6909379,0.34,580ml,,1.99,,,5.85,4007415005428,Hrana,Nije_bilo_u_prodaji_02.05.2025
Pavloviæ Aranžman SK2,6909391,1,1komad,,29.99,,,29.99,3859889398381,Proizvodi za kuæanstvo,Nije_bilo_u_prodaji_02.05.2025
Ekos Voæna èarolija kolaè,6909396,0.48,480g,,6.99,,,14.56,3858889619946,Hrana,Nije_bilo_u_prodaji_02.05.2025
Bounty sladoled 6-pack,6909412,0.235,235g,,3.99,,,16.98,5000159483063,Hrana,Nije_bilo_u_prodaji_02.05.2025
"Mlada prasetina, cca. 2,5kg",6909460,1,"cca. 2,5kg",,3.99,,,3.99,2846855000000,Hrana,Nije_bilo_u_prodaji_02.05.2025
Križevaèka mljekara Trajno mlijeko,6909475,1,1l,,0.55,,,0.55,3859893374418,Hrana,Nije_bilo_u_prodaji_02.05.2025
Delicia Pasta Spaghetti,6909479,0.5,500g,,0.49,,,0.98,6221022225712,Hrana,Nije_bilo_u_prodaji_02.05.2025
Ornel Omekšivaè za rublje Blue 116,6909496,4,4l,,4.49,,,4.49,3850105190499,Sredstva za èišæenje,Nije_bilo_u_prodaji_02.05.2025
Nestlé Nescafe 2u1/3u1,0005074,0.137,"80g, 140g, 155g",,2.99,,,19.29,5998710967650,Piæe,"2,99"
Nestlé Nescafe 2u1/3u1,0005074,0.137,"80g, 140g, 155g",,2.99,,,19.29,7613032921125,Piæe,"2,99"
Nestlé Nescafe 2u1/3u1,0005074,0.137,"80g, 140g, 155g",,2.99,,,21.36,7613033866357,Piæe,"2,99"
Nestlé Nescafe 2u1/3u1,0005074,0.137,"80g, 140g, 155g",,2.99,,,21.36,7613034025333,Piæe,"2,99"
Nestlé Nescafe 2u1/3u1,0005074,0.137,"80g, 140g, 155g",,2.99,,,21.36,8445290099785,Piæe,"2,99"
Nestlé Nescafe 2u1/3u1,0005074,0.137,"80g, 140g, 155g",,2.99,,,21.36,8445290749413,Piæe,"2,99"
"Minas mljevena kava, 500g",0005082,0.5,500g,-,6.79,,,13.58,20331337,Piæe,"5,99"
"Minas mljevena kava, 500g",0005082,0.5,500g,-,6.79,,,13.58,3858886802273,Piæe,"5,99"
"BO Kruh s krumpirom, 400g",0005083,0.4,400g,,1.15,,,2.88,3858881509986,Hrana,"1,15"
Svježi namaz patlidž./paprika SK1,6200602,0.25,250g,Eridanous,1.49,,,5.96,20256470,Hrana,"1,49"
Pužiæi sa sirom i maslinama,6200724,0.48,4x120g,Eridanous,1.99,,,4.15,20616649,Hrana,"1,91"
Grèki feta sir,6200776,0.2,200g,Milbona,3.29,,,16.45,4056489772637,Hrana,"3,29"
Pita sa sirom,6202271,1,1000g,Chef Select,5.29,,,5.29,20654054,Hrana,"5,29"
Kremasti grèki jogurt SK1,6202953,1,1kg,Eridanous,2.95,,,2.95,20211189,Hrana,"3,19"
High protein jogurt SK3,6205528,0.34,2x170g,Milbona,1.99,,,5.85,4056489382720,Hrana,"1,59"
Jastuèiæi sa sirom XXL,6205827,1.2,1200g,Chef Select,3.89,,,3.24,20413873,Hrana,"3,89"
Dimljena tuna SK3,6208134,0.16,160g,Eridanous,1.99,,,12.44,20616397,Hrana,"1,99"
"Dalmatinska panceta, narezak",0004871,0.1,100g,Okusi zavièaja,2.25,,,22.5,4056489926474,Hrana,"2,25"
Knorr Umaci SK1,0004901,0.336,750ml,,1.49,,,0.5,4038700117007,Hrana,"1,49"
Knorr Umaci SK1,0004901,0.336,750ml,,1.49,,,0.75,8714100790298,Hrana,"1,49"
Coca Cola 2x2l,0004915,4.16,2x2l,Coca-Cola,3.99,,,1,5449000059338,Piæe,"3,99"
Premium pivo 5%,0004920,0.503,"0,5l",Argus,0.89,,,1.78,4304493257177,Piæe,"0,72"
Losion za sunèanje sensitive ZF50,0025002,0.15,150ml,Cien Sun,4.99,,,33.27,4335619130463,Kozmetika,"4,99"
Uskršnje èokoladne figure SK3,0025220,0.1,100g,Favorina,1.79,,,17.9,20043025,Hrana,"1,79"
Proteinski hrskavi müsli SK44,0025231,0.5,500g,Crownfield,5.99,,,11.98,4056489030317,Hrana,"5,99"
Francuski Camembert,0025288,0.25,250g,Milbona,2.99,,,11.96,3228021170039,Hrana,"2,99"
Krpe za kupaonicu/posuðe SK5,0025297,0.048,4komad,W5,1.59,,,0.4,20044961,Proizvodi za kuæanstvo,"1,59"
Potpuna hrana za pse SK21,0025323,1.24,1240g,Orlando,1.89,,,1.52,20088828,Proizvodi za kuæanstvo,"1,89"
Potpuna hrana za pse SK21,0025323,1.24,1240g,Orlando,1.89,,,1.52,20258887,Proizvodi za kuæanstvo,"1,89"
Potpuna hrana za pse SK21,0025323,1.24,1240g,Orlando,1.89,,,1.52,20258894,Proizvodi za kuæanstvo,"1,89"
Kremasti sapun SK4,0025359,0.15,150g,Cien,0.79,,,5.27,4056489997641,Kozmetika,"0,79"
Pizza-Mozzarella,0025490,0.4,400g,Milbona,,2.49,3.19,6.23,4056489027539,Hrana,"3,19"
Hippis BIO pouch jabuka/jagoda/bana,6905082,0.1,100g,,1.35,,,13.5,4062300278547,Hrana,"1,35"
"Svježa pileæa krila, cca. 500g",6905089,1,ca. 500g,Naša mesnica,,2.89,4.19,2.89,2868620000000,Hrana,"4,19"
Cockta Original,6905155,3,"2x1,5l",,2.99,,,1,3838471042727,Piæe,"2,79"
Cockta Original,6905155,3,"2x1,5l",,2.99,,,1,3838471058551,Piæe,"2,79"
Podravka Svatovska juha,6905161,0.058,58g,,1.19,,,20.52,3850104004964,Hrana,"1,39"
Meri Merino det. Col. 75pranj.,6905163,4.613,"4,5l",,5.99,,,0.08,3580111105739,Sredstva za èišæenje,"5,69"
Fuži,6905189,0.4,400g,Okusi zavièaja,1.99,,,4.98,4056489075288,Hrana,"1,99"
Shake Miris za auto SK3,6905246,0.06,1komad,,2.99,,,2.99,3858892141885,Proizvodi za kuæanstvo,"2,99"
Shake Miris za auto SK3,6905246,0.06,1komad,,2.99,,,2.99,3859890779063,Proizvodi za kuæanstvo,"2,99"
Meri Merino Tekuæi deterdžent Color,6905282,2.7,"2,7l",,7.45,,,0.17,3850111105791,Sredstva za èišæenje,"7,19"
"File otkoštenog zabatka, cca. 500g",6905305,1,ca. 500g,Naša mesnica,6.99,,,6.99,2868825000000,Hrana,"6,99"
"File otkoštenog zabatka, cca. 500g",6905308,1,ca. 500g,Naša mesnica,6.99,,,6.99,2868830000000,Hrana,"6,99"
Peèenica narezak,6905317,0.1,100g,Pikok Pure,2.29,,,22.9,4056489075264,Hrana,"2,29"
Panirani pileæi medaljoni,6905335,0.32,320g,Gourmet,3.39,,,10.59,4056489316848,Hrana,"2,99"
"Pommes Frites, 3,5kg XXL",0051008,3.5,"3,5kg",Harvest Basket,4.89,,,1.4,4056489456414,Hrana,"4,89"
Razlièiti deserti SK15,0092516,0.475,450g,Deluxe,3.79,,,8.42,4056489193173,Hrana,"3,49"
Razlièiti deserti SK15,0092516,0.475,450g,Deluxe,3.79,,,7.58,4056489526230,Hrana,"3,49"
Instant nudli Teriaki,0009452,0.13,130g,,2.59,,,19.92,8585002443304,Piæe,Nije_bilo_u_prodaji_02.05.2025
Old Spice Gel za tuširanje,0009584,0.421,400ml,,3.85,,,9.63,8700216994293,Kozmetika,"3,85"
"Coca-Cola Regular, 1,5l",0009641,1.56,"1,5l",,1.69,,,1.13,5449000000439,Piæe,Nije_bilo_u_prodaji_02.05.2025
Schweppes Pink Tonic Style Bahrsi,0009661,1.04,1l,,1.59,,,1.59,5449000307347,Piæe,Nije_bilo_u_prodaji_02.05.2025
Milka Choco Dessert Jaffa Jelly nar,0009677,0.147,147g,,1.59,,,10.82,7622300479138,Hrana,"1,39"
Premium sladoled desert SK2,6600767,0.4,540ml,Deluxe,5.29,,,9.8,20502546,Hrana,"5,29"
Premium sladoled desert SK2,6600767,0.4,540ml,Deluxe,5.29,,,9.8,20502553,Hrana,"5,29"
Božiæni vjenèiæi s maslacem SK1,6601407,0.3,300g,Favorina,2.39,,,7.97,20380304,Hrana,"3,29"
Amerièki sladoled SK16,6601570,0.43,"485ml,500ml",Gelatelli,3.89,,,8.02,20396183,Hrana,"3,99"
Svježi krem sir SK10,6601662,0.15,150g,Deluxe,1.79,,,11.93,4335619043466,Hrana,"1,79"
Svježi krem sir SK10,6601662,0.15,150g,Deluxe,1.79,,,11.93,4335619043473,Hrana,"1,79"
Punjeni Brie sir SK1,6601720,0.18,180g,Deluxe,2.39,,,13.28,20292232,Hrana,"2,79"
Žele bomboni SK1,6603918,0.2,200g,Sweet Corner,1.19,,,5.95,20714703,Hrana,"1,79"
Gouda,6605092,0.22,220g,Deluxe,3.99,,,18.14,20977641,Hrana,"3,99"
Keksi sa sirom SK2,6608218,0.075,75g,Deluxe,1.15,,,15.33,4056489341628,Hrana,"1,25"
Veganski sir u listiæima SK1,6612647,0.15,150g,Vemondo,1.69,,,11.27,4056489978107,Hrana,"1,99"
Povrtni wrap SK7,6612810,0.37,370g,Vemondo,1.39,,,3.76,4056489476665,Hrana,"1,79"
Salama s mesom divljaèi SK2,6700101,0.4,400g,Deluxe,3.89,,,9.73,20535636,Hrana,"4,89"
Gulaš SK6,6700114,0.4,400g,Pikok,1.99,,,4.98,20470562,Hrana,"1,99"
Franck Cappuccino SK2,6902087,0.143,"112g,144g,160g",,2.59,,,17.99,3858881088344,Piæe,"2,95"
Kraš Lilly Vanilin keksi,6902158,0.22,220g,,1.79,,,8.14,3870450001691,Hrana,"1,79"
Kraš Životinjsko carstvo èokolada,6902162,0.015,15g,,0.69,,,0.69,3850102508044,Hrana,"0,69"
Kraš Bajadera,6902164,0.2,200g,,7.99,,,39.95,3850102230044,Hrana,"7,99"
Aperol Bitter 11%,6902182,0.76,"0,7l",,18.99,,,27.13,8002230000302,Piæe,"17,89"
BO Craft kruh sa sjemenkama sunc.,6909521,0.41,410g,,1.19,,,2.9,3859893136290,Hrana,Nije_bilo_u_prodaji_02.05.2025
Ira Buket Dalila/Ruža SK1,6909527,0.125,1komad,,5.99,,,5.99,3856023052406,Proizvodi za kuæanstvo,Nije_bilo_u_prodaji_02.05.2025
Buket Božur SK1,6909540,0.04,1komad,,2.99,,,2.99,3856023043169,Proizvodi za kuæanstvo,Nije_bilo_u_prodaji_02.05.2025
Ira Grana Dekorativna 62 cm SK1,6909551,0.043,1komad,,2.99,,,2.99,3856023052796,Proizvodi za kuæanstvo,Nije_bilo_u_prodaji_02.05.2025
PIK Panceta,6909636,1,ca. 350g,,16.99,,,16.99,2123738000000,Hrana,Nije_bilo_u_prodaji_02.05.2025
Pivac Okrajci hamburger slanine,6909668,1,cca. 800g,,3.99,,,3.99,2846919000000,Hrana,Nije_bilo_u_prodaji_02.05.2025
"Svježa grdobina, oèišæena, cca.500g",6909671,1,cca. 500g,Naša ribarnica,13.99,,,13.99,2846546000000,Hrana,Nije_bilo_u_prodaji_02.05.2025
"Svježa grdobina, oèišæena, cca.500g",6909671,1,cca. 500g,Naša ribarnica,13.99,,,13.99,2846549000000,Hrana,Nije_bilo_u_prodaji_02.05.2025
Svinjski but b.k. komad,6909726,1,"cca. 7,5 kg",Naša mesnica,2.99,,,2.99,2846585000000,Hrana,Nije_bilo_u_prodaji_02.05.2025
"Èvrsto masno tkivo, cca. 5kg",6909755,1,cca. 5kg,-,2.29,,,2.29,2846677000000,Hrana,Nije_bilo_u_prodaji_02.05.2025
"Èvrsto masno tkivo, cca. 5kg",6909755,1,cca. 5kg,-,2.29,,,2.29,2849220000000,Hrana,Nije_bilo_u_prodaji_02.05.2025
Seitan marinirani,6909756,0.2,200g,,2.99,,,14.95,3859894407214,Hrana,Nije_bilo_u_prodaji_02.05.2025
Lungo XXL,0226128,0.312,3x104g,Bellarom,10.99,,,35.22,4335619196186,Piæe,Nije_bilo_u_prodaji_02.05.2025
Tart SK1,0226412,0.253,"250g,255g",Deluxe,2.69,,,10.55,4335619197732,Hrana,"2,89"
Dubai èokolada,0226735,0.122,122g,J.D. Gross,3.99,,,32.7,4335619201859,Hrana,"3,99"
Jastuèiæi punj. noug. / vanil. SK86,0227382,0.5,500g,Crownfield,2.65,,,5.3,4056489833499,Hrana,"2,49"
Èokoladni jastuèiæi,0227440,0.5,500g,Crownfield,3.49,,,6.98,4335619207684,Hrana,Nije_bilo_u_prodaji_02.05.2025
"Pivo 4,9% Vol.",0227476,0.503,"0,5l",Perlenbacher,0.79,,,1.58,4304493268432,Piæe,"0,99"
WC osvježivaè SK3,0227480,0.144,3x48g,W5,2.09,,,14.51,4335619207783,Sredstva za èišæenje,Nije_bilo_u_prodaji_02.05.2025
Hrana za maèke SK1,0227703,0.4,400g,Coshida Pure Taste,1.29,,,3.23,4335619165632,Proizvodi za kuæanstvo,Nije_bilo_u_prodaji_02.05.2025
Mješavina vafla ili keksa XXL SK2,0227734,0.495,"550g,440g",Sondey,3.29,,,7.48,20420918,Hrana,Nije_bilo_u_prodaji_02.05.2025
Beauty's Choice Azelain Serum,0228325,0.031,30ml,Cien,4.99,,,166.33,4335619217300,Kozmetika,Nije_bilo_u_prodaji_02.05.2025
Pro Beauty Skin Piling za èišæenje,0228334,0.125,125ml,Cien,3.19,,,25.52,4335619217393,Kozmetika,Nije_bilo_u_prodaji_02.05.2025
GGN/MSC Premium Sushi SK20,0228627,0.178,"168g,178,5g,185g",select & go,4.99,,,27.96,4056489250173,Hrana,"3,79"
GGN/MSC Premium Sushi SK20,0228627,0.178,"168g,178,5g,185g",select & go,4.99,,,26.97,4335619221642,Hrana,"3,79"
Aperitiv sa šljokicama 15%,0228745,0.689,0.700l,Deluxe,4.79,,,6.84,4304493271470,Piæe,"3,06"
Deterdžent Spa Moments SK1,0228999,0.75,750ml,Formil,2.39,,,3.19,4335619226432,Sredstva za èišæenje,Nije_bilo_u_prodaji_02.05.2025
Antipasti namaz SK8,0229358,0.15,150g,Deluxe,2.79,,,18.6,4335619207745,Hrana,"2,46"
Mlijeèna krema,0229981,0.4,400g,Alpenfest,2.79,,,6.98,4335619239586,Hrana,Nije_bilo_u_prodaji_02.05.2025
Mlijeène èokoladne figurice,0117122,0.1,100g,Favorina,1.79,,,17.9,20758448,Hrana,"1,79"
Mini uskršnje èokoladne figurice,0117128,0.05,50g,Favorina,0.79,,,15.8,20758530,Hrana,"0,79"
Mini božiæne figure s èokoladom SK3,0117276,0.125,125g,Favorina,2.39,,,19.12,20167264,Hrana,"1,99"
Premium bademi SK2,0117329,0.2,200g,Favorina,2.89,,,14.45,20702571,Hrana,"2,99"
Sir Brie XXL,0117425,0.25,250g,Milbona,2.59,,,10.36,4056489928591,Hrana,"2,25"
Desertni specijaliteti SK5,0117872,0.45,450g,Italiamo,3.59,,,7.98,20724474,Hrana,"3,49"
Cvjetaèa,0082876,0.914,1komad,,1.79,,,1.79,,Hrana,"1,99"
Pašteta SK2,6708129,0.2,200g,Deluxe,4.49,,,22.45,,Hrana,"4,49"
Komoraè,0082690,1,1kg,,1.99,,,1.99,,Hrana,"1,99"
Mrkva rinfuza,0082755,1,1kg,,0.79,,,0.79,,Hrana,"0,79"
Jabuka crvena Crimson snow,0080206,1,1kg,,1.99,,,1.99,,Hrana,"1,99"
Schauma Šampon trava,0009296,0.416,400ml,,2.95,,,7.38,,Kozmetika,Nije_bilo_u_prodaji_02.05.2025
"Jaja, M razred, 30kom",6401105,1.59,30 komada,,5.69,,,0.19,,Hrana,Nije_bilo_u_prodaji_02.05.2025
Luk crveni rinfuza,0083325,1,1kg,,0.84,,,0.84,,Hrana,"0,84"
Grožðe crno bez koštica,0080455,1,1kg,,3.99,,,3.99,,Hrana,"3,99"
Pepsi Max Limeta,0009269,2,2l,Pepsi,1.85,,,0.93,,Piæe,"1,85"
Rajèica grapolo,0082466,1,1kg,,2.69,,,2.69,,Hrana,"2,49"
Umak za salatu sort. SK3,0013078,0.315,300ml,McEnnedy,1.19,,,3.97,,Hrana,"1,69"
Jabuka crvena Swing,0081329,1,1kg,,1.69,,,1.69,,Hrana,"1,79"
Paprika rog crvena,0082630,1,1kg,,2.99,,,2.99,,Hrana,"3,99"
Kupus kineski,0082910,1,1kg,,1.49,,,1.49,,Hrana,"1,59"
Rosé vino,0152772,0.75,0.75l,,4.99,,,6.65,,Piæe,Nije_bilo_u_prodaji_02.05.2025
BO Krafna marelica,6902004,0.72,12x60g,,3.3,,,0.27,,Hrana,"3,3"
Dolcela Praš. za pec./Van. šeæ. SK3,6907960,0.054,"6x12g,6x8g",,0.99,,,20.63,,Hrana,"0,99"
Gillette Mach 3 Start Drška+3brit.,0000016,0.046,1komad,,11.09,,,11.09,7702018464005,Kozmetika,"11,09"
Always Ultra higijenski ulošci BA,0000017,0.058,"9 komada, 10 komada, 14 komada",,1.66,,,0.12,8001841263953,Toaletne potrepštine,"1,66"
Milka Alpsko mlijeko,0000057,0.08,80g,,1.03,,,12.88,7622300424695,Hrana,"0,99"
Nescafé Cappuccino 8 kom. BA,0000067,0.444,"108g, 112g",,3.99,,,36.94,8445291532236,Piæe,Nije_bilo_u_prodaji_02.05.2025
Lenor Omekšivaè 60 pranja Sensitiv,0000084,1.8,"1,8l",,5.57,,,3.09,8001841375564,Sredstva za èišæenje,"5,57"
7Days Mini kroasani vanilija,0000111,0.185,185g,Mondelez,1.59,,,8.59,5201360543700,Hrana,"1,59"
7Days Mini kroasani vanilija,0000111,0.185,185g,Mondelez,1.59,,,8.59,7622202215735,Hrana,"1,59"
Bref WC Power Active Pine,0000141,0.15,3x50g,Henkel,5.69,,,37.93,9000100753340,Sredstva za èišæenje,"6,49"
Bref WC Power Active Lemon,0000142,0.15,3x50g,Henkel,5.69,,,37.93,9000100753371,Sredstva za èišæenje,"6,49"
Head & Shoulders šampon SK,0000344,0.516,500ml,,6.59,,,13.18,8700216158114,Kozmetika,"6,59"
Nestlé KitKat White,0000407,0.041,"41,5g",,0.99,,,24.75,8445290549266,Hrana,Nije_bilo_u_prodaji_02.05.2025
Perwoll Light Colors 3000ml 60WL,0000426,3.09,3L,,11.49,,,3.83,9000101827163,Sredstva za èišæenje,Nije_bilo_u_prodaji_02.05.2025
Silan AT Jungle 2.772l 126WL,0000427,2.772,"2,772l",,5.99,,,2.16,9000101581911,Sredstva za èišæenje,Nije_bilo_u_prodaji_02.05.2025
Silan Omekšivaè  Fresh Sky 76pr.,0000452,1.672,"1,672l",,6.69,,,4,9000101581539,Sredstva za èišæenje,"5,69"
Silan Omekšivaè Sensitive 76 pranja,0000453,1.672,"1,672l",,5.69,,,0.07,9000101590272,Sredstva za èišæenje,"5,69"
Somat Caps Excellence 5in1 Gigapack,0000463,1.053,54komad,Henkel,14.49,,,0.27,9000101807936,Sredstva za èišæenje,"13,99"
"Somat Tabs Gold Gigapack, 70kom.",0000466,1.232,70kom,,14.49,,,0.21,9000101808834,Sredstva za èišæenje,"13,99"
Wei?er R. tekuæi det. Universal Gel,0000476,4.649,"4,5l",,17.99,,,4,9000101564426,Sredstva za èišæenje,Nije_bilo_u_prodaji_02.05.2025
"Pommes Frites, 1kg",0001171,1,1kg,Harvest Basket,2.25,,,2.25,20093105,Hrana,"2,49"
"Pommes Frites, 2,5kg",0001172,2.5,"2,5kg",Harvest Basket,4.89,,,1.96,20073459,Hrana,"4,89"
"Pureæi Cordon Bleu, smrznuto",0001181,1,1000g,Culinea,4.99,,,4.99,20093877,Hrana,"4,49"
Sladoled u kornetu - vanilija,0001247,0.074,120ml,Ballino,0.59,,,4.92,20980221,Hrana,"0,59"
Nescafé Classic,0001252,0.2,200g,Nestlé,9.99,,,49.95,7891000255025,Piæe,"8,99"
"Grašak-mrkva mix, smrznuto",0001256,0.45,450g,Freshona,1.19,,,2.64,20090173,Hrana,"0,99"
"Dukatos Natur jogurt, 150g",0001265,0.15,150g,,0.99,,,6.6,3850354009726,Hrana,"0,99"
Minas mljevena kava XXL,0001293,0.6,600g,Bellarom,6.99,,,11.65,4056489925453,Piæe,"5,99"
XXL Svježi sir 25% m.m.,0001295,1,1kg,Okusi zavièaja,2.89,,,2.89,20660468,Hrana,"2,89"
Krekeri slani i integralni SK8,0001318,0.5,500g,Snack Day,2.19,,,4.38,20255473,Hrana,"2,19"
"Svijetlo pivo 3,0%",0001345,0.5,"0,5l",Argus,0.69,,,1.38,4304493257153,Piæe,"0,69"
Kranjska kobasica,0001372,0.32,320g,Pikok,1.99,,,6.22,20290283,Hrana,"1,99"
Juneæe meso za gulaš,0001388,0.4,400g,Naša mesnica,6.99,,,17.48,20340001,Hrana,"5,99"
Tirolska kobasica,0001393,0.4,400g,Pikok,2.39,,,5.98,20356033,Hrana,"2,39"
Mljeveno miješano meso,0001395,0.85,850g,Naša mesnica,5.99,,,7.05,20363536,Hrana,"6,19"
Sezam ploèice SK7,0001419,0.081,3x27g,Crownfield,0.49,,,6.05,20190583,Hrana,"0,49"
"BO Kajzerica SUS, 60g",0001478,0.06,60g,,0.13,,,2.17,3859888751798,Hrana,"0,13"
Kompot od višnje b/k (OM 340g),0001481,0.34,720ml,Okusi zavièaja,1.85,,,5.44,20250508,Hrana,"1,85"
Kiselo vrhnje 12% m.m.,0001558,0.18,180g,Pilos,0.65,,,3.61,20156091,Hrana,"0,65"
Kiselo vrhnje 12% m.m.,0001558,0.18,180g,Pilos,0.65,,,3.61,3859888148987,Hrana,"0,65"
"Tekuæi jogurt 2,8% m.m.",0001572,0.18,180g,Pilos,0.37,,,2.06,20447663,Hrana,"0,37"
"Tekuæi jogurt 2,8% m.m.",0001572,0.18,180g,Pilos,0.37,,,2.06,3859888148888,Hrana,"0,37"
"Sirela Ribanac, 40g",0001610,0.04,40g,,1.49,,,1.49,3850355001200,Hrana,"1,49"
"b.Aktiv s LGG natur, 150g",0001614,0.15,150g,,0.79,,,5.27,3850354005414,Hrana,"0,65"
"Dukat Trajno mlijeko 2,8%",0001638,8.245,8x1l,,6.99,,,0.87,3850354006077,Hrana,"6,75"
"Dukat tekuæi jogurt 2,8%, 1kg",0001669,1,1kg,,2.49,,,2.49,3850354016021,Hrana,"2,32"
Bref WC Duo Aktiv Pine,0001690,0.052,50ml,Henkel,2.65,,,53,9000100992695,Sredstva za èišæenje,"2,65"
Kuhana šunka narezak,0001719,0.1,100g,Pikok,1.49,,,14.9,20493264,Hrana,"1,29"
"Voæni jogurt 1,8%, SK45, SK46",0001798,0.25,250g,Milbona,0.79,,,3.16,20039349,Hrana,"0,79"
"Voæni jogurt 1,8%, SK45, SK46",0001798,0.25,250g,Milbona,0.79,,,3.16,20109639,Hrana,"0,79"
Jogurt Duo èokolada SK14,0001804,0.175,175g,Pilos,0.89,,,5.09,20097738,Hrana,"0,89"
Puding od èokolade,0001809,0.2,200g,Pilos,0.45,,,2.25,4056489109709,Hrana,"0,49"
Namaz od vrhnja SK21,0001889,0.2,200g,Milbona,,1.09,1.79,5.45,20109929,Hrana,"1,55"
Svježa pileæa krila,0001915,1,ca. 500g,Naša mesnica,,2.99,4.19,2.99,2136944000000,Hrana,"4,19"
Svježa pileæa krila,0001915,1,ca. 500g,Naša mesnica,,2.99,4.19,2.99,2852005000000,Hrana,"4,19"
Svježa pileæa krila,0001915,1,ca. 500g,Naša mesnica,,2.99,4.19,2.99,2891980000000,Hrana,"4,19"
Svježa pileæa krila,0001915,1,ca. 500g,Naša mesnica,,2.99,4.19,2.99,2891984000000,Hrana,"4,19"
Svježa pileæa krila,0001915,1,ca. 500g,Naša mesnica,,2.99,4.19,2.99,2891985000000,Hrana,"4,19"
Meki kravlji sir 45% m.m.,0001931,0.25,250g,Milbona,2.29,,,9.16,4056489203285,Hrana,"2,29"
"Dim. svinjska koljenica, cca. 1,4kg",0001936,1,"ca. 1,4kg",Pikok,6.99,,,6.99,2819360000000,Hrana,"6,99"
Mesni sir peèen u peænici,0001991,0.4,400g,Dulano,3.99,,,9.98,20987473,Hrana,"3,99"
"Rolana lopatica bez kože cca. 1,3kg",0001994,1,"ca. 1,3kg",Pikok,5.75,,,5.75,2819941000000,Hrana,"5,75"
"Rolana lopatica bez kože cca. 1,3kg",0001994,1,"ca. 1,3kg",Pikok,5.75,,,5.75,2819947000000,Hrana,"5,75"
"Rolana lopatica bez kože cca. 1,3kg",0001994,1,"ca. 1,3kg",Pikok,5.75,,,5.75,2819948000000,Hrana,"5,75"
Fritt Voæne karamele SK22,0002167,0.07,70g,,0.99,,,14.14,4000607525407,Hrana,"0,99"
Fritt Voæne karamele SK22,0002167,0.07,70g,,0.99,,,14.14,5901783033375,Hrana,"0,99"
Nescafé Cappuccino sort.,0002183,0.135,"112g,148g",Nestlé,4.19,,,30.81,5011546477596,Piæe,"4,19"
Nescafé Cappuccino sort.,0002183,0.135,"112g,148g",Nestlé,4.19,,,28.31,5011546477596,Piæe,"4,19"
Nescafé Cappuccino sort.,0002183,0.135,"112g,148g",Nestlé,4.19,,,29.1,7613034172181,Piæe,"4,19"
Nescafé Cappuccino sort.,0002183,0.135,"112g,148g",Nestlé,4.19,,,30.81,7613035440081,Piæe,"4,19"
Nescafé Cappuccino sort.,0002183,0.135,"112g,148g",Nestlé,4.19,,,30.81,7613035919433,Piæe,"4,19"
Nescafé Cappuccino sort.,0002183,0.135,"112g,148g",Nestlé,4.19,,,29.1,7613035919433,Piæe,"4,19"
Pag91 Kuhinjska morska sol sitna,0002214,1,1kg,,0.49,,,0.49,20156565,Hrana,"0,49"
Kiara Kristal šeæer 1kg ,0002220,1,1kg,,0.99,,,0.99,3859888112049,Hrana,"0,99"
"Brašno TIP 550 glatko, 5kg",0002223,5,5kg,Belbake,3.58,,,0.72,20156589,Hrana,"3,58"
"Brašno TIP 550 glatko, 1kg",0002225,1,1kg,Belbake,0.75,,,0.75,20156602,Hrana,"0,75"
"Brašno TIP 550 glatko, 1kg",0002225,1,1kg,Belbake,0.75,,,0.75,3859892051044,Hrana,"0,75"
"Brašno TIP 550 glatko, 1kg",0002225,1,1kg,Belbake,0.75,,,0.75,4056489316084,Hrana,"0,75"
"Brašno TIP 550 glatko, 1kg",0002225,1,1kg,Belbake,0.75,,,0.75,4056489612346,Hrana,"0,75"
Prašak za pecivo 10kom.,0002241,0.15,150g,Belbake,0.95,,,6.33,4335619231382,Hrana,"0,6"
Riža dugog zrna Arborio,0002278,1,1kg,Golden Sun,2.99,,,2.99,20101985,Hrana,"2,29"
"Lješnjak jezgra u rinfuzi, cca. 1kg",0002320,1,ca. 1kg,,14.49,,,14.49,0722512575035,Hrana,"9,39"
"Orah jezgra u rinfuzi, cca. 1kg",0002322,1,cca. 1kg,,5.69,,,5.69,3872084002075,Hrana,"5,49"
Namaz od obranog mlijeka i kakaa,0002345,0.75,750g,Mister Choc,3.69,,,4.92,20003555,Hrana,"3,69"
Dvostruki koncentrat od rajèice,0002492,0.2,200g,Baresa,1.19,,,5.95,20009687,Hrana,"0,99"
"Bijeli grah, OM 240g",0002495,0.4,425ml,Freshona,0.59,,,2.46,20009793,Hrana,"0,69"
"Bijeli grah, OM 240g",0002495,0.4,425ml,Freshona,0.59,,,2.46,4056489468455,Hrana,"0,69"
"Crvena paprika fileti, OM 300g",0002503,0.68,720ml,Freshona,1.79,,,5.97,5997120753716,Hrana,"2,49"
Scotch Whisky 40%,0002596,0.86,"0,7l",Queen Margot,7.49,,,10.7,4304493262522,Piæe,"8,49"
"Fanta Orange, 0,5l",0002651,0.52,"0,5l",Coca-Cola,1.12,,,2.24,40822938,Piæe,"1,12"
"Fanta Orange, 2l",0002667,2.07,2l,Coca-Cola,2.39,,,1.2,5449000322203,Piæe,"2,28"
"Sprite, 2l ",0002668,2.08,2l,Coca-Cola,2.39,,,1.2,5449000335036,Piæe,"2,28"
"Premium Pils pivo 4,9%",0002704,0.504,"0,5l",Perlenbacher,0.99,,,1.98,4304493261419,Piæe,"0,99"
"Karlovaèko Svijetlo pivo 0,5l-lim",0002708,0.5,"0,5l",,1.55,,,3.1,3850103002312,Piæe,"1,48"
Svinjska mast,0002762,1,1kg,Okusi zavièaja,2.19,,,2.19,20492564,Hrana,"2,19"
Milka Èokolada sort.,0002911,0.279,"250g, 276g, 300g",,5.99,,,21.7,7622200004607,Hrana,"5,99"
Milka Èokolada sort.,0002911,0.279,"250g, 276g, 300g",,5.99,,,23.96,7622200004614,Hrana,"5,99"
Milka Èokolada sort.,0002911,0.279,"250g, 276g, 300g",,5.99,,,19.97,7622201022679,Hrana,"5,99"
Milka Èokolada sort.,0002911,0.279,"250g, 276g, 300g",,5.99,,,21.7,7622210702555,Hrana,"5,99"
Milka Èokolada sort.,0002911,0.279,"250g, 276g, 300g",,5.99,,,21.7,7622300134532,Hrana,"5,99"
"Biskvit SK2, SK13, SK20, SK23 400g",0002940,0.4,400g,Confiserie Firenze,2.49,,,6.23,20161156,Hrana,"2,69"
"Jumbo biskvit, SK5, SK8",0002942,0.6,600g,Confiserie Firenze,3.19,,,5.32,20010034,Hrana,"2,99"
Kompletna hrana za maèke SK19,0003002,0.1,100g,Coshida,0.39,,,3.9,20302498,Proizvodi za kuæanstvo,"0,45"
Kompletna hrana za maèke SK19,0003002,0.1,100g,Coshida,0.39,,,3.9,20609474,Proizvodi za kuæanstvo,"0,45"
Potpuna hrana za pse SK1,0003024,10,10kg,Orlando,11.89,,,1.19,4056489746379,Proizvodi za kuæanstvo,"11,89"
Potpuna suha hrana za pse s inulin.,0003025,3,3kg,Orlando Gourmet,5.49,,,1.83,4056489142683,Proizvodi za kuæanstvo,"5,49"
Šampon za svakodne. pranje kose SK6,0003034,0.515,500ml,Cien,1.39,,,2.78,4056489815587,Kozmetika,"1,39"
Pjena za kosu SK8,0003050,0.22,250ml,Cien,1.33,,,5.32,20220464,Kozmetika,1.33
Pjena za kosu SK8,0003050,0.22,250ml,Cien,1.33,,,5.32,20567385,Kozmetika,1.33
Lak za kosu SK11,0003054,0.31,400ml,Cien,1.98,,,4.95,20398637,Kozmetika,1.98
Lak za kosu SK11,0003054,0.31,400ml,Cien,1.98,,,4.95,4335619217126,Kozmetika,1.98
Krema za njegu kože SK1,0003083,0.249,250ml,Cien,1.55,,,6.2,20072339,Kozmetika,"1,55"
Q10 krema za lice protiv bora SK7 ,0003089,0.051,50ml,Cien,2.89,,,57.8,20283148,Kozmetika,"2,89"
Pjena za brijanje sensitive,0003108,0.294,300ml,Cien MEN,1.59,,,5.3,20007713,Kozmetika,"1,59"
Losion poslije brijanja SK15,0003114,0.092,100ml,Cien MEN,2.39,,,23.9,20043681,Kozmetika,"2,39"
Losion poslije brijanja SK15,0003114,0.092,100ml,Cien MEN,2.39,,,23.9,40891507,Kozmetika,"2,39"
Èetkice za zube classic SK6,0003116,0.034,2komad,Dentalux,0.85,,,0.43,4056489411673,Kozmetika,"0,85"
"Tekuæina za ispiranje usta, SK15",0003125,0.508,500ml,Dentalux,1.45,,,2.9,20010133,Kozmetika,"1,45"
"Tekuæina za ispiranje usta, SK15",0003125,0.508,500ml,Dentalux,1.45,,,2.9,20258047,Kozmetika,"1,45"
Sredstvo za èišæenje masnoæa SK12,0003191,0.753,750ml,W5,1.99,,,2.65,20318284,Sredstva za èišæenje,"1,99"
Sredstvo za èišæenje masnoæa SK12,0003191,0.753,750ml,W5,1.99,,,2.65,4056489367512,Sredstva za èišæenje,"1,99"
Tamponi SK3,0003257,0.054,24komad,Siempre,1.55,,,0.06,20888169,Toaletne potrepštine,"1,55"
Mop - nastavak za èišæenje podova ,0003310,0.098,1komad,W5,1.79,,,1.79,20579784,Proizvodi za kuæanstvo,"1,79"
"Lino Keksolino, 500g",0003407,0.5,500g,,4.99,,,9.98,3850104218804,Hrana,"4,99"
Melem Krema za osjetljivu kožu,0003527,0.06,35ml,,5.79,,,5.79,3856007901409,Kozmetika,"5,79"
"BO Kukuruzna ciabatta, 300g",0003646,0.3,300g,,0.99,,,3.3,3859890755449,Hrana,"0,93"
Palette Int. Color Creme boja SK4,0003664,0.11,1komad,Henkel,4.25,,,4.25,3838824159454,Kozmetika,"5,25"
Palette Int. Color Creme boja SK4,0003664,0.11,1komad,Henkel,4.25,,,4.25,3838824159492,Kozmetika,"5,25"
Palette Int. Color Creme boja SK4,0003664,0.11,1komad,Henkel,4.25,,,4.25,3838824349206,Kozmetika,"5,25"
Palette Int. Color Creme boja SK4,0003664,0.11,1komad,Henkel,4.25,,,4.25,3838824350516,Kozmetika,"5,25"
Axe Dezodorans u spreju Africa,0003696,0.15,150ml,,4.89,,,32.6,8711600639232,Kozmetika,"4,55"
"Crema di Latte Macchiato, 17% Vol.",0003744,0.513,"0,5l",-,6.49,,,12.98,4304493262324,Piæe,"5,99"
Talijanski umaci SK8,0003805,0.42,400ml,Combino,1.79,,,4.48,20003937,Hrana,"1,79"
Topljeni sir trokutiæi 50% m.m.,0003831,0.4,400g,Milbona,4.39,,,10.98,20024949,Hrana,"4,29"
Topljeni sir trokutiæi 50% m.m.,0003831,0.4,400g,Milbona,4.39,,,10.98,20157524,Hrana,"4,29"
Topljeni sir u kadicama SK18,0003834,0.2,200g,Milbona,1.89,,,9.45,20002602,Hrana,"1,89"
Èokoladni vafli SK10,0003869,0.125,125g,Sondey,1.99,,,15.92,20005535,Hrana,"1,69"
"Trajno mlijeko 2,8% m.m.",0003904,1.031,1l,Pilos,0.75,,,0.75,3870199000696,Hrana,"0,79"
Pro-Vitamin Šampon 2u1 SK3,0003948,0.311,300ml,Cien,1.49,,,4.97,20189044,Kozmetika,"1,49"
Amaro biljni liker 30% vol.,0003949,0.73,"0,7l",Romanetti,7.49,,,10.7,4304493262300,Piæe,"7,49"
Pjenasti poljupci,0003988,0.3,300g,Mister Choc,3.39,,,11.3,20005917,Hrana,"3,39"
Raid Tekuæe punjenje za el.ap.,0004452,0.043,21ml,,5.99,,,5.99,5000204804423,Proizvodi za kuæanstvo,"5,99"
Old Spice Deo stick,0004454,0.056,50ml,,3.85,,,77,4015600862640,Kozmetika,"3,85"
Old Spice Deo stick,0004454,0.056,50ml,,3.85,,,77,8700216162180,Kozmetika,"3,85"
Nestlé Smarties Mini 18kom.,0004455,0.259,259g,Nestlé,5.99,,,23.13,7613035312098,Hrana,"4,99"
Bebimil Hrana za dojenèad 1,0004473,0.6,600g,,11.15,,,18.58,9007253105071,Hrana,"11,25"
"Schweppes Bitter Lemon, 1,5l",0004496,1.58,"1,5l",Coca-Cola,2.23,,,1.49,5449000044709,Piæe,"2,19"
"Schweppes Tonic, 1,5l",0004499,1.55,"1,5l",Coca-Cola,2.23,,,1.49,5449000044679,Piæe,"2,23"
Orbit Žvakaæe gume u boèici sort.,0004521,0.064,64g,,2.89,,,45.16,4009900412117,Hrana,"2,59"
"NUK Silikonske Dude varalice, Vel.1",0004531,0.032,2komad,Mapa,5.29,,,5.29,4008600296829,Proizvodi za kuæanstvo,"5,29"
"NUK Silikonske Dude varalice, Vel.1",0004531,0.032,2komad,Mapa,5.29,,,5.29,4008600377832,Proizvodi za kuæanstvo,"5,29"
Monster Energetski napitak Hamilton,0004540,0.5,"0,5l",Coca-Cola,1.59,,,3.18,5060337508759,Piæe,"1,59"
Pepsi Regular,0004561,2.051,2l,Pepsi,1.85,,,0.93,3830065022627,Piæe,"1,85"
"Instant napitak naranèa, 500g",0004839,0.5,500g,Freeway,2.39,,,4.78,20223779,Piæe,"2,39"
Carski sir komad,0004986,0.25,250g,Pilos,,1.85,2.59,7.4,20267780,Hrana,"2,59"
Donat Mg Gazirana mineralna voda,0005013,1,1l,,2.19,,,2.19,3838600024945,Piæe,"2,19"
Argeta Pašteta od tune 3x95g,0005122,0.285,3x95g,,4.99,,,17.51,3838471022750,Hrana,"4,99"
"Argeta Kokošja pašteta SK2, 95g",0005140,0.095,95g,,1.49,,,15.68,3838471043977,Hrana,"1,39"
"BO Pecivo žemlja SUS, 75g",0005369,0.075,75g,,0.21,,,2.8,3859888751491,Hrana,"0,21"
"Svježa koljenica, cca. 1,5kg",0005393,1,"ca. 1,5kg",Naša mesnica,2.59,,,2.59,2896420000000,Hrana,"2,65"
"Suha svinjska peèenica, cca. 400g",0005471,1,ca. 400g,Okusi zavièaja,14.99,,,14.99,2105262000000,Hrana,"14,99"
"Argeta Kokošja pašteta, 3x95g",0005502,0.285,3x95g,,3.19,,,11.19,3838471022767,Hrana,"3,49"
"Svježi pileæi želuci, 500g",0005594,0.5,500g,,1.59,,,3.18,3857500012227,Hrana,"1,49"
"Svježi pileæi želuci, 500g",0005594,0.5,500g,,1.59,,,3.18,4052917408697,Hrana,"1,49"
Svježi pileæi filet,0005607,1,ca. 500g,Naša mesnica,7.39,,,7.39,2852022000000,Hrana,"7,39"
Svježi pileæi filet,0005607,1,ca. 500g,Naša mesnica,7.39,,,7.39,2852023000000,Hrana,"7,39"
Svježi pileæi filet,0005607,1,ca. 500g,Naša mesnica,7.39,,,7.39,2891921000000,Hrana,"7,39"
"Coca Cola 5+1 gratis, 6x0,33l",0005627,2.06,"6x0,33l",Coca-Cola,5.19,,,3.15,5000112652857,Piæe,"5,25"
Axe gel za tuširanje sort.,0005639,0.257,250ml,,2.49,,,9.96,40883564,Kozmetika,"2,99"
Pita od jabuka,0005669,0.42,420g,Okusi zavièaja,4.29,,,10.21,20538224,Hrana,"4,09"
Dolcela Gussnel,0005733,0.25,250g,,1.99,,,7.96,3850104258725,Hrana,"1,99"
Argeta Junior kokošja pašteta 3x95g,0005751,0.285,3x95g,,3.19,,,11.19,3838471033541,Hrana,"3,49"
Svinjsko meso za gulaš,0005810,0.4,400g,Naša mesnica,2.69,,,6.73,20446116,Hrana,"2,49"
Kulen/ Zimska salama SK5,0005829,0.3,300g,Pikok,3.25,,,10.83,20448226,Hrana,"3,89"
Sensodyne Pasta za zube SK2,0005894,0.075,75ml,,5.95,,,79.33,4026600841108,Kozmetika,"3,95"
Schauma šampon sort.,0005896,0.52,400ml,,3.17,,,7.93,3838824086675,Kozmetika,"3,17"
Schauma šampon sort.,0005896,0.52,400ml,,3.17,,,7.93,3838824337821,Kozmetika,"3,17"
Schauma šampon sort.,0005896,0.52,400ml,,3.17,,,7.93,4015000911078,Kozmetika,"3,17"
Schauma šampon sort.,0005896,0.52,400ml,,3.17,,,7.93,4015001005394,Kozmetika,"3,17"
Nivea Dezodorans roler SK1,0005958,0.052,50ml,,3.95,,,79,4005808303267,Kozmetika,"3,95"
Nivea Dezodorans roler SK1,0005958,0.052,50ml,,3.95,,,79,42240716,Kozmetika,"3,95"
Nivea Dezodorans roler SK1,0005958,0.052,50ml,,3.95,,,79,42242864,Kozmetika,"3,95"
Nivea Dezodorans roler SK1,0005958,0.052,50ml,,3.95,,,79,42246350,Kozmetika,"3,95"
"Tortina SK1, 300g",0006147,0.3,300g,Tastino,1.99,,,6.63,20476120,Hrana,"1,99"
"Grill senf, 420ml",0006174,0.46,460g,Grill&Fun,1.49,,,3.24,20380106,Hrana,"1,49"
"Svj.pil. zadnja èetvrt, cca.650g",0006219,1,ca. 650g,Naša mesnica,2.99,,,2.99,2136916000000,Hrana,"2,99"
Raid El. aparat +tablete,0006227,0.061,1komad,,10.99,,,10.99,5000204358216,Proizvodi za kuæanstvo,"10,99"
"Jack Daniels Tennessee Whiskey, 40%",0006251,0.7,"0,7l",,24.22,,,34.6,3099873045864,Piæe,"24,22"
"Thomy Majoneza, 611g",0006283,0.611,611g,,3.49,,,5.71,8607100571137,Hrana,"3,69"
Ritter Sport SK17,0006343,0.1,100g,Ritter,2.39,,,23.9,4000417213006,Hrana,"1,79"
Ritter Sport SK17,0006343,0.1,100g,Ritter,2.39,,,23.9,4000417298003,Hrana,"1,79"
Ritter Sport SK17,0006343,0.1,100g,Ritter,2.39,,,23.9,4000417305008,Hrana,"1,79"
Hren SK2,0006427,0.189,"185g,190g",Kania,1.19,,,6.43,20359508,Hrana,"1,19"
"Svježa pileæa leða, cca. 750g",0006457,1,ca. 750g,Naša mesnica,1.69,,,1.69,2852037000000,Hrana,"1,69"
"Svježa pileæa leða, cca. 750g",0006457,1,ca. 750g,Naša mesnica,1.69,,,1.69,2852039000000,Hrana,"1,69"
"Svježa pileæa leða, cca. 750g",0006457,1,ca. 750g,Naša mesnica,1.69,,,1.69,2891134000000,Hrana,"1,69"
"Svježa pileæa leða, cca. 750g",0006457,1,ca. 750g,Naša mesnica,1.69,,,1.69,2891136000000,Hrana,"1,69"
Danone Actimel BA 4x100g,0006461,0.4,4x100g,Danone,1.59,,,3.98,59026549,Hrana,"1,59"
"Svježa pileæa prsa, bk sk, cca 500g",0006488,1,ca. 500g,Naša mesnica,5.99,,,5.99,2891144000000,Hrana,"5,89"
"Svježa pileæa prsa, bk sk, cca 500g",0006488,1,ca. 500g,Naša mesnica,5.99,,,5.99,2891149000000,Hrana,"5,89"
"Cvjetni med, 450g",0006631,0.45,450g,Okusi zavièaja,3.98,,,8.84,4056489610915,Hrana,"3,98"
"Barilla Fusilli n.98, 1 kg",0006659,1,1kg,Barilla,1.85,,,1.85,8076800105988,Hrana,"1,95"
"Mlinci, 250g",0006662,0.25,250g,Okusi zavièaja,0.99,,,3.96,20492298,Hrana,"0,99"
"BO Krafna marelica, 60g",0006663,0.06,60g,,,0.55,0.59,9.17,3859890755883,Hrana,"0,55"
"Svježi pileæi zabatak, cca. 500g",0006675,1,ca. 500g,Naša mesnica,4.09,,,4.09,2136971000000,Hrana,"4,09"
"Svježi pileæi zabatak, cca. 500g",0006675,1,ca. 500g,Naša mesnica,4.09,,,4.09,2852045000000,Hrana,"4,09"
"Svježi pileæi zabatak, cca. 500g",0006675,1,ca. 500g,Naša mesnica,4.09,,,4.09,2866750000000,Hrana,"4,09"
"Svježi pileæi zabatak, cca. 500g",0006675,1,ca. 500g,Naša mesnica,4.09,,,4.09,2891978000000,Hrana,"4,09"
Pag 91 Morska sol za pos. cesta,0006718,10,10kg,,1.99,,,0.2,3859888817173,Proizvodi za kuæanstvo,"1,99"
"Pileæi mix za juhu, cca. 500g",0006735,1,ca. 500g,Naša mesnica,2.99,,,2.99,2891122000000,Hrana,"2,69"
"Pileæi mix za juhu, cca. 500g",0006735,1,ca. 500g,Naša mesnica,2.99,,,2.99,2891123000000,Hrana,"2,69"
"Pileæi mix za juhu, cca. 500g",0006735,1,ca. 500g,Naša mesnica,2.99,,,2.99,2891127000000,Hrana,"2,69"
Limoncino Or. di Sorrento 30% vol.,0007447,0.524,"0,5l",-,5.49,,,10.98,20048389,Piæe,"5,49"
Nivea Sun Protect & Bronze ZF 30,0007526,0.2,200ml,,13.99,,,69.95,7319470012134,Kozmetika,"13,99"
Air Wick Fresh Matic Refill SK2,0008404,0.17,250ml,,6.69,,,26.76,3059943010406,Sredstva za èišæenje,"6,69"
Air Wick Fresh Matic Refill SK2,0008404,0.17,250ml,,6.69,,,26.76,5997321756868,Sredstva za èišæenje,"6,69"
Air Wick Fresh Matic Refill SK2,0008404,0.17,250ml,,6.69,,,26.76,5999109542038,Sredstva za èišæenje,"6,69"
"Jaja razred M, klasa A, 30 komada",0008481,1.74,30komad,,4.59,,,0.15,20342241,Hrana,"4,59"
Riža dugozrnata XXL,0008534,3,3kg,Golden Sun,3.69,,,1.23,20257880,Hrana,"3,49"
Nivea Sun Dj. sprej za sunèa. ZF 30,0008717,0.2,200ml,,16.99,,,84.95,4005900355300,Kozmetika,"16,99"
Plavac crno vino,0008924,0.746,"0,75l",Winemakers of Croatia,4.99,,,6.65,4304493256644,Piæe,"4,99"
"Graševina, kvalitetno bijelo vino",0008927,0.75,"0,75l",Winemakers of Croatia,5.49,,,7.32,4304493258716,Piæe,"5,49"
"Štark Smoki flips, 130g",0008931,0.13,130g,,1.29,,,9.92,8600939540664,Hrana,"1,29"
"Ajvar SK2, 370ml",0009020,0.35,350g,Kania,1.89,,,5.4,20492274,Hrana,"1,89"
BO Hamby pecivo sa sezamom SUS,0009031,0.07,70g,,0.25,,,3.57,3859890771821,Hrana,"0,29"
Æevapèiæi,0009071,1,1kg,Naša mesnica,4.89,,,4.89,20319571,Hrana,"4,89"
"Lasagne Bolognese, svinjetina",0009098,1,1kg,Chef Select,5.29,,,5.29,20163730,Hrana,"5,29"
"Lasagne Bolognese, svinjetina",0009098,1,1kg,Chef Select,5.29,,,5.29,4056489139409,Hrana,"5,29"
"Ožujsko Svijetlo pivo 5%, 0,5l",0009327,0.5,"0,5l",,1.36,,,2.72,38501692,Piæe,"1,36"
Gel za kosu za muškarce SK13,0009855,0.15,"150ml,200ml",Cien,1.79,,,11.93,20008383,Kozmetika,"1,79"
Gel za kosu za muškarce SK13,0009855,0.15,"150ml,200ml",Cien,1.79,,,11.93,20336769,Kozmetika,"1,79"
"Èoko vafli classic, UTZ, RFA",0009858,0.04,40g,Sondey,0.39,,,0.39,20083281,Hrana,"0,39"
3_TEST GOGA_2301 test,0009999,0.156,1,TEST EURO_2301,0.55,,,0.28,97000863,Hrana,"0,84"
3_TEST GOGA_2301 test,0009999,0.156,1,TEST EURO_2301,0.55,,,0.55,97000865,Hrana,"0,84"
3_TEST GOGA_2301 test,0009999,0.156,1,TEST EURO_2301,0.55,,,0.55,97000866,Hrana,"0,84"
Curry kobasica-gotovo jelo,0010042,0.22,220g,Alpenfest,1.99,,,9.05,20082413,Hrana,"1,99"
"Alpska šunka u komadu, cca. 600g",0010237,1,ca. 600g,Alpenfest,12.69,,,12.69,2810232000000,Hrana,"12,69"
"Alpska šunka u komadu, cca. 600g",0010237,1,ca. 600g,Alpenfest,12.69,,,12.69,2810238000000,Hrana,"12,69"
Šunka narezana,0010707,0.1,100g,Dulano Selection,1.85,,,18.5,20119690,Hrana,"1,85"
Umak od rajèice,0010874,0.5,500g,Combino,2.19,,,4.38,4056489496670,Hrana,"2,19"
"Mesnata slanina, dimljena",0010913,0.25,2x125g,Dulano,3.19,,,12.76,4056489443667,Hrana,"3,19"
Pommes Frites za peænicu 7x7,0011162,1,1kg,Harvest Basket,2.89,,,2.89,4056489181545,Hrana,"2,89"
Panirani pretpeèeni krumpir,0011164,1,1kg,Hatherwood,2.59,,,2.59,20112165,Hrana,"2,59"
"Šunka, sušena na zraku, narez.",0011440,0.2,200g,Dulano,3.39,,,16.95,20012694,Hrana,"3,39"
Mini-pašteta SK44,0011547,0.13,130g,Alpenfest,1.49,,,11.46,20140458,Hrana,"1,49"
Mediteranski pršut SK24,0011818,0.1,100g,Dulano Selection,2.59,,,25.9,20126599,Hrana,"2,59"
Pileæa i pureæa prsa QS SK18,0011880,0.2,200g,Dulano,3.39,,,16.95,4056489115267,Hrana,"2,99"
Krumpir salata SK2,0011924,1,1kg,Alpenfest,2.89,,,2.89,20034764,Hrana,"2,89"
Paella za pripremu na tavi,0012043,0.75,750g,Sol&Mar,3.99,,,5.32,20008307,Hrana,"3,99"
Mljeveni crni papar,0012046,0.05,50g,Kania,1.29,,,25.8,20249854,Hrana,"1,29"
Slatka zaèinska paprika,0012050,0.05,50g,Kania,1.09,,,21.8,20000295,Hrana,"1,09"
Grèki Tzatziki,0012212,0.5,500g,Eridanous,1.79,,,3.58,20151201,Hrana,"1,69"
MSC Fileti haringe u umaku SK20,0012408,0.2,200g,Nixe,1.49,,,7.45,4056489431046,Hrana,"1,49"
Premium jogurt SK15,0012564,0.15,150g,Milbona,1.09,,,7.27,20081683,Hrana,"1,09"
Marcipan kuglice,0012823,0.125,125g,Favorina,0.99,,,7.92,4335619062665,Hrana,"1,79"
Suhe brusnice,0012969,0.2,200g,Alesto Selection,2.15,,,10.75,20150907,Hrana,"2,15"
Salama SK1,0018075,0.12,120g,Deluxe,3.19,,,26.58,4056489714934,Hrana,"2,59"
Mozzarella light,0019050,0.125,125g,Milbona,1.15,,,9.2,20097776,Hrana,"1,09"
Tiramisu,0019124,0.16,2x80g,Italiamo,1.69,,,10.56,20020620,Hrana,"1,59"
Medenjaci SK4,0019216,0.5,500g,Favorina,3.99,,,7.98,20036157,Hrana,"3,69"
Tamna èokolada,0019467,0.1,100g,Fin Carré,1.99,,,19.9,20022464,Hrana,"1,99"
Zobene pahuljice mekane,0019661,0.5,500g,Crownfield,0.79,,,1.58,4056489195917,Hrana,"0,79"
Hrskavi müsli SK2,0019931,0.6,600g,Crownfield,3.49,,,5.82,20201791,Hrana,"3,35"
Muffins 4kom. SK6,0021025,0.3,300g,Confiserie Firenze,2.69,,,8.97,20139865,Hrana,"2,69"
Gazirano piæe od grejpa,0021155,1.5,"1,5l",Freeway,0.95,,,0.63,20485696,Piæe,"0,99"
Tvrdi voæni bomboni,0021224,1,1000g,Sweet Corner,7.29,,,7.29,20114015,Hrana,"7,29"
Mini èokoladice s kikirikijem,0021247,0.35,350g,Mister Choc,3.69,,,10.54,20046323,Hrana,"3,59"
Sredstvo za èišæenje poda SK17,0021341,1.075,1l,W5,1.49,,,1.49,20072391,Sredstva za èišæenje,"1,85"
Sredstvo za èišæenje poda SK17,0021341,1.075,1l,W5,1.49,,,1.49,20335922,Sredstva za èišæenje,"1,85"
Sredstvo za èišæenje poda SK17,0021341,1.075,1l,W5,1.49,,,1.49,20349127,Sredstva za èišæenje,"1,85"
Sredstvo za èišæenje poda SK17,0021341,1.075,1l,W5,1.49,,,1.49,20644284,Sredstva za èišæenje,"1,85"
Sladoled štapiæ èoko crisp,0021903,0.504,6x120ml,Gelatelli,5.99,,,8.32,20134112,Hrana,"4,99"
Špagete Tricolore,0022109,0.5,500g,Italiamo,1.69,,,3.38,20122560,Hrana,"1,69"
Original tal. ocat Balsamico ,0022471,0.55,"0,5l",Acentino,1.99,,,3.98,20087579,Hrana,"1,99"
Krutoni SK1,0022485,0.1,100g,Kania,1.39,,,13.9,20171087,Hrana,"1,39"
Edamer listiæi,0022750,0.2,200g,Milbona,2.09,,,10.45,20101404,Hrana,2.09
Baguettes-francuz SK5,0022918,0.35,2x175g,Chef Select,2.99,,,8.54,20001612,Hrana,"2,79"
Tortilla 6x25cm,0022934,0.37,370g,Snack Day,1.49,,,4.03,20119676,Hrana,"1,39"
Tortilla 6x25cm,0022934,0.37,370g,Snack Day,1.49,,,4.03,4056489328766,Hrana,"1,39"
Corte alle Mura Chianti Riserva,0024692,0.75,"0,75l",,4.99,,,6.65,8009307016730,Piæe,"4,99"
Aceto Balsamico SK1,0024845,0.274,250ml,Italiamo,1.99,,,7.96,4056489440697,Hrana,"1,99"
Djeèji sprej za sunèanje ZF 50+,0024982,0.151,150ml,Cien Sun,5.95,,,39.67,4056489368328,Kozmetika,"5,95"
Pizza sa šunkom i sirom,0025772,0.4,400g,Italiamo,3.19,,,7.98,20490706,Hrana,"3,19"
Ekstra djev. masl. ulje Delicato,0026466,0.916,1l,Primadonna,9.99,,,9.99,20500856,Hrana,"9,99"
Ekstra djev. masl. ulje Delicato,0026466,0.916,1l,Primadonna,9.99,,,9.99,4056489973041,Hrana,"9,99"
Èetkice za zube Classic Care SK5,0027020,0.051,4komad,Dentalux,0.89,,,0.22,4056489417750,Kozmetika,"0,89"
"Trajno mlijeko bez lakt. 1,5% m.m.",0027036,1.033,1l,Milbona,1.39,,,1.39,4056489532804,Hrana,"1,39"
Mini pohana piletina,0027313,0.5,500g,Alpenfest,5.29,,,10.58,4056489116608,Hrana,Nije_bilo_u_prodaji_02.05.2025
"Bio jogurt 3,8%",0027420,0.15,150g,Pilos,0.55,,,3.67,20144302,Hrana,"0,55"
Èokolada s grož. i cijelim lješ.,0027513,0.2,200g,Fin Carré,3.29,,,16.45,20080181,Hrana,"2,99"
Mini Mix Sladoled na štapiæu SK6,0027551,0.456,12x50ml,Gelatelli,6.49,,,10.82,4056489025702,Hrana,"6,39"
Mini Mix Sladoled na štapiæu SK6,0027551,0.456,12x50ml,Gelatelli,6.49,,,10.82,4056489375142,Hrana,"6,39"
Bordeaux AOP Superieur,0027697,0.75,"0,75l",-,4.49,,,5.99,4056489102311,Piæe,"3,99"
Suš. rajè. u su. i ma. ulju OM 140g,0028400,0.285,285g,Baresa,1.89,,,13.5,20199876,Hrana,"2,29"
Lješnjak mljeveni,0028484,0.2,200g,Belbake,2.59,,,12.95,20003395,Hrana,"2,69"
"Voæni jogurt, 8 komada",0028783,1,1000g,Milbona,2.99,,,2.99,20025960,Hrana,"2,99"
Gel za brijanje ,0028839,0.2,200ml,Cien MEN,2.09,,,10.45,4056489431107,Kozmetika,"2,09"
Flaster SK7,0028901,0.023,"20komad,40komad",Sensiplast,0.89,,,0.04,20254353,Toaletne potrepštine,"0,89"
Flaster SK7,0028901,0.023,"20komad,40komad",Sensiplast,0.89,,,0.04,4042441018424,Toaletne potrepštine,"0,89"
Flaster SK7,0028901,0.023,"20komad,40komad",Sensiplast,0.89,,,0.02,4056489235576,Toaletne potrepštine,"0,89"
Flaster SK7,0028901,0.023,"20komad,40komad",Sensiplast,0.89,,,0.04,40895352,Toaletne potrepštine,"0,89"
"Slanutak u slanoj vodi, OM 240g",0028948,0.4,425ml,Freshona,0.59,,,2.46,20166083,Hrana,"0,69"
Tortille SK4,0029070,0.24,240g,El Tequito,1.29,,,5.38,20121518,Hrana,"1,29"
Talijanska Cherry rajèica,0029231,0.4,425ml,Italiamo,1.19,,,4.96,20068516,Hrana,"1,19"
WC osvježivaè 4x40g SK9,0029370,0.16,4x40g,W5,0.95,,,5.94,4335619316881,Sredstva za èišæenje,Nije_bilo_u_prodaji_02.05.2025
WC osvježivaè 4x40g SK9,0029370,0.16,4x40g,W5,0.95,,,5.94,4335619316904,Sredstva za èišæenje,Nije_bilo_u_prodaji_02.05.2025
Luèice slatko-kisele (OM 190g) ,0029440,0.32,370ml,Freshona,1.15,,,6.05,20039981,Hrana,"1,15"
"Baby kukuruz, OM 190g",0029474,0.34,370ml,Freshona,1.69,,,8.89,20009670,Hrana,"1,29"
Mješ. orašastih plodova/ voæa SK4,0029819,0.2,200g,Alesto Selection,2.49,,,12.45,20111403,Hrana,"1,99"
Desertni specijaliteti SK19,0030937,0.155,"2x75g,2x80g",MCENNEDY,1.69,,,9.39,4056489102656,Hrana,"1,69"
"Gazirano piæe limun, 1,5l",0031506,1.501,"1,5l",Freeway,1.15,,,0.77,4304493269149,Piæe,"1,05"
"Ekstra džem od marelice, 450g",0031561,0.45,450g,Maribel,2.79,,,6.2,20000639,Hrana,"2,39"
Èokoladni štapiæi ,0031684,0.2,200g,Mister Choc,2.99,,,14.95,20131579,Hrana,"2,99"
Èokoladni zec,0031954,0.2,200g,Favorina,3.39,,,16.95,20132712,Hrana,"3,39"
Cola,0032092,0.342,"0,33l",Freeway,0.69,,,2.09,4304493264717,Piæe,"0,69"
Lasagne SK32,0032112,0.4,400g,Chef Select,2.79,,,6.98,20211400,Hrana,"2,79"
Lasagne SK32,0032112,0.4,400g,Chef Select,2.79,,,6.98,4056489865568,Hrana,"2,79"
Lasagne SK32,0032112,0.4,400g,Chef Select,2.79,,,6.98,4056489865575,Hrana,"2,79"
Lasagne SK32,0032112,0.4,400g,Chef Select,2.79,,,6.98,4056489865582,Hrana,"2,79"
Snack kobasica Tirolska SK8,0032325,0.15,150g,Alpenfest,1.99,,,13.27,20242657,Hrana,"1,99"
Snack kobasica Tirolska SK8,0032325,0.15,150g,Alpenfest,1.99,,,13.27,22288800,Hrana,"1,99"
Snack kobasica Tirolska SK8,0032325,0.15,150g,Alpenfest,1.99,,,13.27,22288890,Hrana,"1,99"
AUS Cabernet Sauvignon,0034524,0.748,"0,75l",Cimarosa,3.99,,,5.32,20245115,Piæe,"3,99"
Mlijeko za sunèanje ZF 20,0034646,0.257,250ml,Cien Sun,4.49,,,17.96,20207663,Kozmetika,"4,49"
Sred. za èiš. kupao./kuh. s izbjelj,0034781,1.023,1l,W5,1.79,,,1.79,20070212,Sredstva za èišæenje,1.79
Mljevena kava Espresso Bar,0035047,0.25,250g,Bellarom,4.35,,,17.4,20033156,Piæe,"3,99"
Mljevena kava Espresso Bar,0035047,0.25,250g,Bellarom,4.35,,,17.4,4056489600701,Piæe,"3,99"
Èips slani,0036643,0.15,150g,Snack Day,1.15,,,7.67,20097950,Hrana,"0,99"
Èips rebrasti s okusom sira i luka,0036645,0.15,150g,Snack Day,1.15,,,7.67,4056489317937,Hrana,"1,15"
Delikates kobasica za peèenje QS,0037597,0.54,540g,Dulano,4.49,,,8.31,4335619013469,Hrana,"4,49"
Marcipan praline SK3,0038374,0.125,125g,Favorina,1.59,,,12.72,20601812,Hrana,"1,99"
"Prutiæi za maèke SK4, 50g",0038491,0.05,50g,Coshida,1.39,,,27.8,4056489142478,Proizvodi za kuæanstvo,"1,39"
"Prutiæi za maèke SK4, 50g",0038491,0.05,50g,Coshida,1.39,,,27.8,4056489142485,Proizvodi za kuæanstvo,"1,39"
Pasta za zube SK4,0038752,0.154,125ml,Dentalux,1.05,,,8.4,4056489498179,Kozmetika,"1,05"
Pasta za zube SK4,0038752,0.154,125ml,Dentalux,1.05,,,8.4,4056489708384,Kozmetika,"1,05"
Pasta za zube SK4,0038752,0.154,125ml,Dentalux,1.05,,,8.4,4056489751564,Kozmetika,"1,05"
"Tamponi, razne vrste 56-80 kom. SK8",0038769,0.178,"56komad,64komad,80komad",Siempre,3.69,,,0.05,4056489722960,Toaletne potrepštine,"3,69"
Balsamico umak SK5,0039128,0.316,250ml,Italiamo,1.39,,,5.56,4056489441014,Hrana,"1,39"
Balsamico umak SK5,0039128,0.316,250ml,Italiamo,1.39,,,5.56,8006614050051,Hrana,"1,39"
Balsamico umak SK5,0039128,0.316,250ml,Italiamo,1.39,,,5.56,8006614050068,Hrana,"1,39"
Kinder Milchschnitte,0039221,0.28,10x28g,,4.99,,,17.82,4008400192024,Hrana,"4,49"
Mješavina keksa SK3,0039284,0.45,"400g,500g",Sondey,3.49,,,8.73,4335619207103,Hrana,Nije_bilo_u_prodaji_02.05.2025
Bourbon Whiskey 40% Vol.,0039987,0.664,"0,7l",Western Gold,9.99,,,14.27,4304493264649,Piæe,"9,99"
Tortilla XXL 12x25cm,0042917,0.74,740g,Tastino,2.29,,,3.09,4056489918202,Hrana,"2,29"
Flips s kikirikijem,0044294,0.15,150g,Snack Day,0.99,,,6.6,20806248,Hrana,"0,99"
Krem namaz SK7,0047428,0.2,200g,Mister Choc,1.79,,,8.95,20266936,Hrana,"2,29"
Kocke za potpalu,0048253,0.2,1komad,-,0.89,,,0.89,20277734,Proizvodi za kuæanstvo,"0,89"
Želatina u listiæima,0048330,0.02,20g,Belbake,0.99,,,0.99,20271442,Hrana,"0,99"
Kolaè od sira,0048376,1.25,1250g,Alpenfest,5.99,,,4.79,20277055,Hrana,"5,49"
Riža na mlijeku SK4,0051988,0.2,200g,Pilos,0.79,,,3.95,20277680,Hrana,"0,79"
Pizza Margherita XXL,0052368,1.2,4x300g,Trattoria Alfredo,5.19,,,4.33,20290023,Hrana,"5,55"
Pizza Margherita XXL,0052368,1.2,4x300g,Trattoria Alfredo,5.19,,,4.33,4056489450849,Hrana,"5,55"
"Smrznuto povræe, SK7",0054707,0.45,450g,Freshona,1.25,,,2.78,4056489534051,Hrana,"1,79"
Korneti 6 kom. SK1,0054742,0.45,6x120ml,Gelatelli,2.99,,,4.15,4335619207851,Hrana,"2,99"
Tekuæi jogurt XXL SK1,0055501,1,1kg,Milbona,1.99,,,1.99,20297244,Hrana,"1,89"
"Gazirano piæe cola, 0% šeæera",0057721,1.501,"1,5l",Freeway,0.79,,,0.53,4304493269132,Piæe,"0,79"
"Dugaèke šibice, 2x50 kom.",0058575,0.08,2x50komad,,0.79,,,0.79,4004753025491,Proizvodi za kuæanstvo,"0,99"
Maslac,0059587,0.25,250g,Pilos,2.49,,,9.96,20139049,Hrana,"2,75"
Mini èokolade SK2,0059926,0.04,40g,Fin Carré,0.89,,,0.89,20548865,Hrana,"0,89"
Grèki zaèini SK5,0060253,0.041,"35g,40g,50g",Eridanous,0.79,,,19.75,4056489644279,Hrana,"0,79"
Grèki zaèini SK5,0060253,0.041,"35g,40g,50g",Eridanous,0.79,,,15.8,4056489644279,Hrana,"0,79"
Grèki zaèini SK5,0060253,0.041,"35g,40g,50g",Eridanous,0.79,,,22.57,4056489723653,Hrana,"0,79"
"Sorbet Limun, 600g",0060695,0.6,1000ml,Gelatelli,2.49,,,2.49,4056489234876,Hrana,"2,49"
Dezodorans SK21,0062781,0.117,200ml,Cien,1.29,,,6.45,20321017,Kozmetika,"1,29"
Dezodorans SK21,0062781,0.117,200ml,Cien,1.29,,,6.45,20321048,Kozmetika,"1,29"
Dezodorans SK21,0062781,0.117,200ml,Cien,1.29,,,6.45,20655853,Kozmetika,"1,29"
Dezodorans muški SK15,0062785,0.123,200ml,Cien MEN,1.29,,,6.45,20321086,Kozmetika,"1,29"
Dezodorans muški SK15,0062785,0.123,200ml,Cien MEN,1.29,,,6.45,4056489525905,Kozmetika,"1,29"
Dezodorans muški SK15,0062785,0.123,200ml,Cien MEN,1.29,,,6.45,4335619063440,Kozmetika,"1,29"
Baguette 6er SK2,0062848,0.75,750g,Trattoria Alfredo,4.99,,,6.65,4056489451150,Hrana,"4,99"
Picco Pizzi šunka/salama SK1,0063013,0.36,360g,Trattoria Alfredo,3.99,,,11.08,20279875,Hrana,"3,99"
Salata od tune SK6,0063512,0.22,220g,Nixe,2.99,,,13.59,20398521,Hrana,"2,89"
Bifteki sort. SK1,0065011,0.75,750g,Eridanous,7.99,,,10.65,20330460,Hrana,"7,99"
Transp. sprej za sunèanje ZF 20,0065110,0.221,250ml,Cien Sun,5.49,,,21.96,4056489368885,Kozmetika,"6,49"
Family Cappuccino RFA SK10,0065268,0.5,500g,Bellarom,4.39,,,8.78,20684600,Piæe,"3,95"
Smoki XXL sort. SK1,0065418,0.2,"150g,250g",Snack Day,1.19,,,4.76,20343149,Hrana,"1,19"
Bellona ,0065607,0.15,150g,Mister Choc,2.29,,,15.27,20343613,Hrana,"2,49"
Bellona ,0065607,0.15,150g,Mister Choc,2.29,,,15.27,20839963,Hrana,"2,49"
Salama sort. XXL SK1,0065617,0.24,240g,Dulano,2.49,,,10.38,20339548,Hrana,"2,49"
"Svijetlo pivo 4,9% XXL",0065665,4.025,"8x0,5l",Perlenbacher,6.93,,,1.73,20891954,Piæe,"6,93"
Krema za ruke SK6,0065854,0.109,"125ml,75ml",Cien,1.19,,,9.52,20334321,Kozmetika,"1,19"
Krema za ruke SK6,0065854,0.109,"125ml,75ml",Cien,1.19,,,15.87,20334345,Kozmetika,"1,19"
Krema za ruke SK6,0065854,0.109,"125ml,75ml",Cien,1.19,,,9.52,20864811,Kozmetika,"1,19"
Odstr. laka za nokte bez acet. SK8,0065975,0.173,200ml,Cien,1.99,,,9.95,4056489617426,Kozmetika,"1,99"
Rošilj kobasice SK7,0067627,0.25,250g,Grillmeister,2.59,,,10.36,4056489141730,Hrana,"2,59"
Parizer narezan XXL,0067820,0.25,250g,Dulano,1.19,,,4.76,20337551,Hrana,"1,39"
Krumpir štapiæi SK16,0067918,0.125,125g,Snack Day,1.19,,,9.52,20277710,Hrana,"1,09"
Bruschetta SK1,0068286,0.342,342g,Italiamo,3.99,,,11.67,20329174,Hrana,"3,99"
Carre de l'Est ,0070476,0.25,250g,Duc de Coeur,2.99,,,11.96,20024703,Hrana,"2,99"
Maramice za èišæenje XXL SK1,0070686,1.64,4x80komad,W5,5.89,,,0.02,20376994,Proizvodi za kuæanstvo,"5,89"
"Tekuæi jogurt Proviact 1,0%",0070696,0.33,330g,Pilos,0.79,,,2.39,4304493260139,Hrana,"0,95"
Mini prutiæi ,0070702,0.5,500g,Mister Choc,5.49,,,10.98,20368050,Hrana,"4,39"
Mini prutiæi ,0070702,0.5,500g,Mister Choc,5.49,,,10.98,4056489730309,Hrana,"4,39"
Mlijeko za sunèanje ZF 30,0072126,0.258,250ml,Cien,4.25,,,17,4056489368373,Kozmetika,"4,25"
Hrenovke od mesa peradi bez ovitka,0072481,0.25,250g,Dulano,0.89,,,3.56,20385569,Hrana,"0,89"
Kalifornijske pistacije XXL,0072752,0.3,300g,Alesto Selection,4.09,,,13.63,20359607,Hrana,"4,39"
Dimljeni losos XXL,0073887,0.22,220g,Nautica,5.69,,,25.86,20388508,Hrana,"6,69"
Njega lica za muškarce SK6 ,0076409,0.051,50ml,Cien,2.39,,,47.8,40899657,Kozmetika,"2,59"
Sladoled SK40,0076562,0.513,1000ml,Bon Gelati,3.99,,,3.99,20348977,Hrana,"3,99"
Hugo,0077503,0.75,"0,75l",Allini,2.99,,,3.99,4056489847762,Piæe,"2,99"
Grèki jogurt natur,0077784,0.5,4x125g,Milbona,1.99,,,3.98,20367343,Hrana,"1,99"
Grill umak sort. SK14,0079343,0.359,300ml,Kania,1.99,,,6.63,20422448,Hrana,"1,59"
Grill umak sort. SK14,0079343,0.359,300ml,Kania,1.99,,,6.63,4335619019799,Hrana,"1,59"
Lizalice SK 13,0079539,0.135,135g,Sweet Corner,1.99,,,14.74,20386658,Hrana,"1,99"
TK Wok-Mix SK1,0079617,0.5,500g,Freshona,1.99,,,3.98,4056489599296,Hrana,"1,99"
Mesni sir SK15,0079751,0.125,125g,Alpenfest,1.19,,,9.52,20339487,Hrana,"1,05"
Hamburger/Hot Dog peciva SK14,0079870,0.278,"250g,300g",Tastino,1.19,,,3.97,4056489139713,Hrana,"1,19"
Carinena Gran Reserva vino,0079897,0.75,"0,75l",Monte Plogar,3.19,,,4.25,20427894,Piæe,"3,99"
Klementina u gajbici,0080092,2.3,"2,3kg",,4.49,,,1.95,20241773,Hrana,"3,79"
Naranèa 3kg,0080143,3,3kg,,3.49,,,1.16,20250058,Hrana,Nije_bilo_u_prodaji_02.05.2025
Mrkva 1kg,0082761,1,1kg,,1.19,,,1.19,8711121000016,Hrana,"1,29"
Ljutika 250g,0082831,0.25,250g,,1.19,,,4.76,20242770,Hrana,"0,89"
Šampinjoni 250g,0083015,0.25,250g,,1.19,,,4.76,3859889614139,Hrana,"1,19"
Krumpir 5kg,0083228,5,5kg,,3.99,,,0.8,20573485,Hrana,"3,99"
Luk ljubièasti 1kg,0083352,1,1kg,,1.09,,,1.09,20250416,Hrana,"1,29"
Peršin list 50g,0083435,0.05,50g,,0.89,,,17.8,3858893060185,Hrana,"0,89"
Bio salata sortirana,0084519,0.1,100g,,1.29,,,1290,20562342,Hrana,Nije_bilo_u_prodaji_02.05.2025
Sjajilo za obuæu SK3,0087031,0.075,1komad,W5,1.29,,,1.29,20439088,Sredstva za èišæenje,"1,29"
Carpaccio od lososa s parmezanom,0087261,0.123,123g,Deluxe,4.99,,,39.92,20440978,Hrana,"3,99"
Carpaccio od lososa s parmezanom,0087261,0.123,123g,Deluxe,4.99,,,39.92,4056489554554,Hrana,"3,99"
Umaci za tjesteninu SK6,0087612,0.35,350g,Italiamo,1.59,,,4.54,20602109,Hrana,"1,59"
Snack od sira sort.,0088099,0.22,220g,Milbona,3.29,,,14.95,20774851,Hrana,"3,29"
Tropica Liker od kokosa 21% Vol.,0088341,0.736,"0,7l",,4.99,,,7.13,4006714005481,Piæe,"4,59"
Šampon protiv prhuti SK10,0088436,0.3,300ml,Cien,1.29,,,4.3,4056489424185,Kozmetika,"1,29"
Šampon protiv prhuti SK10,0088436,0.3,300ml,Cien,1.29,,,4.3,4056489688082,Kozmetika,"1,29"
Šampon protiv prhuti SK10,0088436,0.3,300ml,Cien,1.29,,,4.3,4056489754077,Kozmetika,"1,29"
Šampon protiv prhuti SK10,0088436,0.3,300ml,Cien,1.29,,,4.3,4056489754084,Kozmetika,"1,29"
Srdele u sunc. ulju s lim. (OM 90g),0089718,0.125,125g,Nixe,0.99,,,11,20440855,Hrana,"0,99"
Panirano povræe SK1,0091923,0.5,500g,Freshona,2.99,,,5.98,4056489805328,Hrana,"2,99"
Gel za tuširanje 3u1 SK16,0091976,0.309,300ml,Cien,1.05,,,3.5,4056489688136,Kozmetika,"1,05"
Kremasti kefir SK4,0094282,0.25,250g,Pilos,,0.69,0.99,2.76,20490577,Hrana,"0,99"
Kremasti kefir SK4,0094282,0.25,250g,Pilos,,0.69,0.99,2.76,20490607,Hrana,"0,99"
Kremasti kefir SK4,0094282,0.25,250g,Pilos,,0.69,0.99,2.76,20713973,Hrana,"0,99"
Kremasti kefir SK4,0094282,0.25,250g,Pilos,,0.69,0.99,2.76,4056489109648,Hrana,"0,99"
Kremasti kefir SK4,0094282,0.25,250g,Pilos,,0.69,0.99,2.76,4056489109662,Hrana,"0,99"
Bio raženi kruh SK1,0095047,0.5,500g,Tastino,1.19,,,2.38,20507343,Hrana,"1,49"
Tortelloni XXL SK7,0095124,0.5,500g,Chef Select,2.35,,,4.7,20488468,Hrana,"2,35"
Tortelloni XXL SK7,0095124,0.5,500g,Chef Select,2.35,,,4.7,4056489096627,Hrana,"2,35"
Božiæni kolaè,0095573,0.75,750g,Favorina,,3.79,5.49,5.05,20493059,Hrana,"4,89"
Edel-/Alpenvollmilchtafeln SK60,0095582,0.1,100g,Fin Carré,1.29,,,12.9,20488703,Hrana,"1,29"
Èokoladni napitak u prahu SK3,0096286,0.25,250g,Deluxe,7.99,,,31.96,20526078,Hrana,"5,89"
Èokoladni napitak u prahu SK3,0096286,0.25,250g,Deluxe,7.99,,,31.96,20526085,Hrana,"5,89"
Pizza šunka,0097157,0.33,330g,Trattoria Alfredo,2.69,,,8.15,4056489443032,Hrana,"2,69"
"Pizza Mozzarella XXL, 3 kom.",0097163,1.005,3x335g,Trattoria Alfredo,6.49,,,6.46,4056489889946,Hrana,"5,99"
Gotova jela SK3,0097242,0.35,350g,Vitasia,2.39,,,6.83,20416034,Hrana,"2,99"
Zaèinska mješavina SK7,0097448,0.047,"40g,45g,50g,55g",Deluxe,2.29,,,45.8,20520120,Hrana,"1,79"
Zaèinska mješavina SK7,0097448,0.047,"40g,45g,50g,55g",Deluxe,2.29,,,41.64,20520151,Hrana,"1,79"
Indijski orašèiæi SK12,0097783,0.15,150g,Alesto,2.99,,,19.93,4335619202917,Hrana,"1,99"
o.b. Tamponi SK1,0099299,0.052,"54komad,64komad",,4.29,,,0.07,3574661128627,Toaletne potrepštine,"4,29"
Termo plastièna vreæica,0099431,0.109,1komad,,0.93,,,0.93,20573027,Proizvodi za kuæanstvo,"0,93"
Sredstvo za èišæenje fuga,0099770,0.758,750ml,W5,2.19,,,2.92,20573546,Sredstva za èišæenje,"2,19"
Predjela na talijanski naèin SK16,0107005,0.288,"285g,300g",Italiamo,2.49,,,8.3,20488819,Hrana,Nije_bilo_u_prodaji_02.05.2025
Predjela na talijanski naèin SK16,0107005,0.288,"285g,300g",Italiamo,2.49,,,8.3,20488826,Hrana,Nije_bilo_u_prodaji_02.05.2025
Predjela na talijanski naèin SK16,0107005,0.288,"285g,300g",Italiamo,2.49,,,8.3,20488833,Hrana,Nije_bilo_u_prodaji_02.05.2025
Milkshake SK4,0108408,0.243,230ml,MCENNEDY,0.99,,,4.3,20573133,Hrana,"0,99"
Milkshake SK4,0108408,0.243,230ml,MCENNEDY,0.99,,,4.3,20997991,Hrana,"0,99"
Milkshake SK4,0108408,0.243,230ml,MCENNEDY,0.99,,,4.3,20998004,Hrana,"0,99"
Božiæni kolaè SK1,0108632,0.2,200g,Favorina,1.59,,,7.95,20614805,Hrana,"1,99"
Premium Sol u mlincu SK11,0108674,0.153,"180g,70g",Deluxe,3.59,,,51.29,20611774,Hrana,"3,89"
Premium Sol u mlincu SK11,0108674,0.153,"180g,70g",Deluxe,3.59,,,19.94,20611774,Hrana,"3,89"
Maskara SK5,0112001,0.014,10ml,Cien,2.25,,,2.25,4056489620020,Kozmetika,"2,25"
Torta u obliku srca,0112154,0.225,225g,Für Dich,2.79,,,12.4,20626723,Hrana,"2,69"
Torta u obliku srca,0112154,0.225,225g,Für Dich,2.79,,,12.4,20626730,Hrana,"2,69"
Maslac za usne SK10,0112665,0.008,"3,3ml",Cien,2.49,,,2.49,20582340,Kozmetika,"2,49"
Draže bomboni voæni ,0113212,0.038,38g,Sweet Corner,0.39,,,0.39,20649838,Hrana,"0,39"
BO Bagel pecivo sa sezamom,0113832,0.11,110g,,0.59,,,5.36,20683146,Hrana,"0,59"
Sirni namaz SK27,0115249,0.11,"100g,125g",Alpenfest,1.89,,,15.12,20462369,Hrana,"1,79"
"Gumene rukavice, 2 para SK3",0115731,0.066,4komad,W5,0.99,,,0.25,4056489714712,Proizvodi za kuæanstvo,"0,99"
Vodeni djeèji sladoled SK5,0116535,0.608,"12x52ml,610ml",Gelatelli,4.49,,,7.36,4335619215610,Hrana,"3,58"
Grissini SK4,0116673,0.25,250g,Italiamo,1.89,,,7.56,20669409,Hrana,"1,79"
Grissini SK4,0116673,0.25,250g,Italiamo,1.89,,,7.56,20669416,Hrana,"1,79"
Sjenilo za oèi SK1,0116878,0.003,3g,Cien,1.58,,,1.58,20657109,Kozmetika,"1,58"
Bio ulje maslinovo eks. djev. ,0118801,0.41,500ml,Primadonna,6.49,,,12.98,4056489269243,Hrana,"6,49"
Vruæa èokolada na štapiæu SK2,0118894,0.06,60g,Deluxe,1.59,,,26.5,20725310,Hrana,"1,59"
Hummus SK1,0119130,0.2,200g,1001 delights,1.39,,,6.95,20757823,Hrana,"1,49"
Španjolska riža u mlijeku,0119239,0.52,4x130g,Sol&Mar,1.49,,,2.87,20827915,Hrana,"1,79"
Olovka za oèi / obrve SK2 ,0119367,0.002,1komad,Cien,1.49,,,1.49,20009939,Kozmetika,"1,49"
Mini uskršnje figure SK3,0119495,0.125,125g,Favorina,1.99,,,15.92,20759896,Hrana,"1,99"
Jogurt grèki naèin 2%  XXL,0122296,1.1,1100g,Milbona,2.99,,,2.72,20816278,Hrana,"3,29"
Limun/Èokol. desert SK2,0122380,0.475,"450g,500g",Deluxe,3.79,,,7.58,20553043,Hrana,"3,79"
Pšeniène tortilje 8x30cm,0122476,0.8,800g,Tastino,2.99,,,3.74,4335619083400,Hrana,Nije_bilo_u_prodaji_02.05.2025
Energy Drink Classic,0123681,0.52,"0,5l",Colossus,1.09,,,2.18,4304493263611,Piæe,"1,09"
BO Okruglice od svježeg sira,0124029,0.028,28g,,0.35,,,0.35,20829452,Hrana,"0,29"
Èokoladni štapiæi SK5,0124055,0.09,90g,Sondey,1.89,,,21,4056489570301,Hrana,Nije_bilo_u_prodaji_02.05.2025
Bio brašno od pira SK2,0124364,1,1kg,Belbake,2.19,,,2.19,20840105,Hrana,"2,19"
"ASC Velike bijele kozice, OM 450g",0127765,0.5,500g,Ocean Sea,7.99,,,17.76,20907518,Hrana,"9,42"
Mini mix sladoled XXL,0128115,0.576,16x50ml,Bon Gelati,5.49,,,6.86,20916343,Hrana,"5,39"
Krema za ruke Tradition SK5,0128286,0.03,30ml,Cien,1.29,,,1.29,20903176,Kozmetika,"1,29"
Glossy Gel Lak za nokte SK18,0128299,0.011,11ml,Cien Beauty,1.15,,,1.15,20081355,Kozmetika,"1,15"
Glossy Gel Lak za nokte SK18,0128299,0.011,11ml,Cien Beauty,1.15,,,1.15,4056489269786,Kozmetika,"1,15"
Glossy Gel Lak za nokte SK18,0128299,0.011,11ml,Cien Beauty,1.15,,,1.15,4056489269816,Kozmetika,"1,15"
Glossy Gel Lak za nokte SK18,0128299,0.011,11ml,Cien Beauty,1.15,,,1.15,4056489269823,Kozmetika,"1,15"
Glossy Gel Lak za nokte SK18,0128299,0.011,11ml,Cien Beauty,1.15,,,1.15,4056489751441,Kozmetika,"1,15"
Kikiriki prženi i slani - rinfuza,0128443,1,1kg,Alesto,3.98,,,3.98,20917791,Hrana,"3,98"
"Mesne okruglice na grèki naèin, SK1",0128492,0.28,280g,Eridanous,2.39,,,8.54,20907778,Hrana,"2,39"
Grandioso puding SK7,0128681,0.175,175g,Milbona,0.79,,,4.51,4056489665748,Hrana,"0,69"
Grandioso puding SK7,0128681,0.175,175g,Milbona,0.79,,,4.51,4056489665755,Hrana,"0,69"
Veganska pizza SK1,0129141,0.37,"350g,390g",Vemondo,1.99,,,5.69,4056489451044,Hrana,"1,59"
Veganska pizza SK1,0129141,0.37,"350g,390g",Vemondo,1.99,,,5.1,4056489451044,Hrana,"1,59"
Papirnati tanjuri,0131406,0.156,20komad,Grillmeister,1.39,,,0.07,4056489021179,Proizvodi za kuæanstvo,"1,79"
Bio Penne Rigate,0131932,0.5,500g,Combino,1.59,,,3.18,20995751,Hrana,"1,59"
Bio kašica jabuka-banana-dvopek,0131985,0.19,190g,Lupilu,0.85,,,4.47,4056489894445,Hrana,"0,85"
Zamjenski ulošci za brtivicu X5,0132139,0.03,4komad,Cien,4.59,,,1.15,4056489450306,Kozmetika,"4,59"
Bio kokosovo ulje,0132302,0.414,450ml,Vita D'or,3.99,,,8.87,20998141,Hrana,"3,69"
Djeèji gel za zube SK3,0132312,0.133,100ml,Dentalux,0.85,,,8.5,20018481,Kozmetika,"0,89"
Djeèji gel za zube SK3,0132312,0.133,100ml,Dentalux,0.85,,,8.5,20018559,Kozmetika,"0,89"
Djeèji gel za zube SK3,0132312,0.133,100ml,Dentalux,0.85,,,8.5,4056489708513,Kozmetika,"0,89"
Djeèji gel za zube SK3,0132312,0.133,100ml,Dentalux,0.85,,,8.5,4056489751113,Kozmetika,"0,89"
"Svinjski vrat bk, cca.600-1600g",0132527,1,cca.600-1600g,,4.15,,,4.15,2865352000000,Hrana,Nije_bilo_u_prodaji_02.05.2025
"Svinjski vrat bk, cca.600-1600g",0132527,1,cca.600-1600g,,4.15,,,4.15,2865356000000,Hrana,Nije_bilo_u_prodaji_02.05.2025
"Svinjski vrat bk, cca.600-1600g",0132527,1,cca.600-1600g,,4.15,,,4.15,2865357000000,Hrana,Nije_bilo_u_prodaji_02.05.2025
Konac za zube SK15,0132609,0.028,1komad,Dentalux,1.85,,,1.85,20524920,Kozmetika,"1,85"
Sušene rajèice SK1,0132790,0.1,100g,Italiamo,2.19,,,21.9,20089412,Hrana,"2,19"
Pacifièke kozice u umaku SK12,0135387,0.1,100g,Vitasia,2.69,,,26.9,20134259,Hrana,"2,69"
Zaèinski mlinac SK64,0135864,0.035,35g,Kania,1.79,,,1.79,20046842,Hrana,"1,99"
Zaèinski mlinac SK64,0135864,0.035,35g,Kania,1.79,,,1.79,20046859,Hrana,"1,99"
Tekuæi det. za pr. rublja SK1 27pr.,0136086,1.53,"1,485l",Formil,3.85,,,0.14,4056489186618,Sredstva za èišæenje,"3,85"
Tekuæi det. za pr. rublja SK1 27pr.,0136086,1.53,"1,485l",Formil,3.85,,,0.14,40893334,Sredstva za èišæenje,"3,85"
Jednokratne rukavice SK3,0136355,0.373,100komad,W5,5.99,,,0.06,20089351,Proizvodi za kuæanstvo,"5,99"
Jednokratne rukavice SK3,0136355,0.373,100komad,W5,5.99,,,0.06,4056489697237,Proizvodi za kuæanstvo,"5,99"
MSC Kavijar,0136628,0.2,200g,Deluxe,6.29,,,31.45,20081256,Hrana,Nije_bilo_u_prodaji_02.05.2025
Sred. za uklanj. kamenca u spreju,0136990,0.772,750ml,W5,1.99,,,2.65,20089481,Sredstva za èišæenje,"1,99"
Mimolette Polutvrdi sir,0137096,0.2,200g,,3.98,,,19.9,3228022180136,Hrana,"3,98"
Craft pivo SK1,0137230,0.5,"0,5l",-,1.49,,,2.98,4054500121037,Piæe,"1,29"
Craft pivo SK1,0137230,0.5,"0,5l",-,1.49,,,2.98,4054500440930,Piæe,"1,29"
Žvakaæe gume SK1,0137289,0.098,98g,Jetgum,1.49,,,15.2,4056489322702,Hrana,"1,49"
Sok od koncentrata limuna 100% SK2 ,0139917,0.207,200ml,Solevita,0.55,,,2.75,4304493266308,Piæe,"0,69"
Riblji tapas s umakom SK7,0140211,0.1,100g,Vitasia,2.49,,,24.9,20249465,Hrana,"2,49"
Višenamjenska krpa za èišæenje,0140657,0.076,4komad,W5,1.79,,,0.45,4056489694847,Proizvodi za kuæanstvo,"1,79"
Maslinovo ulje SK4,0141884,0.458,500ml,Primadonna,4.19,,,8.38,4056489973034,Hrana,"5,79"
Èokoladna jaja SK2,0141944,0.2,200g,Favorina,3.21,,,16.05,4056489017677,Hrana,Nije_bilo_u_prodaji_02.05.2025
Duo jastuèiæ za èišæenje lica,0142067,0.079,140komad,Cien,1.15,,,1.15,4056489494461,Toaletne potrepštine,"1,15"
Mlj. èok. s raznim punjenjem SK1,0144007,0.299,"295g,300g",Fin Carré,4.49,,,15.22,4056489030034,Hrana,"4,49"
Cocktail Mango 5% Vol.,0144250,0.75,"0,75l",Allini,2.99,,,3.99,4056489847823,Piæe,"2,99"
Mješavina zaèina SK1,0144360,0.054,"45g,50g,55g,65g",Duc de Coeur,2.19,,,48.67,4056489032038,Hrana,"2,19"
Mješavina zaèina SK1,0144360,0.054,"45g,50g,55g,65g",Duc de Coeur,2.19,,,43.8,4056489032038,Hrana,"2,19"
Mješavina zaèina SK1,0144360,0.054,"45g,50g,55g,65g",Duc de Coeur,2.19,,,33.69,4056489032038,Hrana,"2,19"
Mješavina zaèina SK1,0144360,0.054,"45g,50g,55g,65g",Duc de Coeur,2.19,,,48.67,4056489032045,Hrana,"2,19"
Mješavina zaèina SK1,0144360,0.054,"45g,50g,55g,65g",Duc de Coeur,2.19,,,43.8,4056489032045,Hrana,"2,19"
Mješavina zaèina SK1,0144360,0.054,"45g,50g,55g,65g",Duc de Coeur,2.19,,,48.67,4056489032052,Hrana,"2,19"
Termo plastièna vreæica,0144604,0.101,1komad,-,1.06,,,1.06,4056489033684,Proizvodi za kuæanstvo,"1,06"
Fileti aljaške kolje XXL,0144795,1.1,1100g,Ocean Sea,6.99,,,6.35,4056489034797,Hrana,Nije_bilo_u_prodaji_02.05.2025
Grèki jogurt 10% XXL,0144864,1.1,1100g,Milbona,2.59,,,2.35,4056489035367,Hrana,"3,29"
Hrana za maèke SK1,0149266,0.085,85g,Coshida,0.69,,,8.12,4056489182061,Proizvodi za kuæanstvo,"0,69"
Hrana za pse 400g SK8,0149298,0.4,400g,Orlando Pure Taste,1.55,,,3.88,4335619363786,Proizvodi za kuæanstvo,Nije_bilo_u_prodaji_02.05.2025
"Salama goveða, per., dimljena SK1",0149371,0.115,"100g,130g",Dulano,2.39,,,18.38,4056489182634,Hrana,"1,99"
Èokolada bez dodanog šeæera SK1,0149698,0.1,100g,Fin Carré,2.59,,,25.9,4056489189244,Hrana,"2,59"
Mješ. za pek. proizvode bez glutena,0149739,1,1000g,Belbake,3.49,,,3.49,4056489182252,Hrana,"3,49"
"Votka 37,5%",0149867,0.666,"0,7l",,8.49,,,12.13,4304493267770,Piæe,"6,29"
Dezodorans SK16,0150788,0.053,50ml,Cien,0.99,,,19.8,4056489643630,Kozmetika,"1,05"
Dezodorans SK16,0150788,0.053,50ml,Cien,0.99,,,19.8,4335619175501,Kozmetika,"1,05"
Dezodorans SK16,0150788,0.053,50ml,Cien,0.99,,,19.8,4335619175525,Kozmetika,"1,05"
Dezodorans SK17,0150789,0.052,50ml,Cien,0.99,,,19.8,20254438,Kozmetika,"1,05"
Dezodorans SK17,0150789,0.052,50ml,Cien,0.99,,,19.8,4335619175495,Kozmetika,"1,05"
Steakhouse pomfrit WS SK1,0150995,0.75,750g,MCENNEDY,2.79,,,3.72,4056489222903,Hrana,"2,79"
Tijesto za focacciu,0151159,0.385,385g,Italiamo,1.59,,,4.13,20032746,Hrana,"1,59"
"Tek. deterdž., konc., 28pranja SK5 ",0151372,1.036,1l,Formil,3.99,,,3.99,4056489441779,Sredstva za èišæenje,"3,99"
Deterdžent za pr. oboj. rublja 50pr,0151387,3.75,"3,75kg",Formil Basic,5.69,,,0.11,4056489225416,Sredstva za èišæenje,"5,69"
Mljevena kava SK4,0154291,0.25,250g,Bellarom,4.99,,,19.96,4056489708926,Piæe,"4,99"
Bezglutenska pizza salami,0154509,0.348,348g,Trattoria Alfredo,3.99,,,11.47,4056489279402,Hrana,"3,29"
Zaèini SK1,0154517,0.127,"100g,120g,140g,130g",Kania,1.69,,,16.9,4056489279419,Hrana,"1,69"
Zaèini SK1,0154517,0.127,"100g,120g,140g,130g",Kania,1.69,,,13,4056489279433,Hrana,"1,69"
Zaèini SK1,0154517,0.127,"100g,120g,140g,130g",Kania,1.69,,,16.9,4056489279457,Hrana,"1,69"
Baby vlažne maramice 99% vode,0154970,0.37,60komad,Lupilu,1.29,,,0.02,4056489295624,Proizvodi za kuæanstvo,"1,29"
Kapsule za Cappuccino,0155511,0.186,"186,4g",Bellarom,3.99,,,21.41,4056489300854,Piæe,"3,79"
Keksi u obliku životinja SK2,0155798,0.125,125g,Sondey,1.49,,,11.92,4056489487234,Hrana,"1,49"
Praline SK2,0156123,0.14,140g,J.D. Gross,3.99,,,28.5,4056489600985,Hrana,"3,99"
Kalifornijske pistacije XXL,0156339,0.5,500g,Alesto,6.59,,,13.18,4056489315476,Hrana,"6,59"
Èips SK3,0156667,0.125,125g,Italiamo,1.49,,,11.92,4056489421269,Hrana,"1,2"
Sredstvo za èišæenje sa spužvom SK1,0156905,0.425,"300g,400g,500g",W5,2.39,,,0.48,4056489322832,Sredstva za èišæenje,"2,39"
Sredstvo za èišæenje sa spužvom SK1,0156905,0.425,"300g,400g,500g",W5,2.39,,,7.97,4056489322849,Sredstva za èišæenje,"2,39"
Umaci SK1,0156969,0.2,200g,Let's have a party!,1.39,,,6.95,4056489322894,Hrana,"1,09"
Nature Sredst. za pranje posuða SK1,0157353,0.518,500ml,W5,1.59,,,3.18,4056489329374,Sredstva za èišæenje,"1,59"
Nature Sredst. za pranje posuða SK1,0157353,0.518,500ml,W5,1.59,,,3.18,4056489329381,Sredstva za èišæenje,"1,59"
WC Osvježivaè 2x48g SK10,0157484,0.096,2x48g,W5,1.55,,,16.15,4056489339304,Sredstva za èišæenje,"1,45"
Hrana za pse SK1,0157519,0.415,415g,Orlando,0.99,,,2.39,4056489330448,Proizvodi za kuæanstvo,"0,99"
Deterdžent za pranje rublja SK1,0157797,5.4,5l,Formil,10.99,,,2.2,4056489336143,Sredstva za èišæenje,"8,59"
Deterdžent za pranje rublja SK1,0157797,5.4,5l,Formil,10.99,,,2.2,4056489451372,Sredstva za èišæenje,"8,59"
Nature Deo Roll-on SK1  ,0158145,0.059,"50ml,75ml",Cien Nature,2.25,,,30,4056489329848,Kozmetika,"2,25"
Nature Balzam za kosu SK1,0158153,0.199,200ml,Cien Nature,2.29,,,11.45,4056489329787,Kozmetika,"2,29"
Bio tjestenina SK1,0162406,0.25,250g,Combino,1.59,,,6.36,4056489290667,Hrana,"1,49"
Snack masline SK2,0162822,0.15,150g,Baresa,1.99,,,13.27,4056489345657,Hrana,"1,99"
Delikatesna salata,0163050,0.4,400g,Chef Select,1.99,,,4.98,4056489443346,Hrana,"1,99"
Spužvice,0163079,0.075,30komad,W5,1.99,,,0.07,4335619016378,Proizvodi za kuæanstvo,"1,99"
Sredstvo za uklanjanje masnoæe SK10,0163330,1.03,1l,W5,2.29,,,2.29,4056489497288,Sredstva za èišæenje,Nije_bilo_u_prodaji_02.05.2025
Jednokratna dvostruka britvica,0163332,0.028,5komad,Cien,0.89,,,0.18,4056489869900,Kozmetika,"0,89"
Stroop vafli SK1,0163409,0.175,175g,Vemondo,2.99,,,17.09,4056489450801,Hrana,"2,99"
Ron Rumbero Kubanski rum 38%,0163667,0.7,"0,7l",-,10.99,,,15.7,4251479400013,Piæe,"10,99"
Sredstvo za održavanje perilice SK1,0164035,0.521,2x250ml,W5,1.99,,,3.98,4056489456407,Sredstva za èišæenje,"1,99"
Schwarzwald Gin & Tonic 5% Vol.,0165163,0.327,"0,33l",-,1.19,,,3.61,4304493266742,Piæe,"1,19"
Soja jogurt SK5,0165197,0.5,500g,Vemondo,1.99,,,3.98,4056489466598,Hrana,Nije_bilo_u_prodaji_02.05.2025
Soja jogurt SK5,0165197,0.5,500g,Vemondo,1.99,,,3.98,4056489466635,Hrana,Nije_bilo_u_prodaji_02.05.2025
Tradicionalni naresci,5000441,0.15,150g,Alpenfest,1.99,,,13.27,20340285,Hrana,"1,99"
Germ knedle SK3,5003458,0.56,560g,Alpenfest,3.39,,,6.05,20986896,Hrana,"2,99"
Izbor narezaka,5010114,0.21,210g,Alpenfest,2.39,,,11.38,4056489630005,Hrana,"2,39"
Svježi sir s pestom SK1,5011933,0.15,150g,Deluxe,2.59,,,17.27,4335619038066,Hrana,"1,99"
Kolaèi SK2,5111625,0.107,"100g,120g",Deluxe,2.46,,,24.6,4056489615873,Hrana,Nije_bilo_u_prodaji_02.05.2025
Slane grickalice SK8,5200013,0.185,185g,Hatherwood,1.33,,,7.19,20472290,Hrana,"1,33"
Slane grickalice SK8,5200013,0.185,185g,Hatherwood,1.33,,,7.19,20472313,Hrana,"1,33"
Polutvrdi Cheddar sir,5200743,0.25,250g,Hatherwood,2.59,,,10.36,20575304,Hrana,"2,59"
"MSC TK Fileti aljaške kolje, 475g",5502499,0.5,500g,Ocean Sea,3.99,,,8.4,20466190,Hrana,"3,99"
Carski sir u listiæima SK1,5502819,0.15,150g,Pilos,1.79,,,11.93,20146603,Hrana,"1,79"
Carski sir u listiæima SK1,5502819,0.15,150g,Pilos,1.79,,,11.93,20496791,Hrana,"1,79"
Umak od soje,5503058,0.205,170ml,Kania,0.89,,,5.24,20095765,Hrana,"0,89"
Zobeni keksi s mlijeè. èok. RFA,5506026,0.21,210g,Tastino,1.25,,,5.95,20761912,Hrana,"1,69"
Kruh bez glutena SK1,5506073,0.25,250g,Tastino,1.99,,,7.96,20818692,Hrana,"1,99"
Sushi SK2,5507529,0.11,110g,Vitasia,1.59,,,14.45,5907596405262,Hrana,Nije_bilo_u_prodaji_02.05.2025
Punjenje za osvježivaè zraka SK2,5513710,0.152,250ml,W5,2.2,,,8.8,20012526,Sredstva za èišæenje,Nije_bilo_u_prodaji_02.05.2025
Pašteta SK3,5516355,0.13,130g,Baroni,0.59,,,4.54,20063795,Hrana,"0,59"
Pašteta SK3,5516355,0.13,130g,Baroni,0.59,,,4.54,20063887,Hrana,"0,59"
"Šam., gel i kupka 3u1 SK6",5516395,0.515,500ml,Cien,1.69,,,3.38,4335619008359,Kozmetika,"1,69"
Sredstvo za èišæenje limun,5518067,0.945,750ml,W5,1.35,,,1.8,20146597,Sredstva za èišæenje,"1,35"
"Lak za nokte ""Valentinovo"" SK2",5518746,0.009,8ml,Cien,0.99,,,0.99,5901801641469,Kozmetika,"0,89"
"Lak za nokte ""Valentinovo"" SK2",5518746,0.009,8ml,Cien,0.99,,,0.99,5901801641575,Kozmetika,"0,89"
Mirisne luèice SK7 ,5519199,0.214,18komad,-,1.59,,,0.09,4053216082694,Proizvodi za kuæanstvo,"1,59"
Mirisne luèice SK7 ,5519199,0.214,18komad,-,1.59,,,0.09,4056489535935,Proizvodi za kuæanstvo,"1,59"
Mirisne luèice SK7 ,5519199,0.214,18komad,-,1.59,,,0.09,4335619141322,Proizvodi za kuæanstvo,"1,59"
Salama sa smokvama,5609357,0.25,250g,French Style,3.79,,,15.16,4056489040576,Hrana,"3,79"
Francuski sir SK1,5622210,0.168,"150g,170g,200g",,3.65,,,21.47,3048970653212,Hrana,Nije_bilo_u_prodaji_02.05.2025
Umak od gljiva sort. SK2,5709321,0.19,212ml,Deluxe,2.49,,,11.75,4056489140146,Hrana,"2,49"
Umak od gljiva sort. SK2,5709321,0.19,212ml,Deluxe,2.49,,,11.75,4056489140153,Hrana,"2,49"
Parfem Agua Marina,5715010,0.085,100ml,Suddenly,5.99,,,59.9,4056489575313,Kozmetika,"5,99"
Parfem Acqua Fresh,5715014,0.085,100ml,Suddenly,5.99,,,59.9,4056489575276,Kozmetika,"5,99"
Torta SK1,5715976,0.18,2x90g,Milbona,1.39,,,7.72,4056489689140,Hrana,"1,39"
BIO Wellness èaj SK8,5716102,0.024,12x2g,Lord Nelson,2.39,,,99.58,20189075,Piæe,"2,99"
Èokoladna krema SK1,5716262,0.13,130g,Deluxe,1.79,,,13.77,4056489689874,Hrana,"1,79"
Proteinski èokoladni puding,5717828,0.5,4x125g,Milbona,2.49,,,4.98,4056489801771,Hrana,Nije_bilo_u_prodaji_02.05.2025
Španjolski kolaè SK1,5720673,0.3,300g,Sol&Mar,3.19,,,10.63,4335619108295,Hrana,"3,19"
Bio napitak od zobi 10%,6008601,1.021,1l,Vemondo,1.19,,,1.19,20050900,Hrana,"1,19"
Soufflé bijela èokolada SK2,6008861,0.2,2x100g,Deluxe,2.89,,,14.45,20570194,Hrana,"2,42"
Soufflé bijela èokolada SK2,6008861,0.2,2x100g,Deluxe,2.89,,,14.45,20850050,Hrana,"2,42"
Marinirani fileti inæuna SK5,6009532,0.2,200g,Deluxe,2.79,,,13.95,20051518,Hrana,"2,79"
Depilacijske trake SK4,6009602,0.057,"16komad,32komad,40komad",Cien,1.99,,,0.12,4056489523550,Kozmetika,"1,99"
Depilacijske trake SK4,6009602,0.057,"16komad,32komad,40komad",Cien,1.99,,,0.12,4056489523567,Kozmetika,"1,99"
Salame,6009957,0.36,3x120g,Deluxe,6.39,,,17.75,4056489162162,Hrana,"6,59"
Njoki s koprivom,6009989,0.4,400g,Deluxe,1.35,,,3.38,4056489162247,Hrana,"1,69"
Šarena tjestenina s uskrs. motivima,6011542,0.5,500g,Combino,1.19,,,2.38,4056489346272,Hrana,"1,19"
Proteini,6011549,0.5,500g,Optisana,1.39,,,2.78,4056489346678,Hrana,"1,39"
"Focaccia losos, mozz., stracciat.",6013493,0.33,330g,Deluxe,3.59,,,10.88,4056489523857,Hrana,"4,59"
Provoletta sir XXL SK4,6014188,0.165,165g,Italiamo,1.99,,,12.06,4056489630982,Hrana,"1,89"
Šunka,6014725,0.095,95g,Deluxe,2.29,,,24.11,4056489633181,Hrana,"2,29"
Kroštule sa šeæerom u prahu,6016326,0.25,250g,Let's have a party!,1.69,,,6.76,4056489890904,Hrana,"1,69"
Šunka,6016825,0.08,80g,Italiamo,3.49,,,43.63,4056489892014,Hrana,"3,49"
Makaroni Bolognese,6017174,0.175,175g,Kania,1.69,,,9.66,4335619027183,Hrana,"1,69"
Panzerottini,6017463,0.2,200g,Für Dich,2.49,,,12.45,4335619028197,Hrana,Nije_bilo_u_prodaji_02.05.2025
Suha šunka,6017643,0.09,90g,Deluxe,2.29,,,25.44,4335619028579,Hrana,"2,29"
Meki sir,6018029,0.15,150g,Deluxe,2.29,,,15.27,4335619029613,Hrana,"1,75"
Kakao biskvit s mlijeè. punj.,6018363,0.15,5x30g,Milbona,1.99,,,13.27,4335619144972,Hrana,"1,99"
Focaccia,6018750,0.39,390g,Deluxe,3.29,,,8.44,4335619146587,Hrana,Nije_bilo_u_prodaji_02.05.2025
Sendviè tuna-losos SK6,6019094,0.14,140g,Chef Select,1.69,,,12.07,4056489163244,Hrana,Nije_bilo_u_prodaji_02.05.2025
Stolno bijelo vino,6402929,2,2l,-,3.29,,,1.65,4304493256774,Piæe,"2,79"
Stolno crno vino,6402930,2,2l,-,3.29,,,1.65,4304493256781,Piæe,"2,99"
Bucatini s jajima,6403654,0.5,500g,Combino,1.29,,,2.58,20756710,Hrana,"1,29"
"Sir Trapist, bez laktoze",6403815,0.125,125g,Pilos,1.89,,,15.12,20755553,Hrana,"1,89"
Pureæi parizer XXL,6404021,1.5,1500g,Baroni,3.09,,,2.06,20756321,Hrana,"2,99"
Goldenfood Sv. patka s iznutricama,6404499,1,ca.3 kg,,4.49,,,4.49,2838522000000,Hrana,"2,95"
Knedle s lješnjak kremom,6404847,0.6,600g,Culinea,3.19,,,5.32,20948184,Hrana,"3,19"
Posebna salama od mesa peradi SK1,6406333,0.5,500g,Pikok,1.59,,,3.18,4056489271284,Hrana,"1,59"
Posebna salama od mesa peradi SK1,6406333,0.5,500g,Pikok,1.59,,,3.18,4056489271291,Hrana,"1,59"
"Pureæi batak, cca. 750g",6406798,1,ca. 750g,-,4.19,,,4.19,2881960004523,Hrana,"3,99"
"Pureæa krila s kosti, cca. 750g",6406819,1,ca.750g,-,4.19,,,4.19,2882083000000,Hrana,"3,89"
"Pureæa krila s kosti, cca. 750g",6406819,1,ca.750g,-,4.19,,,4.19,2895930000000,Hrana,"3,89"
Kesten pire s aromom vanilije,6406923,0.25,250g,Culinea,2.49,,,9.96,4056489070849,Hrana,"2,49"
Müsli ploèice marelica,6700655,0.035,35g,First Nice,0.29,,,0.29,20077266,Hrana,"0,29"
Voda s aro. šumskog voæa sa šeæerom,6701348,1.5,"1,5l",Saguaro,0.89,,,0.59,4304493258884,Piæe,"0,85"
Mesna rolada XXL SK1,6701633,0.625,625g,Pikok,1.99,,,3.18,20493653,Hrana,"1,99"
Sirni desert SK2,6707255,0.125,125g,Pilos,0.99,,,7.92,4056489065074,Hrana,"0,99"
Zobene pahuljice zrnate,6711552,0.5,500g,Crownfield,0.79,,,1.58,4056489413455,Hrana,"0,79"
Müsli ploèice marelica - jogurt,6714745,0.03,30g,Crownfield,0.29,,,0.29,4056489724360,Hrana,"0,29"
Grožðice u mlijeènoj èokoladi,6715886,0.1,100g,Mister Choc,1.49,,,14.9,4056489908869,Hrana,"1,49"
Müsli ploèice banana,6717699,0.03,30g,Crownfield,0.29,,,0.29,4335619058750,Hrana,"0,29"
Pašteta SK5,6718742,0.2,200g,Deluxe,4.49,,,22.45,4056489064688,Hrana,"4,49"
Suhi kvasac,6807139,0.035,5x7g,Belbake,0.65,,,0.65,4056489463962,Hrana,"0,65"
Dubai èokolada,6812115,0.1,100g,Deluxe,3.99,,,39.9,4335619052147,Hrana,"3,99"
Štapiæi s kikirikijem,6900035,0.15,150g,Snack Day,0.85,,,5.67,4056489316886,Hrana,"0,85"
Meteor solna kiselina 9%,6900204,1.1,1l,,1.75,,,1.75,3859890222675,Sredstva za èišæenje,"1,55"
PPK Pašteta SK1,6900387,0.1,100g,,0.69,,,6.9,3858881617049,Hrana,"0,69"
"Instant napitak limun, 500g",6900429,0.5,500g,Freeway,2.39,,,4.78,4056489074861,Piæe,"2,39"
Pivac Svinjska crijeva,6900573,0.135,10m,,1.59,,,1.59,3858884991122,Hrana,"1,65"
Buðola,6900635,1,ca. 600g,Okusi zavièaja,19.69,,,19.69,2700635000000,Hrana,"19,69"
Buðola,6900635,1,ca. 600g,Okusi zavièaja,19.69,,,19.69,2806350000000,Hrana,"19,69"
Sredstvo za odleðivanje stakla,6900663,0.46,500ml,W5,1.33,,,2.66,4056489073581,Proizvodi za kuæanstvo,"1,33"
Podravka Kokošja kocka za juhu,6900724,0.12,120g,,2.19,,,18.25,3850104274855,Hrana,"2,19"
Dolcela Prašak za pecivo,6900755,0.072,6x12g,,0.99,,,13.75,3850104216770,Hrana,"0,99"
Johnnie Walker Red Label Whisky 40%,6901395,0.7,"0,7l",,17.19,,,24.56,5000267014234,Piæe,"18,59"
Èupavci,6901416,0.48,480g,Okusi zavièaja,6.19,,,12.9,40894256,Hrana,"5,89"
Poklon vreæica,6901425,0.054,1komad,,0.99,,,0.99,5948351003804,Proizvodi za kuæanstvo,"1,25"
Vrhnje za kuhanje 20% m.m.,6901478,0.5,500ml,Pilos,2.29,,,4.58,4056489317159,Hrana,2.29
"Staropramen Svij. pivo 5%, 4x0,5l",6901538,2,"4x0,5l",,5.79,,,2.9,3850131001868,Piæe,"5,61"
Listovi za pite i savijaèe,6901541,0.5,500g,1001 delights,1.09,,,2.18,20779160,Hrana,"1,09"
Bruschette Maretti 4 vrste sira,6901572,0.15,150g,,1.25,,,8.33,3800205874201,Hrana,"1,25"
Štrudla SK2,6901597,0.252,252g,Tastino,1.09,,,4.33,20661786,Hrana,"1,09"
Slane kokice XXL,6901625,0.15,150g,Snack Day,0.75,,,5,20779436,Hrana,"0,69"
Stock 84 38%,6901714,0.7,"0,7l",,13.99,,,19.99,8000440396390,Piæe,"13,99"
Kranjska XXL,6901730,0.9,900g,Pikok,5.19,,,5.77,20779139,Hrana,"5,19"
BO Kruh iz kalupa,6901742,0.6,600g,,1.59,,,2.65,3859890733775,Hrana,"1,59"
Argeta Pašteta kokošja 4x95g,6901831,0.38,4x95g,,3.99,,,10.5,3838471047111,Hrana,"3,99"
Violeta Baby vlažne maramice,6901868,0.962,3x56komad,,4.79,,,1.6,0038701280124,Toaletne potrepštine,"4,79"
Violeta Baby vlažne maramice,6901868,0.962,3x56komad,,4.79,,,1.6,3870128012882,Toaletne potrepštine,"4,79"
Champions Edition Flips s kikir.,6901947,0.1,100g,Snack Day,0.39,,,3.9,20780487,Hrana,"0,39"
Nutella,6901980,0.75,750g,,5.69,,,7.59,80176800,Hrana,"5,49"
"Rosal Lip Balm SK1, 4,8g",6902002,0.005,"4,8g",,0.99,,,0.99,3856007908552,Kozmetika,"0,99"
"Rosal Lip Balm SK1, 4,8g",6902002,0.005,"4,8g",,0.99,,,0.99,3856007909108,Kozmetika,"0,99"
"Dukat Tekuæi jogurt 2,8% m.m.",6902226,1.5,"1,5kg",,2.39,,,1.59,3850354016038,Hrana,"1,95"
Zvijezda Stolni margarin,6902244,0.25,250g,,1.15,,,4.6,3856015314130,Hrana,"0,95"
Pljeskavica,6902247,0.45,450g,Naša mesnica,2.99,,,6.64,20781163,Hrana,2.99
Barkleys Classic SK10,6902264,0.05,50g,,2.39,,,47.8,8717438743318,Hrana,"2,39"
Dukat b.Aktiv LGG Smoothie SK1,6902278,0.33,330g,,1.99,,,6.03,3850354004257,Hrana,"1,82"
Dukat b.Aktiv LGG Smoothie SK1,6902278,0.33,330g,,1.99,,,6.03,3850354011019,Hrana,"1,82"
Dukat b.Aktiv LGG Smoothie SK1,6902278,0.33,330g,,1.99,,,6.03,3850354015888,Hrana,"1,82"
Dukat b.Aktiv LGG Smoothie SK1,6902278,0.33,330g,,1.99,,,6.03,3850354015901,Hrana,"1,82"
"Mlada teletina za peèenje, cca. 2kg",6902353,1,cca. 2kg,Naša mesnica,,8.89,10.99,8.89,2894540000000,Hrana,"9,99"
"Mlada teletina za peèenje, cca. 2kg",6902353,1,cca. 2kg,Naša mesnica,,8.89,10.99,8.89,2894692000000,Hrana,"9,99"
"Mlada teletina za peèenje, cca. 2kg",6902353,1,cca. 2kg,Naša mesnica,,8.89,10.99,8.89,2894693000000,Hrana,"9,99"
"Mlada teletina za peèenje, cca. 2kg",6902353,1,cca. 2kg,Naša mesnica,,8.89,10.99,8.89,2894695000000,Hrana,"9,99"
Buket Florijan mix,6902355,0.04,1komad,,2.12,,,2.12,3858889013942,Proizvodi za kuæanstvo,"2,12"
Namaz od dimljenog lososa,6902415,0.165,165g,Deluxe,2.69,,,16.3,20781316,Hrana,"2,69"
Drniške del. Maran Panceta,6902479,1,cca. 400g,,18.59,,,18.59,2800005000000,Hrana,"18,59"
Ekos Kinder šnita,6902517,0.18,180g,,2.99,,,16.61,3858889615481,Hrana,"1,72"
"Jamnica Gazirana min. voda, 0,5l",6902578,0.5,"0,5l",,0.85,,,1.7,3859888152113,Piæe,"0,85"
Sensation Asia Lime. Kiwano,6902580,1.5,"1,5l",,1.69,,,1.13,3858884602349,Piæe,"1,69"
Sensation Europe Bazga,6902581,1.5,"1,5l",,1.69,,,1.13,3858890873443,Piæe,"1,69"
Agrolaguna Malvazija Istarska,6902628,0.75,"0,75l",,8.79,,,11.72,3858881190443,Piæe,"8,79"
"TK Patago. tube i krakovi, ATG 360g",6902652,0.4,400g,Ocean Sea,6.49,,,18.03,40894348,Hrana,"6,49"
Pasterizirana peè. pap. (OM 400g),6902660,0.68,720ml,Freshona,2.69,,,6.73,20781149,Hrana,2.59
Kinder Schoko-Bons,6902672,0.2,200g,,3.85,,,19.25,8000500247792,Hrana,"3,69"
Pileæa posebna,6902748,1,1000g,Pikok,2.89,,,2.89,20780869,Hrana,"2,89"
Champions Edition Kokice slane,6902767,0.125,125g,Snack Day,0.59,,,4.72,40894188,Hrana,"0,59"
Pik Mortadela s maslinama narezana,6902833,0.15,150g,,2.19,,,14.6,3850139171099,Hrana,"1,33"
Belje Baranjski kulen,6902837,1,cca. 1kg,,23.89,,,23.89,2109303000000,Hrana,"14,99"
Tvrdi sir od kravlj. i ovèjeg mlij.,6902847,0.4,400g,Okusi zavièaja,7.79,,,19.48,40894294,Hrana,"7,79"
"PIK Peèena Šunka, narezana, 125g",6902890,0.125,125g,,2.19,,,17.52,3850139350401,Hrana,"2,94"
Zvijezda Suncokretovo ulje,6902914,1.1,"1,2l",,1.85,,,1.54,3856015313249,Hrana,"1,85"
Kinder Pingui 8 pak,6902923,0.24,8x30g,,3.99,,,16.63,4008400290829,Hrana,"3,45"
Jadranska srdela s med. biljem,6902999,0.1,100g,Okusi zavièaja,1.19,,,11.9,40894546,Hrana,"1,19"
Juneæa pljeskavica,6903001,0.45,450g,Naša mesnica,4.99,,,11.09,20538958,Hrana,"4,99"
Juneæa pljeskavica,6903001,0.45,450g,Naša mesnica,4.99,,,11.09,4056489611820,Hrana,"4,99"
"Palmolive Gel za tuširanje, SK1",6903031,0.517,500ml,,4.49,,,8.98,8714789733159,Kozmetika,"4,25"
Vrhnje za šlag 36%,6903051,0.5,500g,Pilos,3.39,,,6.78,40894355,Hrana,"3,39"
"Svježe mlijeko 3,2% m.m.",6903068,1.03,1l,Okusi zavièaja,1.15,,,1.15,4056489316312,Hrana,"1,19"
Piko Parizer,6903086,0.2,200g,,2.85,,,14.25,3850139170771,Hrana,"2,85"
"Goveði biftek, cca. 2kg",6903089,1,ca. 2kg,Naša mesnica,,24.99,28.99,24.99,2895511000000,Hrana,"28,99"
"Goveði biftek, cca. 2kg",6903089,1,ca. 2kg,Naša mesnica,,24.99,28.99,24.99,2895518000000,Hrana,"28,99"
"Teleæi vrat s kosti, cca. 1kg",6903098,1,ca. 1kg,Naša mesnica,,8.89,10.99,8.89,2869028000000,Hrana,"4,78"
"Teleæi vrat s kosti, cca. 1kg",6903098,1,ca. 1kg,Naša mesnica,,8.89,10.99,8.89,2895530000000,Hrana,"4,78"
"Duplo Èokoladni prutiæ, 5 komada",6903119,0.091,91g,,1.89,,,20.77,4008400300429,Hrana,"1,69"
Lino Lada Namaz Duo,6903159,1,1kg,,6.49,,,6.49,3856020213954,Hrana,"6,49"
Koko Meso mlade kokoši,6903247,1,"ca. 1,1kg",,2.19,,,2.19,2146201000000,Hrana,"2,19"
Koko Meso mlade kokoši,6903247,1,"ca. 1,1kg",,2.19,,,2.19,2819438000000,Hrana,"2,19"
Gloria Cappuccino SK1,6903307,0.2,200g,,2.79,,,13.95,3850291055558,Piæe,"2,79"
Rio Mare Insalatissime salata kuk.,6903351,0.16,160g,,2.14,,,13.38,8004030022010,Hrana,"3,49"
Lampioni Premium SK2,6903360,0.5,500g,-,3.49,,,3.49,20251550,Proizvodi za kuæanstvo,"3,49"
Frozy Hobotnica oèišæena,6903389,1,cca. 900-1800g,,8.99,,,8.99,2840100000000,Hrana,"8,99"
"Le Coq Cocktail Margarita, 4,7%",6903702,0.33,"0,33l",,1.19,,,3.61,4740098084037,Piæe,"1,52"
Vjenèiæi SK3,6903805,0.39,390g,Okusi zavièaja,3.29,,,8.44,4056489073420,Hrana,"3,29"
"Vreæe za smeæe GASTRO, 150L",6903869,0.6,10komad,Purio,1.33,,,0.13,4056489073499,Proizvodi za kuæanstvo,"1,99"
"Istarsko svijetlo pivo 5,2% alk.",6903887,0.5,500ml,,1.19,,,2.38,3850172201234,Piæe,"1,19"
Lino Èokolino Fit,6904128,0.4,400g,,4.99,,,12.48,3850104263682,Hrana,"4,99"
Mix pita SK1,6904141,0.42,420g,Okusi zavièaja,5.29,,,12.6,4056489074106,Hrana,"4,99"
Ukrasna vreæica 12x39x9cm,6904173,0.01,1komad,,0.89,,,0.89,3856023006454,Proizvodi za kuæanstvo,0.89
Ukrasna vreæica 32x26x12cm,6904180,0.1,1komad,,1.49,,,1.49,3856023014190,Proizvodi za kuæanstvo,"1,45"
Ukrasna vreæica 32x26x12cm,6904180,0.1,1komad,,1.49,,,1.49,3856023028975,Proizvodi za kuæanstvo,"1,45"
Ukrasna vreæica 32x26x12cm,6904180,0.1,1komad,,1.49,,,1.49,3856023029033,Proizvodi za kuæanstvo,"1,45"
Ukrasna vreæica 32x26x12cm,6904180,0.1,1komad,,1.49,,,1.49,3856023029095,Proizvodi za kuæanstvo,"1,45"
Ukrasna vreæica 32x26x12cm,6904180,0.1,1komad,,1.49,,,1.49,3856023055872,Proizvodi za kuæanstvo,"1,45"
Ukrasna vreæica 32x26x12cm,6904180,0.1,1komad,,1.49,,,1.49,3856023060319,Proizvodi za kuæanstvo,"1,45"
PPK Juneæe tripice,6904208,0.5,500g,,3.99,,,7.98,4056489612018,Hrana,"3,59"
Triangle Snack slani SK1,6904309,0.05,50g,Snack Day,0.59,,,11.8,4056489074335,Hrana,"0,59"
"Orah jezgra, 500g",6904472,0.5,500g,,4.89,,,9.78,3872084013422,Hrana,"4,89"
"Orah jezgra, 500g",6904472,0.5,500g,,4.89,,,9.78,3872084013484,Hrana,"4,89"
Cekin Posebna kobasica,6904559,0.5,500g,,1.99,,,3.98,3850159125027,Hrana,"1,99"
'z bregov Protein ml.pr. nap. èoko.,6904568,0.5,500ml,,1.99,,,3.98,3850108023664,Hrana,"2,49"
Havana rum Especial 40%,6904595,0.7,"0,7l",,12.39,,,17.7,8501110080927,Piæe,"12,39"
Multivita Vitamin C plus šumeæe tab,6904606,0.08,80g,,1.45,,,18.13,8606013060547,Hrana,"2,19"
Multivita Naranèa plus,6904607,0.08,80g,,1.45,,,18.13,3858881249257,Hrana,"2,19"
"Ožujsko svijetlo pivo 5%, 6x0,5l",6904646,3,"6x0,5l",,7.99,,,2.66,3850131005682,Piæe,"7,67"
Juneæa leða odrezak,6904987,0.275,275g,Naša mesnica,7.69,,,27.96,4056489316435,Hrana,"6,99"
PIK Kranjska kobasica,6905003,0.3,300g,,3.49,,,11.63,3850139180015,Hrana,"3,49"
Johnnie Walker Red Label viski + 2 ,6905061,0.7,"0,7l",,14.49,,,20.7,3859894245106,Piæe,"16,99"
Johnnie Walker Red Label viski + 2 ,6905061,0.7,"0,7l",,14.49,,,20.7,5000267189215,Piæe,"16,99"
"Svje. pileæa prsa, bk sk, cca. 500g",6905062,1,ca. 500g,Naša mesnica,5.99,,,5.99,2868650000000,Hrana,"5,89"
Hipp BIO mlij. kašica keks/jabuka  ,6905069,0.19,190g,,1.65,,,8.68,9062300133148,Hrana,"1,65"
Hipp Bio voæna kašica jab/ban/keks,6905075,0.19,190g,,1.65,,,8.68,9062300132455,Hrana,"1,65"
Hipp BIO voæna kašica marelica,6905076,0.19,190g,,1.65,,,8.68,9062300101680,Hrana,"1,65"
Franck Minas kava Jubilarna RETRO,6905408,0.25,250g,,4.49,,,17.96,3850291052373,Piæe,"4,49"
L'Oreal Age Spec. krema p. bora SK1,6905434,0.05,50ml,,7.43,,,148.6,3600523408948,Kozmetika,"7,43"
BO Domaæa sirnica,6905437,0.17,170g,,0.95,,,5.59,3856016906198,Hrana,"0,95"
BO Burek motani sir,6905439,0.22,220g,,1.19,,,5.41,4053216198968,Hrana,"1,19"
Frozy Plodovi mora u mediter. umaku,6905451,0.5,500g,,3.69,,,7.38,3858891044606,Hrana,"3,69"
Frozy Rib. fil. u umaku rajè.-papr.,6905453,0.38,380g,,1.49,,,3.92,3858891044163,Hrana,"1,49"
BO Kukuruzni miješ. kruh bez kvasca,6905465,0.4,400g,,1.45,,,3.63,3858884927435,Hrana,"1,45"
Violeta Omekšivaè 77 pr.,6905498,2.695,"2,7l",,4.49,,,1.66,3870128023932,Sredstva za èišæenje,"4,69"
"Alpski cvijet, tvrdi kravlji sir",6905501,0.95,950g,,14.99,,,15.78,3830056402834,Hrana,"14,99"
"Alpski cvijet, tvrdi kravlji sir",6905501,0.95,950g,,14.99,,,15.78,3859894087027,Hrana,"14,99"
Ledo Snjeguljica sladoled štapiæ,6905542,0.246,6x65g,,4.99,,,12.79,3850116006000,Hrana,"4,99"
Vlažne mar. za èiš. površina SK1,6905830,0.445,80komad,W5,1.59,,,0.02,4056489075035,Proizvodi za kuæanstvo,"1,59"
"Polubijeli kruh, rezani",6905879,0.7,700g,Tastino,1.09,,,1.56,4052917363316,Hrana,"1,09"
RFA Trajno èokoladno mlijeko,6905899,0.2,200ml,Pilos,0.59,,,2.95,3850354002239,Hrana,"0,49"
Fix umaci (43-50g) SK2,6905916,0.046,"43g,50g",Kania,0.49,,,11.4,4056489317432,Hrana,"0,49"
Fix umaci (43-50g) SK2,6905916,0.046,"43g,50g",Kania,0.49,,,9.8,4056489317432,Hrana,"0,49"
"Pink Moscato, KZP",6905932,0.75,"0,75l",,6.79,,,9.05,4304493259874,Piæe,"6,75"
Dorina Èokolada SK1,6905966,0.231,"220g,250g",,4.49,,,17.96,3850102123452,Hrana,"4,49"
"Lumen Elektronski lampion, Memoria",6905971,0.125,1komad,,2.99,,,2.99,3870634066317,Proizvodi za kuæanstvo,"2,59"
Salama bake Janice,6905990,0.4,400g,Okusi zavièaja,6.89,,,17.23,4056489317890,Hrana,"6,89"
Nektar jabuka 50%,6905992,2.06,2l,Solevita,1.79,,,0.9,4056489317357,Piæe,"1,75"
Kraš Bajadera,6906078,0.3,300g,,7.99,,,26.63,3850102230051,Hrana,"9,49"
Bio ploèica SK1,7202195,0.03,30g,Alesto,0.89,,,0.89,20962234,Hrana,"0,89"
Perutnina Ptuj Pileæi narezak SK2,7300183,0.143,"125g,180g",,1.99,,,11.06,3838977024470,Hrana,"1,99"
Domaæi narezak SK3,7300421,0.1,100g,Pikok,1.59,,,15.9,20605650,Hrana,"1,59"
Domaæi narezak SK3,7300421,0.1,100g,Pikok,1.59,,,15.9,20605681,Hrana,"1,59"
"Trajno mlijeko bez laktoze 3,5%m.m.",7301471,1.03,1l,Pilos,1.59,,,1.59,4056489607168,Hrana,"1,59"
Leone Sladoled na štapiæu SK1,7302358,0.21,6x60ml,,2.79,,,7.75,3830053878946,Hrana,"2,79"
Domaæi kuhani štrukli,7303241,0.35,350g,,2.95,,,8.43,3830070881400,Hrana,"2,95"
Domaæi kuhani štrukli,7303241,0.35,350g,,2.95,,,8.43,3830070881417,Hrana,"2,95"
Gnocchi SK1,7702833,0.5,500g,Italiamo,1.19,,,2.38,20031664,Hrana,"1,19"
Mousse SK2,7709622,0.35,350g,Deluxe,4.29,,,12.26,4056489290513,Hrana,"4,49"
Klumper sušena šunka SK2,7710141,0.08,80g,,1.89,,,23.63,4101060001009,Hrana,"1,89"
Klumper sušena šunka SK2,7710141,0.08,80g,,1.89,,,23.63,4101060001184,Hrana,"1,89"
Kobasica od mesa peradi SK2,7711309,0.379,"350g,400g",Grillmeister,3.29,,,8.23,4009335090102,Hrana,"3,29"
Crumble Desert SK2,7712119,0.1,100g,Deluxe,1.4,,,14,4056489706977,Hrana,"1,4"
Curry zalogaj SK1,7712698,0.32,320g,Vitasia,2.29,,,7.16,4056489483885,Hrana,"2,29"
Vivil Bomboni bez šeæera sort.,7713799,0.12,120g,,1.79,,,14.92,4020400893046,Hrana,"1,79"
Kokice u preklopnoj kutiji SK1,7716490,0.18,180g,MCENNEDY,2.79,,,15.5,4056489887096,Hrana,"2,79"
Parfem Sudd.Lux/G.Bellini Val. SK2,7716840,0.1,100ml,,4.99,,,49.9,4335619131217,Kozmetika,"4,99"
Parfem Sudd.Lux/G.Bellini Val. SK2,7716840,0.1,100ml,,4.99,,,49.9,4335619131248,Kozmetika,"4,99"
Šunka s morskom soli SK1,7718017,0.1,100g,Deluxe,2.79,,,27.9,4335619132900,Hrana,"2,4"
Angel Curl èokolada SK1,7718087,0.15,150g,,4.79,,,31.93,4036577940063,Hrana,"5,22"
Adriatikos bijeli sir (OM 500g),9000134,0.55,550g,Pilos,,2.99,4.65,5.98,20965334,Hrana,"4,69"
Kokošja juha RSPO,9002294,0.065,65g,-,0.59,,,9.08,4056489508441,Hrana,"0,49"
Pašteta od peradi SK6,9002467,0.095,95g,Pikok Pure,0.99,,,10.42,4056489508267,Hrana,"0,99"
Bambi Plazma Keksi,9003831,0.3,300g,,2.99,,,9.97,8600043000023,Hrana,"2,99"
Sendviè vreæice sa zatvaraèem [10µ],0158177,0.11,120komad,Aromata,0.59,,,0,4056489345558,Proizvodi za kuæanstvo,"0,79"
BO Rustikalni kruh,0159433,0.45,420g,,1.69,,,4.02,4056489344735,Hrana,Nije_bilo_u_prodaji_02.05.2025
Dezinfek. sred. za ruke sa 65% alk.,0159453,0.107,100ml,Cien,0.75,,,7.5,4056489368038,Kozmetika,"0,75"
Krema za sunèanje Sensitive 50+,0159511,0.05,50ml,Cien Sun,2.59,,,51.8,4335619130586,Kozmetika,"2,59"
Desert od kokosa SK1,0160246,0.15,150g,Vemondo,0.85,,,5.67,4056489404941,Hrana,"0,75"
Mozzarella rolica,0160264,0.2,200g,Milbona,1.55,,,7.75,4056489405030,Hrana,"1,99"
High Protein napitak SK1,0160560,0.35,350g,Milbona,1.49,,,4.26,4304493267466,Hrana,"1,49"
Vreæice za pseæi izmet [15µ],0161549,0.12,4x20komad,Orlando,1.65,,,0.02,4056489418849,Proizvodi za kuæanstvo,"1,65"
Mirisni osvježivaè prostora SK18,0161698,0.148,150ml,W5,1.39,,,9.27,4056489232292,Sredstva za èišæenje,"1,69"
Mirisni osvježivaè prostora SK18,0161698,0.148,150ml,W5,1.39,,,9.27,4335619040786,Sredstva za èišæenje,"1,69"
Mlijeko za sunèanje ZF50,0161878,0.251,250ml,Cien,6.49,,,25.96,4335619188693,Kozmetika,Nije_bilo_u_prodaji_02.05.2025
Party èokoladice XXL,0162142,0.716,716g,Mister Choc,5.99,,,8.37,4056489436027,Hrana,"5,99"
Dimljena tuna SK2,6210738,0.16,160g,Nixe,2.19,,,21.06,4056489771685,Hrana,"2,39"
Kava s aromom SK1,6211933,0.2,200g,Bellarom,6.49,,,32.45,4335619096691,Piæe,"5,7"
Paprika pržena sa zaè. (ATG 480g),6212105,0.72,720ml,Eridanous,2.59,,,5.4,4335619097407,Hrana,"2,2"
"Trajno mlijeko 2,8%",6400261,1,1l,,0.54,,,0.54,5998200472909,Hrana,Nije_bilo_u_prodaji_02.05.2025
Kukuruzni snack s okusom èilija,6400718,0.07,70g,Alesto,0.69,,,9.86,20504762,Hrana,"0,69"
Kukuruzni snack s okusom èilija,6400718,0.07,70g,Alesto,0.69,,,9.86,20947309,Hrana,"0,69"
Kukuruzni snack s okusom èilija,6400718,0.07,70g,Alesto,0.69,,,9.86,20949204,Hrana,"0,69"
Smeði šeæer,6401082,0.5,500g,Belbake,1.05,,,2.1,20754778,Hrana,"0,99"
Pureæi medaljoni XXL,6401093,1.5,1500g,Chef Select,4.49,,,2.99,20384975,Hrana,"3,99"
Poklon paket Nivea Soft Care,6906109,0.308,300ml,,4.39,,,14.63,9005800350127,Kozmetika,"4,39"
Vjenèiæi s krem punjenjem SK1,6906117,0.39,390g,Okusi zavièaja,3.29,,,8.44,4056489318026,Hrana,"3,29"
BO Beskvasni raženo miješani kruh ,6906118,0.4,400g,,1.59,,,3.98,3858884929033,Hrana,"0,99"
Suncokretovo ulje ,6906127,0.92,1l,Vita D'or,1.49,,,1.49,20966508,Hrana,"1,49"
Suncokretovo ulje ,6906127,0.92,1l,Vita D'or,1.49,,,1.49,4056489069553,Hrana,"1,49"
Blagdanski kolaè s makom,6906164,0.54,540g,Okusi zavièaja,,5.19,6.19,9.61,4056489610588,Hrana,"6,19"
Ukrasna vreæica 23x18x10cm,6906193,0.044,1komad,,1.29,,,1.29,3856023060487,Proizvodi za kuæanstvo,"1,29"
Forum Orgo Vege Burger žuta leæa,6906341,0.2,200g,,1.89,,,9.45,3859893778643,Hrana,"1,89"
Vlažne maramice za pod ,6906354,0.28,15komad,W5,1.39,,,0.09,4056489317227,Proizvodi za kuæanstvo,"1,39"
"Jaja iz podnog uzgoja, razred M",6906363,1.044,18komad,Okusi zavièaja,5.09,,,0.28,4056489926900,Hrana,"4,19"
Gouda old Holland,0137390,0.25,250g,Milbona,4.99,,,19.96,20092498,Hrana,"4,99"
"Bio kašica šunka, tjest. i mrkva ",0138004,0.25,250g,Lupilu,1.29,,,5.16,4056489882251,Hrana,"1,29"
"Bio kašica puretina, krum., povræe ",0138008,0.22,220g,Lupilu,1.09,,,4.95,4056489882220,Hrana,"1,09"
Kremasti gel za tuširanje SK4,0138047,0.311,300ml,Cien,1.69,,,5.63,20112028,Kozmetika,"1,69"
Namaz svježi sirSK48,0138068,0.097,"100g,90g",Deluxe,1.99,,,22.11,20112097,Hrana,"1,99"
Kobasica SK2,0138902,0.275,"250g,300g",Grillmeister,3.29,,,10.97,4056489141761,Hrana,"3,29"
Surimi štapiæi,0138945,0.3,300g,Vitasia,1.89,,,6.3,20137533,Hrana,"1,89"
Luèice 50 komada,7304803,0.64,50komad,,4.79,,,0.1,3830012524464,Proizvodi za kuæanstvo,"4,79"
Torte SK2,7306530,0.75,750g,,8.79,,,11.72,3831001865230,Hrana,"8,79"
BO Mini krafna Lino Lada,7307840,0.025,25g,,0.45,,,18,3838700938746,Hrana,"0,25"
Francuska salata,7307940,0.5,500g,,2.89,,,5.78,3830044816964,Hrana,"2,89"
Pureæa posebna kobasica,7308126,1,1000g,,2.49,,,2.49,3850220151801,Hrana,Nije_bilo_u_prodaji_02.05.2025
Poli pileæa posebna 1000g,7308876,1,1000g,,5.99,,,5.99,3838977800449,Hrana,Nije_bilo_u_prodaji_02.05.2025
Delamaris Skuša z zelenjavo Izola B,7309011,1.75,1750g,,19.99,,,11.42,3838929568816,Hrana,Nije_bilo_u_prodaji_02.05.2025
"Kras Primorski pršut, ca.1000g",7309126,1,ca.1000g,,14.99,,,14.99,2191261000000,Hrana,Nije_bilo_u_prodaji_02.05.2025
"Kras Primorski pršut, ca.1000g",7309126,1,ca.1000g,,14.99,,,14.99,2191267000000,Hrana,Nije_bilo_u_prodaji_02.05.2025
"Kras Domaæi pršut, ca.1000g",7309127,1,ca.1000g,,17.99,,,17.99,2191277000000,Hrana,Nije_bilo_u_prodaji_02.05.2025
"Kras Domaæi pršut, ca.1000g",7309127,1,ca.1000g,,17.99,,,17.99,2191278000000,Hrana,Nije_bilo_u_prodaji_02.05.2025
Paloma Kuhinjske brisaèe I love art,7309299,0.859,6x50Blatt,,2.99,,,0.5,3838952036399,Toaletne potrepštine,Nije_bilo_u_prodaji_02.05.2025
Corsendonk kocke sira,7401494,0.25,250g,,5.69,,,22.76,20286361,Hrana,"5,69"
Pašteta SK3,7402019,0.17,170g,Deluxe,1.68,,,9.88,4056489134671,Hrana,Nije_bilo_u_prodaji_02.05.2025
Pašteta SK3,7402019,0.17,170g,Deluxe,1.68,,,9.88,4056489134688,Hrana,Nije_bilo_u_prodaji_02.05.2025
Cheesecake zillionaire/limun SK1,7405900,0.18,2x90g,Deluxe,2.59,,,14.39,4056489215158,Hrana,"2,59"
Schogetten SK96,0002838,0.1,100g,,1.75,,,17.5,4000415832100,Hrana,"1,29"
Schogetten SK96,0002838,0.1,100g,,1.75,,,17.5,4000415856601,Hrana,"1,29"
Schogetten SK96,0002838,0.1,100g,,1.75,,,17.5,4000607143007,Hrana,"1,29"
Schogetten SK96,0002838,0.1,100g,,1.75,,,17.5,4000607172304,Hrana,"1,29"
Schogetten SK96,0002838,0.1,100g,,1.75,,,17.5,4000607172908,Hrana,"1,29"
Schogetten SK96,0002838,0.1,100g,,1.75,,,17.5,4000607854606,Hrana,"1,29"
Mini kokos prutiæi,0002844,0.35,350g,Mister Choc,3.69,,,10.54,4056489231691,Hrana,"3,59"
Mini kokos prutiæi,0002844,0.35,350g,Mister Choc,3.69,,,10.54,4056489232407,Hrana,"3,59"
Kinder Surprise,0002847,0.02,20g,,1.59,,,1.59,40084107,Hrana,"1,49"
Izbor finih pralina,0002863,0.4,400g,Palace,4.99,,,12.48,20005931,Hrana,"4,59"
Bomboni od voænog želea,0002871,0.4,400g,Sweet Corner,1.99,,,4.98,20105396,Hrana,"2,49"
Sredstvo za èišæenje WC-a SK9,0151454,1.023,1l,W5,1.65,,,1.65,4056489566793,Sredstva za èišæenje,"1,65"
Osvježivaè prostora SK8,0151608,0.295,300ml,W5,1.19,,,3.97,4056489226772,Sredstva za èišæenje,"1,19"
Osvježivaè prostora SK8,0151608,0.295,300ml,W5,1.19,,,3.97,4056489226833,Sredstva za èišæenje,"1,19"
Grèko predjelo SK1,0151685,0.39,"380g,400g",Eridanous,4.69,,,11.73,4056489231639,Hrana,"3,69"
Kandirani kikiriki,0152000,0.25,250g,Alesto,1.69,,,6.76,20070274,Hrana,"1,69"
Premium Vodka 42%/40% Vol. SK1,0152018,0.662,"0,7l",,7.09,,,10.13,4056489234791,Piæe,"8,99"
Mješavina orašastih plodova SK5,0152058,0.2,200g,Alesto,3.39,,,16.95,20353032,Hrana,"3,99"
Orašasti plodovi,0152059,0.06,60g,Alesto,1.39,,,23.17,20559564,Hrana,"1,19"
Pjenušac suhi,0152671,0.75,"0,75l",Burg Schöneck,3.29,,,4.39,4056489237402,Piæe,"2,99"
Pjenušac suhi,0152671,0.75,"0,75l",Burg Schöneck,3.29,,,4.39,4056489237426,Piæe,"2,99"
Premium Sushi SK1,0152782,0.178,"168g,178,5g,185g",select & go,3.79,,,20.49,4056489250166,Hrana,"3,79"
Grèka predjela,0153181,0.15,150g,Chef Select,2.39,,,15.93,4056489241911,Hrana,"2,39"
Masline SK4,0153199,0.15,150g,Let's have a party!,2.19,,,14.6,4056489242000,Hrana,"2,29"
Eau de Parfum SK6,0153747,0.063,75ml,Suddenly,6.49,,,86.53,4056489268048,Kozmetika,"6,49"
Eau de Parfum SK6,0153747,0.063,75ml,Suddenly,6.49,,,86.53,4056489268062,Kozmetika,"6,49"
Eau de Parfum SK6,0153747,0.063,75ml,Suddenly,6.49,,,86.53,4056489268079,Kozmetika,"6,49"
Eau de Parfum SK6,0153747,0.063,75ml,Suddenly,6.49,,,86.53,4056489545569,Kozmetika,"6,49"
Eau de Parfum SK6,0153747,0.063,75ml,Suddenly,6.49,,,86.53,4056489545576,Kozmetika,"6,49"
Toaletna voda za muškarce SK5,0153751,0.063,75ml,G. Bellini,6.49,,,86.53,4056489268086,Kozmetika,"6,49"
Toaletna voda za muškarce SK5,0153751,0.063,75ml,G. Bellini,6.49,,,86.53,4056489268116,Kozmetika,"6,49"
Biscotti keksi SK4,0154002,0.15,150g,Italiamo,1.79,,,11.93,4056489257974,Hrana,"1,79"
Grickalice za pse SK6,0169319,0.14,"105g,135g,180g",Orlando,0.89,,,6.59,4056489333616,Proizvodi za kuæanstvo,"0,89"
Blanširani nasjeckani bademi,0169870,0.2,200g,Belbake,2.49,,,12.45,4056489540182,Hrana,"1,69"
Hummus SK33,0170159,0.2,200g,Chef Select,0.99,,,4.95,4056489545804,Hrana,"1,39"
Churros SK1,0170832,0.225,225g,Sol&Mar,2.29,,,10.18,4056489558828,Hrana,"2,29"
Tekuæi snack za maèke 7x16g,0074306,0.112,112g,Coshida,1.69,,,15.09,20399535,Proizvodi za kuæanstvo,"1,69"
Sauvignon Blanc Pays d'Oc IGP,0074337,0.75,"0,75l",Chevalier de Fauvert,3.99,,,5.32,4056489114437,Piæe,"3,99"
Uložak za odvlaživaè zraka,0173969,1.35,3x450g,W5,2.99,,,2.21,4056489141792,Sredstva za èišæenje,"3,49"
Uložak za odvlaživaè zraka,0173969,1.35,3x450g,W5,2.99,,,2.21,4056489607731,Sredstva za èišæenje,"3,49"
Uložak za odvlaživaè zraka,0173969,1.35,3x450g,W5,2.99,,,2.21,4335619084032,Sredstva za èišæenje,"3,49"
Iso Drink prah SK2,0174037,0.65,650g,Sportyfeel,6.29,,,9.68,4335619321694,Hrana,"6,49"
Premium pasta za zube SK1,0174757,0.07,125ml,Dentalux,1.19,,,9.52,4056489618805,Kozmetika,"1,19"
"Vital pileæi Nuggets, panirani SK1",0175003,0.5,500g,Culinea,6.49,,,12.98,4056489620624,Hrana,"6,49"
Dj. vodeni sladoled SK12,0175604,0.696,6x110ml,Bon Gelati,3.19,,,4.83,20289348,Hrana,"3,19"
Dj. vodeni sladoled SK12,0175604,0.696,6x110ml,Bon Gelati,3.19,,,4.83,4056489542773,Hrana,"3,19"
"Poslastica za pse, SK4",0175839,0.4,400g,Orlando,1.29,,,3.23,4056489621140,Proizvodi za kuæanstvo,"1,29"
Ketchup sa zaèinima,0176178,0.55,500ml,Kania,1.59,,,3.18,4056489865223,Hrana,"1,99"
Riblji tapas SK25,0176419,0.1,100g,Sol&Mar,2.49,,,24.9,20019105,Hrana,"2,49"
Lak za nokte Cocktail SK2,0177036,0.01,11ml,Cien Beauty,1.29,,,117.27,4056489430889,Kozmetika,"1,29"
Sir Brie,0177317,0.15,150g,Duc de Coeur,2.29,,,15.27,4056489658603,Hrana,"2,29"
Meðimurski domaæi kuhani sir SK3,6905626,0.5,500g,Okusi zavièaja,,3.89,5.69,7.78,4056489316596,Hrana,"5,69"
Gamay&Cabernet Franc kval. c. vino,6905628,0.75,"0,75l",Winemakers of Croatia,3.98,,,5.31,4304493259782,Piæe,"3,98"
"Dimljeni svinjski file, cca. 450g",6905634,1,ca. 450g,Pikok,10.39,,,10.39,2868900000000,Hrana,"11,59"
Melem Balzam za usne,6905637,0.005,"4,5g",,3.89,,,3.89,3856007902840,Kozmetika,"3,69"
Plidenta Pasta za zube SK2,6905645,0.075,75ml,,2.09,,,27.87,3856007907975,Kozmetika,"2,09"
Plidenta Pasta za zube SK2,6905645,0.075,75ml,,2.09,,,27.87,3856007908033,Kozmetika,"2,09"
Jimmy Fantastic Ml.èok.brownie/kar.,6905660,0.18,180g,,1.99,,,11.06,8600939345948,Hrana,"1,99"
Neopitroid prah,6905726,0.1,100g,,2.49,,,24.9,3859894035011,Proizvodi za kuæanstvo,"2,99"
Pitroid Univerzalni sprej,6905727,0.4,400ml,,5.49,,,13.73,3856007907760,Proizvodi za kuæanstvo,"5,49"
Dipterol Max Action sprej,6905739,0.17,200ml,,7.49,,,37.45,3856007908675,Proizvodi za kuæanstvo,"7,49"
Colgate Extra Clean 1+1 èetk. za z.,6905759,0.002,2komad,,2.25,,,1.13,8714789732244,Kozmetika,"2,09"
Tagliatelle bez glutena,6001116,0.25,250g,Chef Select,2.99,,,11.96,8006223204333,Hrana,"2,39"
Rižoto SK5,6001161,0.175,175g,Kania,1.09,,,6.23,20499830,Hrana,"1,29"
Gotova jela tjestenina SK1,6001772,0.175,175g,Kania,1.69,,,9.66,20623982,Hrana,"1,69"
Gotova jela tjestenina SK1,6001772,0.175,175g,Kania,1.69,,,9.66,20623999,Hrana,"1,69"
Tuna i grašak,6001794,0.32,2x160g,Nixe,2.99,,,9.34,4056489631347,Hrana,"2,99"
Parmigiano Reggiano,6002396,0.2,200g,Milbona,5.49,,,27.45,4056489721604,Hrana,"5,49"
Krumpir srca dvobojna,6002711,0.5,500g,Für Dich ,2.19,,,4.38,20342890,Hrana,"2,19"
Bruschette SK1,6003784,0.15,150g,Italiamo,1.29,,,8.6,20456726,Hrana,"1,79"
Glazirani mini uskršnji golub,6004181,0.1,100g,Favorina,0.95,,,9.5,4335619145726,Hrana,"0,95"
Punjena tjestenina XXL SK1,6004399,0.3,300g,Chef Select,1.49,,,4.97,20849917,Hrana,"1,49"
Bio Tortelloni/ Ravioli SK2,6004521,0.25,250g,Chef Select,2.19,,,8.76,20850661,Hrana,"2,19"
Krekeri s okusom pizze SK1,6004708,0.1,100g,Italiamo,1.99,,,19.9,20851217,Hrana,"1,99"
Burrata di Bufala,6005583,0.125,125g,Deluxe,2.29,,,18.32,4056489721314,Hrana,"2,29"
Keksi od badema SK4,6005748,0.15,150g,Sondey,2.55,,,17,4056489419877,Hrana,"3,19"
Pileæa i pureæa hrenovka,6005791,1,1kg,Dulano,2.59,,,2.59,20971298,Hrana,"2,39"
Mješavina gljiva SK1,6006955,0.3,"250g,350g",Deluxe,2.69,,,10.76,20053062,Hrana,"2,69"
Mješavina gljiva SK1,6006955,0.3,"250g,350g",Deluxe,2.69,,,10.76,20053086,Hrana,"2,69"
Quartirolo Lombardo DOP,6007297,0.25,250g,Italiamo,2.09,,,8.36,20053499,Hrana,"2,09"
Vital kapsule,5701142,0.023,45komad,Optisana,3.99,,,0.09,20425937,Hrana,"3,99"
Mlijeèni desert vanil. i èoko. SK3,5701233,0.135,"130g,140g",Sol&Mar,1.59,,,11.36,20705534,Hrana,"1,59"
Osvježivaè za auto SK1,5702896,0.005,6ml,W5,1.29,,,215,20037529,Sredstva za èišæenje,"1,29"
Sušene rajèice u suncokretovom ulju,5704946,0.19,212ml,Deluxe,1.59,,,7.5,4056489256922,Hrana,"1,69"
Turón Fuet SK4,5706368,0.16,160g,Deluxe,1.99,,,12.44,4056489871453,Hrana,"1,99"
Turón Fuet SK4,5706368,0.16,160g,Deluxe,1.99,,,12.44,4056489871460,Hrana,"1,99"
Sladoled u posudici SK12,5707130,0.5,500g,Sol&Mar,3.19,,,6.38,4056489634812,Hrana,"3,99"
Nivea Dezodorans SK1,6906413,0.092,150ml,,3.95,,,26.33,4005808727056,Kozmetika,"3,95"
Nivea Dezodorans SK1,6906413,0.092,150ml,,3.95,,,26.33,4005808734528,Kozmetika,"3,95"
Nivea Dezodorans SK1,6906413,0.092,150ml,,3.95,,,26.33,9005800365749,Kozmetika,"3,95"
Somersby Mango Cider,6906415,0.5,"0,5l",,1.78,,,3.56,3858887584185,Piæe,"1,69"
Ornel Omekšivaè Flower G. 150 pr.,6906445,3.75,"3,75l",,4.25,,,1.13,3850105177322,Sredstva za èišæenje,"4,25"
Cedevita Instant napitak Limun,6906474,0.9,900g,,6.69,,,7.43,3850322015001,Piæe,"6,39"
Cedevita Instant napitak naranèa,6906475,0.9,900g,,6.69,,,7.43,3850322014981,Piæe,"6,39"
Cedevita Instant napitak SK1,6906479,0.9,900g,,6.69,,,7.43,3850322015063,Piæe,"6,39"
Cedevita Instant napitak SK1,6906479,0.9,900g,,6.69,,,7.43,3850322016626,Piæe,"6,39"
Kuhinjski ubrusi 4x50 listiæa 2-sl.,6906522,0.397,4x50Blatt,Floralys,1.39,,,0.35,4056489610960,Toaletne potrepštine,"1,29"
Mini JAP SK2,6906540,0.097,100ml,Alliance,1.29,,,12.9,20254773,Piæe,"1,19"
Jana voda s okusom voæa Lim.-limeta,6906549,1.55,"1,5l",,1.59,,,1.06,3858884600819,Piæe,"1,59"
"Le Coq Cocktail Blue Lagoon 4,7%",6906608,0.33,330ml,,1.19,,,3.61,4740098002918,Piæe,"1,52"
"Le Coq Cocktail Blue Lagoon 4,7%",6906608,0.33,330ml,,1.19,,,3.61,4740098090601,Piæe,"1,52"
Tvrdi sir dozreli u vinu Teran,6906632,0.3,300g,Deluxe,5.75,,,19.17,4052917563563,Hrana,"7,19"
Tvrdi sir dozreli u vinu Teran,6906632,0.3,300g,Deluxe,5.75,,,19.17,4056489611042,Hrana,"7,19"
PPK Šunka u ovitku,6906718,0.4,400g,,2.65,,,6.63,3858881618237,Hrana,"2,65"
Toaletni papir 3-sloja,6907011,0.801,12x120Blatt,Floralys,2.49,,,0.21,4056489611325,Toaletne potrepštine,"2,19"
BO Somun send. s pur. šun. i sirom ,6907018,0.16,160g,,,0.85,1.29,5.31,3858893941859,Hrana,"1,29"
Tilzit,6907022,0.5,500g,,3.49,,,6.98,3859894087010,Hrana,"3,99"
Kuhinjski ubrusi Maxi rola 2-slojni,6907036,0.495,300Blatt,Floralys,1.59,,,1.59,4056489611424,Toaletne potrepštine,"1,59"
Toaletni papir XXL 3-sloja,6907037,1.804,24x120Blatt,Floralys,4.49,,,0.19,4056489611417,Toaletne potrepštine,"4,69"
BADEL Domaæi 35%,6907061,0.1,"0,1l",,1.69,,,16.9,3850112142146,Piæe,"1,69"
Arf Cream Tekuæi abraziv SK1,6907145,0.4,400ml,,2.15,,,5.38,3850105181596,Sredstva za èišæenje,"2,15"
Rexona Dezodorans SK1,6907181,0.15,150ml,,4.69,,,31.27,8717644585337,Kozmetika,"4,69"
Nivea Krema protiv bora+duopack SK1,6907201,0.106,2x50ml,,8.99,,,89.9,9005800357881,Kozmetika,"8,99"
Annyer Revital Šampon kop./bre. SK2,6907210,0.3,300ml,,2.25,,,7.5,3850177005509,Kozmetika,"2,25"
Vincinni Èokoladna torta,6907236,0.4,400g,,2.65,,,6.63,5310345008667,Hrana,"2,65"
Istarska panceta narezak,6907237,0.1,100g,Okusi zavièaja,2.99,,,29.9,4056489611783,Hrana,"2,99"
Sok od naranèe 100%,6407894,0.2,"0,2l",Solevita,0.65,,,3.25,4056489158790,Piæe,"0,65"
Bio keksi za djecu,6409206,0.15,150g,Lupilu,0.99,,,6.6,4056489336969,Hrana,"0,99"
"Jaja, M razred, 30kom",6409885,1.59,30komad,,6.99,,,0.23,5999887122156,Hrana,Nije_bilo_u_prodaji_02.05.2025
BO Pogaèa sa sirom,6410263,0.077,77g,,0.55,,,7.14,4052917331032,Hrana,"0,49"
BO Pogaèa sa sirom,6410263,0.077,77g,,0.55,,,7.14,4052917834724,Hrana,"0,49"
Goldenfood File paèjih prsa,6410893,1,"ca0,4-0,6kg",,10.99,,,10.99,2898030000000,Hrana,"9,99"
Goldenfood File paèjih prsa,6410893,1,"ca0,4-0,6kg",,10.99,,,10.99,2898039000000,Hrana,"9,99"
Goldenfood Svj. paèji batak-zabatak,6410895,1,"ca0,4-0,6kg",,8.99,,,8.99,2898050000000,Hrana,"8,99"
Goldenfood Svj. paèji batak-zabatak,6410895,1,"ca0,4-0,6kg",,8.99,,,8.99,2898052000000,Hrana,"8,99"
Goldenfood Svj. paèji batak-zabatak,6410895,1,"ca0,4-0,6kg",,8.99,,,8.99,2898056000000,Hrana,"8,99"
Sok od ananasa 100%,6411125,1,1l,Solevita,2.49,,,2.49,4056489500735,Piæe,"2,15"
"Kuhano vino s rumom 14,5%Vol.",6500200,0.75,750ml,Deluxe,3.79,,,5.05,4056489835479,Piæe,"4,79"
Haringa SK1,6512117,0.26,260g,Ocean Sea,2.19,,,8.42,4056489834069,Hrana,Nije_bilo_u_prodaji_02.05.2025
Mješavina za peèenje keksa SK5,0146463,0.18,180g,Belbake,1.59,,,8.83,4056489104681,Hrana,"1,19"
Nola upaljaè,0146648,0.053,1komad,,1.15,,,1.15,4004753045468,Proizvodi za kuæanstvo,"1,15"
Zaèinsko ulje s tartufima,0147186,0.229,250ml,Deluxe,5.99,,,23.96,4056489122968,Hrana,"5,99"
Èokoladne dekoracije SK1,0147652,0.041,"34g,40g,48g",Belbake,1.79,,,43.66,20696962,Hrana,"1,79"
Èokoladne dekoracije SK1,0147652,0.041,"34g,40g,48g",Belbake,1.79,,,43.66,4056489139744,Hrana,"1,79"
Crveni škampi CSO,0148113,0.4,400g,Deluxe,7.59,,,18.98,20579661,Hrana,"7,59"
Èaj u piramida vreæicama UTZ SK47,0143058,0.038,"20x1,4g,20x1,8g",Deluxe,1.99,,,1.99,20410315,Piæe,"1,99"
Èaj u piramida vreæicama UTZ SK47,0143058,0.038,"20x1,4g,20x1,8g",Deluxe,1.99,,,1.99,20410322,Piæe,"1,99"
Vreæice za led SK2,0143080,0.058,20komad,Aromata,0.69,,,0.03,20155216,Proizvodi za kuæanstvo,"0,89"
Pan. pil. innerfile Cornf. panada,6904316,1,ca.500g,Gourmet,9.25,,,9.25,2835162000000,Hrana,"9,25"
Pan. pil. innerfile Cornf. panada,6904316,1,ca.500g,Gourmet,9.25,,,9.25,2835167000000,Hrana,"9,25"
BO Domaæa pogaèa,6904332,0.3,300g,,,0.65,0.99,2.17,3859893442575,Hrana,"0,99"
Drveni ugljen za roštilj,6904364,2.5,"2,5kg",,2.89,,,1.16,3859888141254,Proizvodi za kuæanstvo,"3,49"
Cedevita Fresh SK1,6904371,0.34,340ml,,1.19,,,3.5,3850322013380,Piæe,"1,12"
"Mombasa Club Gin Strawb. Edit 37,5%",6904389,0.7,"0,7l",,17.99,,,25.7,8437011284082,Piæe,"16,19"
"Dimljena šunka s kosti, cca. 6kg",6904437,1,ca. 6kg,Pikok,5.49,,,5.49,2845190000000,Hrana,"4,89"
"Dimljena šunka s kosti, cca. 6kg",6904437,6,ca. 6kg,Pikok,5.49,,,5.49,2845195000000,Hrana,"4,89"
VGuard dezinfekcijski spray 2u1,6904439,0.1,100ml,,1.89,,,18.9,3858891051963,Kozmetika,"1,89"
Premium sladoled SK11,0133116,0.427,500ml,Gelatelli,4.49,,,8.98,20091972,Hrana,"3,99"
Euka-Mentol bomboni,0133241,0.3,300g,Amanie,1.09,,,3.63,40879260,Hrana,"1,19"
Gumeni bomboni - voæni,0133244,0.3,300g,Sweet Corner,1.79,,,5.97,40879291,Hrana,"1,79"
Hrana za pse SK4,0133276,0.4,400g,Orlando Gourmet,1.39,,,3.48,4056489655909,Proizvodi za kuæanstvo,"1,39"
Svježi zrnati sir XXL SK2,0133625,0.3,300g,Milbona,1.69,,,5.63,20994945,Hrana,"1,69"
"Farmer Cookies SK42, UTZ",0134287,0.21,210g,Sondey,2.29,,,10.9,20301804,Hrana,"2,29"
Èokoladne pahuljice XXL SK5,0134430,0.9,900g,Crownfield,3.99,,,4.43,4056489021469,Hrana,"3,99"
Sprej za sunèanje ZF 30,0134608,0.201,200ml,Cien Sun,4.99,,,24.95,4335619130548,Kozmetika,"5,99"
Prosecco Spumante Magnum,0134690,1.5,"1,5l",Allini,9.99,,,6.66,4056489436379,Piæe,"9,99"
Njegujuæe ulje za bebe,0135051,0.276,300ml,Lupilu,2.69,,,8.97,4056489241850,Kozmetika,"2,69"
Ukrasna vreæica 32x26x12cm,6906786,0.08,1komad,,1.45,,,1.45,3856023029545,Proizvodi za kuæanstvo,"1,45"
Ukrasna vreæica 32x26x12cm,6906786,0.08,1komad,,1.45,,,1.45,3856023029569,Proizvodi za kuæanstvo,"1,45"
Ukrasna vreæica 32x26x12cm,6906786,0.08,1komad,,1.45,,,1.45,3856023049567,Proizvodi za kuæanstvo,"1,45"
Ukrasna vreæica 32x26x12cm,6906786,0.08,1komad,,1.45,,,1.45,3856023049659,Proizvodi za kuæanstvo,"1,45"
Ukrasna vreæica 32x26x12cm,6906786,0.08,1komad,,1.45,,,1.45,3856023060531,Proizvodi za kuæanstvo,"1,45"
Ukrasna vreæica vinska 39x12x9cm,6906787,0.045,1komad,,0.99,,,0.99,3856023027817,Proizvodi za kuæanstvo,"1,25"
Aranžman Klimt,6906797,0.8,1komad,,11.94,,,11.94,3858892743935,Proizvodi za kuæanstvo,"11,94"
Buèino ulje,6906840,0.46,"0,5l",Okusi zavièaja,8.79,,,17.58,4056489611158,Hrana,"8,79"
Cvijet/Gipsofila SK4,6906874,0.06,1komad,,1.99,,,1.99,3856023050303,Proizvodi za kuæanstvo,Nije_bilo_u_prodaji_02.05.2025
ZG vreæica Vreæice za smeæe 10l,6906895,0.155,10komad,,2.64,,,0.26,3858886768746,Proizvodi za kuæanstvo,"2,64"
Violeta Papirnati ruènik Maxi rola,6906917,0.485,1komad,,2.29,,,2.29,3858893660620,Toaletne potrepštine,"2,49"
Pileæi mini file s umakom,5523894,0.4,400g,-,4.99,,,12.48,5902487122488,Hrana,"4,49"
Det. za ruèno pranje posuða SK9,5525905,1.025,1l,-,1.09,,,1.09,4056489811282,Sredstva za èišæenje,"1,09"
Sreds. za pranje posuða balsam SK1,5528497,0.51,500ml,W5,0.99,,,1.98,4056489259848,Sredstva za èišæenje,"0,99"
"Crni èaj Selection SK1, 40x1,5g",5528847,0.073,"40x1,5g,40x2g",Lord Nelson,1.19,,,19.83,4056489261391,Piæe,"1,19"
Arapska i latinoameri. tortilla SK1,5530970,0.25,250g,Chef Select,2.59,,,10.36,4056489283560,Hrana,"2,59"
Arapska i latinoameri. tortilla SK1,5530970,0.25,250g,Chef Select,2.59,,,10.36,4335619142701,Hrana,"2,59"
Vlažni bioraz. toaletni papir SK1  ,5531980,0.2,60komad,Floralys,0.79,,,0.01,4056489284550,Proizvodi za kuæanstvo,"0,79"
Univ. bio. vl. maram. za èiš. SK1,5532381,0.476,80komad,W5,1.99,,,0.02,4056489302094,Proizvodi za kuæanstvo,"1,99"
Univ. bio. vl. maram. za èiš. SK1,5532381,0.476,80komad,W5,1.99,,,0.02,4056489302100,Proizvodi za kuæanstvo,"1,99"
"Pureæi filet XXL, cca. 1-1,5 kg",5533555,1,"ca.1-1,5kg",RZEZNIK,8.19,,,8.19,2835551000000,Hrana,"7,75"
"Pureæi filet XXL, cca. 1-1,5 kg",5533555,1,"ca.1-1,5kg",RZEZNIK,8.19,,,8.19,2835556000000,Hrana,"7,75"
"Pureæi filet XXL, cca. 1-1,5 kg",5533555,1,"ca.1-1,5kg",RZEZNIK,8.19,,,8.19,2894250000000,Hrana,"7,75"
"Pureæi filet XXL, cca. 1-1,5 kg",5533555,1,"ca.1-1,5kg",RZEZNIK,8.19,,,8.19,2894251000000,Hrana,"7,75"
Bob Snail voæne rolice SK6,5538170,0.03,30g,,1.19,,,1.19,4820162520309,Hrana,"1,19"
Bob Snail voæne rolice SK6,5538170,0.03,30g,,1.19,,,1.19,4820162520316,Hrana,"1,19"
Lovaèka kobasica,5538326,0.25,250g,Kuljanka,2.49,,,9.96,4056489445395,Hrana,"2,49"
Uskršnje jaje s punjenjem SK1,5543310,0.144,144g,Favorina,2.49,,,17.29,4056489584551,Hrana,"2,49"
Mlijeèna èokolada s nadjevom SK6,5545795,0.1,100g,,0.86,,,8.6,5905858676283,Hrana,"1,29"
"Tjest. s umakom, pire krumpir SK2",5547537,0.051,"50g,51g",Kania,1.19,,,23.8,4056489717300,Hrana,Nije_bilo_u_prodaji_02.05.2025
"Tjest. s umakom, pire krumpir SK2",5547537,0.051,"50g,51g",Kania,1.19,,,23.33,4056489717317,Hrana,Nije_bilo_u_prodaji_02.05.2025
Sir Böreklik Combi,0186982,0.8,800g,Milbona,5.49,,,6.86,4056489808664,Hrana,"4,99"
Bio super hrana u prahu SK2,0187590,0.178,"150g,200g",Optisana,4.99,,,33.27,4056489816928,Hrana,"4,99"
Zaèini u kartonskoj tubi SK1,0188136,0.051,"43g,50g,60g",Kania,1.99,,,33.17,4056489908500,Hrana,Nije_bilo_u_prodaji_02.05.2025
Zaèini u kartonskoj tubi SK1,0188136,0.051,"43g,50g,60g",Kania,1.99,,,46.28,4056489908517,Hrana,Nije_bilo_u_prodaji_02.05.2025
Zaèini u kartonskoj tubi SK1,0188136,0.051,"43g,50g,60g",Kania,1.99,,,33.17,4056489908517,Hrana,Nije_bilo_u_prodaji_02.05.2025
Zaèini u kartonskoj tubi SK1,0188136,0.051,"43g,50g,60g",Kania,1.99,,,46.28,4056489908524,Hrana,Nije_bilo_u_prodaji_02.05.2025
Gyoza SK2,0188471,0.15,150g,Vitasia,2.09,,,13.93,4056489826767,Hrana,"2,09"
Kremasti gel za tuširanje SK1,0188543,0.412,400ml,Cien,0.99,,,2.48,4056489827160,Kozmetika,"0,99"
Obiteljski šampon SK2,0189434,1.03,1l,Cien,1.59,,,1.59,4056489845331,Kozmetika,"1,39"
Quatro èokolada,0189575,0.9,1650ml,Ballino,4.19,,,2.54,4056489846277,Hrana,"4,19"
Mediteranski zaèini SK2,0189653,0.027,"16g,27g,28g,30g,35g",Italiamo,1.59,,,56.79,20046378,Hrana,"1,59"
Mediteranski zaèini SK2,0189653,0.027,"16g,27g,28g,30g,35g",Italiamo,1.59,,,53,20046378,Hrana,"1,59"
Mediteranski zaèini SK2,0189653,0.027,"16g,27g,28g,30g,35g",Italiamo,1.59,,,58.89,20046385,Hrana,"1,59"
Bio Veganski namaz za kruh SK10,0189673,0.18,180g,Vemondo,2.19,,,12.17,4056489846888,Hrana,Nije_bilo_u_prodaji_02.05.2025
"Baby blazinice, 100% pamuk",0190190,0.171,80komad,Lupilu,2.25,,,0.03,4056489848974,Toaletne potrepštine,"2,25"
WC Gel s aplikatorom SK2,0190272,0.075,75ml,W5,1.99,,,26.53,4056489185093,Sredstva za èišæenje,"2,29"
Šeæerna dekoracija SK32,0190290,0.015,"11g,16g,18g",Belbake,1.99,,,1.99,4056489442271,Hrana,"1,99"
High Protein riža na mlijeku SK1,0191691,0.2,200g,Milbona,0.99,,,4.95,4056489857358,Hrana,"0,99"
High Protein riža na mlijeku SK1,0191691,0.2,200g,Milbona,0.99,,,4.95,4056489857365,Hrana,"0,99"
Gliter za kolaèe SK1,0192645,0.1,100g,Belbake,3.49,,,34.9,4056489865629,Hrana,"3,29"
Šeæerna dekoracija Uskrs SK33,0192649,0.027,"11g,12g,16g,25g,4x25g",Belbake,1.99,,,180.91,4056489442264,Hrana,"1,99"
Šeæerna dekoracija Uskrs SK33,0192649,0.027,"11g,12g,16g,25g,4x25g",Belbake,1.99,,,165.83,4056489442264,Hrana,"1,99"
Šeæerna dekoracija Uskrs SK33,0192649,0.027,"11g,12g,16g,25g,4x25g",Belbake,1.99,,,165.83,4056489865643,Hrana,"1,99"
Premium omekšivaè SK2,0193135,1.65,1.65l,Doussy,2.49,,,1.51,4056489870838,Sredstva za èišæenje,Nije_bilo_u_prodaji_02.05.2025
Margherita obiteljska pizza,0193166,1.2,3x400g,Trattoria Alfredo,6.49,,,5.41,20822378,Hrana,6.49
"Bio kašica mlj. meso, kru., povræe",0193597,0.19,190g,Lupilu,0.95,,,5,4056489882176,Hrana,"0,95"
Kokteli 15% SK1,0193932,0.684,0.700l,,5.49,,,7.84,4304493268999,Piæe,"5,49"
Uskršnje dekoracije SK2,0194164,0.123,"120g,130g",Belbake,2.49,,,20.75,4335619104914,Hrana,"2,49"
Umak od Kikirikija,0194806,0.185,185g,Vitasia,1.49,,,8.05,4056489893660,Hrana,"1,49"
Povrtni nuggets SK1,0194897,0.25,250g,Vemondo,2.39,,,9.56,4056489893967,Hrana,"2,39"
Univerzalna krpa od mikrovla. SK10,0085302,0.063,"2komad,3komad",W5,1.56,,,0.52,20431846,Proizvodi za kuæanstvo,"2,35"
Univerzalna krpa od mikrovla. SK10,0085302,0.063,"2komad,3komad",W5,1.56,,,0.52,20431860,Proizvodi za kuæanstvo,"2,35"
Univerzalna krpa od mikrovla. SK10,0085302,0.063,"2komad,3komad",W5,1.56,,,0.52,4056489754459,Proizvodi za kuæanstvo,"2,35"
Univerzalna krpa od mikrovla. SK10,0085302,0.063,"2komad,3komad",W5,1.56,,,0.78,4056489920557,Proizvodi za kuæanstvo,"2,35"
Èips s okusom slanine/èešnjaka SK1,0085314,0.15,150g,Snack Day,0.99,,,6.6,20328399,Hrana,"0,99"
Tlaèenica,6907893,0.3,300g,Okusi zavièaja,2.39,,,7.97,4056489925330,Hrana,"2,39"
"Svježa lignja, oèišæena",6907918,0.4,400g,Naša ribarnica,9.99,,,24.98,4056489925347,Hrana,"9,99"
Prime Napitak Tropical Punch,6907947,0.53,"0,5l",,2.19,,,4.38,4262358180490,Piæe,"2,19"
Podravka Džem od šipka,6907952,0.67,670g,,2.79,,,4.16,3856020252243,Hrana,"2,79"
Andro Panceta,6907954,0.5,500g,,7.99,,,15.98,3858892822265,Hrana,"7,99"
Sorger Mini kobasice SK1,6907961,0.08,80g,,1.99,,,24.88,9002055004546,Hrana,"1,99"
Podravka Velebitski èaj,6907979,0.03,30g,,1.89,,,1.89,3856020233952,Piæe,"1,59"
Podravka Dinarski èaj,6907980,0.03,30g,,1.89,,,1.89,3856020233983,Piæe,"1,59"
Podravka Krem juha od šparoga,6908008,0.055,55g,,0.99,,,18,3850104274633,Hrana,"0,99"
Podravka Krem juha od brokule,6908009,0.057,57g,,0.99,,,17.37,3850104274589,Hrana,"0,99"
Vlažni toaletni papir biorazgradivi,6908058,0.45,100komad,Floralys,0.99,,,0.01,4056489925545,Proizvodi za kuæanstvo,"0,99"
Hipp Voæna pl. ban. i jab. s mal.,6908094,0.023,23g,,1.05,,,1.05,4062300446069,Hrana,"1,05"
Premium Ajvar blagi,6908110,0.53,530g,Kania,4.99,,,9.42,4056489925576,Hrana,"4,99"
Kraš Kolumbo èokolada,6908146,0.1,100g,,2.59,,,25.9,3850102521845,Hrana,"2,59"
PIK Vrbovec Natur trajna kobasica,6908155,0.08,80g,,1.99,,,24.88,3850139282160,Hrana,"1,99"
Èips paprika,6908188,0.06,60g,Snack Day,0.59,,,9.83,4056489925699,Hrana,Nije_bilo_u_prodaji_02.05.2025
"Pure Milk Voæni jogurt marel. 3,2%",6908201,0.15,150g,,0.29,,,1.93,5998200571251,Hrana,"0,29"
Durex Kondomi SK1,6908219,0.019,6komad,,5.99,,,1,5997321774916,Toaletne potrepštine,"5,99"
Jabuka zelena 2kg,0080192,2,2kg,,2.19,,,1.1,20241896,Hrana,"1,99"
Kruška rinfuza,0080275,1,1kg,,1.99,,,1.99,4056489919711,Hrana,"2,49"
Kruška 1kg,0080281,1,1kg,,1.89,,,1.89,4335619014510,Hrana,"2,19"
"Grožðe bijelo 500g, bez koštica",0080505,0.5,500g,,2.49,,,4.98,7750619001266,Hrana,"2,19"
"Grožðe bijelo 500g, bez koštica",0080505,0.5,500g,,2.49,,,4.98,7754171000026,Hrana,"2,19"
"Grožðe bijelo 500g, bez koštica",0080505,0.5,500g,,2.49,,,4.98,7908046701451,Hrana,"2,19"
"Grožðe bijelo 500g, bez koštica",0080505,0.5,500g,,2.49,,,4.98,8718858743643,Hrana,"2,19"
Šipak,0080646,0.387,1komad,,0.69,,,0.69,20558314,Hrana,"1,49"
Mango ready to eat,0080715,1,2komada,,2.79,,,2.79,20657178,Hrana,"2,99"
Malina 200g,0080837,0.2,200g,,3.29,,,16.45,8717496046246,Hrana,Nije_bilo_u_prodaji_02.05.2025
"Jabuka crvena, Crveni delišes",0081277,1,1kg,,1.69,,,1.69,4056489919827,Hrana,"1,39"
Bio banana,0081500,1,1kg,,1.99,,,1.99,4335619068865,Hrana,"1,99"
Bio avokado,0081672,0.292,2komad,,2.29,,,2.29,20515102,Hrana,"2,49"
Povræe za juhu,0082335,0.65,650g,,1.69,,,2.6,20447939,Hrana,Nije_bilo_u_prodaji_02.05.2025
Rajèica mini grappolo,0082388,0.5,500g,,2.49,,,4.98,20295769,Hrana,"2,49"
Rajèica roma 500g,0082446,0.5,500g,,1.69,,,3.38,20242121,Hrana,"1,59"
Mrkva žuta 500g,0082737,0.5,500g,,2.49,,,4.98,20979195,Hrana,"0,93"
Cheddar SK3,5208562,0.3,300g,Deluxe,4.99,,,16.63,20954208,Hrana,"3,05"
Ribani sir SK5,5219448,0.25,250g,Hatherwood,4.24,,,16.96,4056489354406,Hrana,Nije_bilo_u_prodaji_02.05.2025
"Jako pivo 7,2%",5500395,0.5,"0,5l",Argus,0.95,,,1.9,4056489877738,Piæe,"1,09"
Aluminijska folija 10 µ,5501064,0.144,1komad,Aromata,2.29,,,2.29,20980733,Proizvodi za kuæanstvo,"2,29"
Tonik,5501198,2.077,2l,Freeway,1.45,,,0.73,4056489585718,Piæe,"1,39"
Naturel mini integralni dvopek,6907309,0.12,120g,,1.39,,,11.58,3858889361586,Hrana,"1,39"
Corny Müsli ploèica 3 komada,6907327,0.15,150g,,2.49,,,16.6,3856027800478,Hrana,"2,49"
Lino Keksolino kakao keksiæi,6907350,0.14,140g,,1.69,,,12.07,3856020254827,Hrana,"1,69"
Lino Pillows Milk,6907362,0.7,700g,,4.59,,,6.56,3856020262730,Hrana,"4,19"
Illy Kava Moka,6907406,0.25,250g,,7.49,,,29.96,8003753915050,Piæe,"6,99"
Campari,6907409,0.7,"0,7l",,16.69,,,23.84,8000040001106,Piæe,"15,29"
Sirutka,6907438,1,1kg,Pilos,0.79,,,0.79,4056489612339,Hrana,"0,69"
Svježi pagar,6907487,1,ca. 500g,Naša ribarnica,14.99,,,14.99,2144381000000,Hrana,"11,99"
Svježi pagar,6907487,1,ca. 500g,Naša ribarnica,14.99,,,14.99,2144382000000,Hrana,"11,99"
Svježi pagar,6907487,1,ca. 500g,Naša ribarnica,14.99,,,14.99,2144384000000,Hrana,"11,99"
Svježi pagar,6907487,1,ca. 500g,Naša ribarnica,14.99,,,14.99,2896376000000,Hrana,"11,99"
Svježi škampi,6907488,0.4,400g,Naša ribarnica,6.99,,,17.48,4056489612285,Hrana,Nije_bilo_u_prodaji_02.05.2025
z bregov Mileram 22% m.m.,6907504,0.4,400g,,2.49,,,6.23,3850108036442,Hrana,"2,39"
Lino Èokolino Dark,6907562,0.35,350g,,4.49,,,12.83,3856020262815,Hrana,"5,59"
Craft Istarska Kobasica,6907580,0.32,320g,Okusi zavièaja,3.39,,,10.59,4056489925071,Hrana,"4,49"
BO Kruh Hrskavo zlato,6907625,0.42,420g,,,1.09,1.59,2.6,3859892466688,Hrana,"1,19"
Palmolive Tekuæi sapun SK1,6907657,0.519,500ml,,2.99,,,5.98,8003520039545,Kozmetika,"2,99"
PIP Propolis Plus sprej,6907710,0.02,20ml,,4.95,,,247.5,3858886101369,Hrana,"4,95"
Helena Sapun od kozjeg mlijeka SK1,6907803,0.105,105g,,3.55,,,33.81,3859893988011,Kozmetika,"3,55"
"'z bregov Svježe mlijeko 3,2% m.m.",6901020,1.75,"1,75l",,2.42,,,1.38,3850108011760,Hrana,"2,42"
Tekuæi jogurt jagoda-vanilija,6901217,1,1kg,Pilos,1.99,,,1.99,20539917,Hrana,"1,99"
Tuš za oèi SK3 ,0120329,0.006,1komad,Cien Beauty,2.35,,,2.35,20066468,Kozmetika,"2,35"
Tuš za oèi SK3 ,0120329,0.006,1komad,Cien Beauty,2.35,,,2.35,20066475,Kozmetika,"2,35"
Ekstra džem SK2,0120762,0.45,450g,Alpenfest,2.79,,,6.2,20991166,Hrana,"2,59"
Inzolia IGP Terre Siciliane,0121030,0.75,"0,75l",CORTE AURELIO,2.69,,,3.59,4056489737780,Piæe,"2,69"
Gumeni bomboni tropski mix,0121650,0.3,300g,Sugarland,1.79,,,5.97,20358709,Hrana,"1,79"
Tvrdi biljni bomboni bez šeæera SK9,0121723,0.125,125g,Alpenfest,1.59,,,12.72,20782238,Hrana,"1,49"
Tartufo sladoled SK2,0180023,0.18,2x90g,Italiamo,2.29,,,12.72,4056489817536,Hrana,"2,29"
"Ulošci s Aloe Vera, SK1",0180483,0.167,"20komad,24komad,28komad",Siempre,2.09,,,0.07,4056489713586,Toaletne potrepštine,"2,09"
"Ulošci s Aloe Vera, SK1",0180483,0.167,"20komad,24komad,28komad",Siempre,2.09,,,0.1,4056489726333,Toaletne potrepštine,"2,09"
Picco Pizzi SK18,0181061,0.36,360g,Let's have a party!,3.29,,,9.14,4056489724179,Hrana,Nije_bilo_u_prodaji_02.05.2025
Osvj. prostora gel perle SK1,0181540,0.11,110g,Air by W5,1.59,,,14.45,4335619105577,Sredstva za èišæenje,1.59
Neo kakao keksi s kre. od van.,0181707,0.18,180g,Sondey,1.39,,,7.72,4056489733645,Hrana,"1,29"
Univerzalno sred. za èišæenje SK3,0181718,1.5,"1,5l",W5,1.89,,,1.89,4335619302143,Sredstva za èišæenje,Nije_bilo_u_prodaji_02.05.2025
Univerzalno sred. za èišæenje SK3,0181718,1.5,"1,5l",W5,1.89,,,1.89,4335619353312,Sredstva za èišæenje,Nije_bilo_u_prodaji_02.05.2025
BO Pinky Donut,0182154,0.055,"55,4g",,0.59,,,10.65,4056489737902,Hrana,Nije_bilo_u_prodaji_02.05.2025
Svježi sok od naranèe XXL,0183888,1.303,"1,25l",Solevita,3.79,,,3.03,4304493268364,Hrana,"3,69"
BO Krafna u obliku srca,0184002,0.072,72g,,0.59,,,8.19,4056489758808,Hrana,"0,59"
Proteinska èok. bez dodanog šeæera,0184204,0.09,90g,Fin Carré,2.79,,,31,4056489762720,Hrana,"2,79"
Kapsule za kavu karamela,0185266,0.058,58g,Bellarom,2.29,,,39.48,4056489787044,Piæe,"2,29"
Leone sladoled SK1,0185400,0.52,4x130ml,,2.99,,,5.75,3830083670978,Hrana,Nije_bilo_u_prodaji_02.05.2025
Leone sladoled SK1,0185400,0.52,4x130ml,,2.99,,,5.75,3830083670985,Hrana,Nije_bilo_u_prodaji_02.05.2025
Sladoled SK92,0185764,0.508,1000ml,Bon Gelati,3.49,,,3.49,4056489436959,Hrana,"3,49"
"Gold Pils 4,9%",0185800,3.017,"6x0,5l",Perlenbacher,5.69,,,1.9,4056489789529,Piæe,"5,69"
Losos u lisnatom tijestu SK1,0166719,0.7,700g,Deluxe,10.99,,,15.7,4056489490913,Hrana,"8,09"
Hummus XXL SK1,0167094,0.3,300g,Chef Select,1.39,,,4.63,4009017189001,Hrana,"1,39"
Hummus XXL SK1,0167094,0.3,300g,Chef Select,1.39,,,4.63,4056489447191,Hrana,"1,39"
Kapsule za kavu Macchiato XXL RFA,0167109,0.582,3x194g,Bellarom,10.99,,,18.88,4056489494744,Piæe,"11,99"
Zeleni èaj UTZ SK22,0167574,0.044,"25x1,75g",Lord Nelson,1.59,,,1.59,4056489431282,Piæe,"1,29"
Tortilla XXL,0167774,0.74,740g,Tastino,2.29,,,3.09,4056489918196,Hrana,"2,29"
Krema za ruke SK1,0168553,0.101,100ml,Cien,1.1,,,11,4056489526742,Kozmetika,"1,15"
Windel Adventski kalendar SK15,0130060,0.075,75g,,1.78,,,23.73,4006613002093,Hrana,"1,06"
Windel Adventski kalendar SK15,0130060,0.075,75g,,1.78,,,23.73,4006613002291,Hrana,"1,06"
Kobasica XXL,0130126,0.5,500g,Grillmeister,4.99,,,9.98,20950415,Hrana,"4,99"
Petit Brie,0130224,0.5,500g,Duc de Coeur,5.59,,,11.18,20867072,Hrana,"5,59"
Chicken Nuggets s umakom,0130339,0.3,300g,-,3.49,,,11.63,20951337,Hrana,"3,49"
Sladoled bourbon vanilija,0130549,1.25,2500ml,Bon Gelati,4.99,,,2,20810382,Hrana,"4,75"
Grickalice za pse SK1,0130809,0.16,"100g,150g,200g",Orlando,0.89,,,8.9,20971571,Proizvodi za kuæanstvo,"0,89"
Grickalice za pse SK1,0130809,0.16,"100g,150g,200g",Orlando,0.89,,,5.93,20971588,Proizvodi za kuæanstvo,"0,89"
Grickalice za pse SK1,0130809,0.16,"100g,150g,200g",Orlando,0.89,,,4.45,20971595,Proizvodi za kuæanstvo,"0,89"
Double burger SK1,0130913,0.3,300g,MCENNEDY,3.39,,,11.3,20974954,Hrana,"2,69"
Sigurnosni štapiæi za uši,0130996,0.034,72komad,Lupilu Nature,0.85,,,0.01,20975210,Toaletne potrepštine,"0,85"
Podloga za prematanje,0130998,0.5,10komad,Lupilu,3.29,,,0.33,20975241,Toaletne potrepštine,"3,19"
"Paulaner Svijetlo pivo 4,9%",6903573,0.5,"0,5l",,1.78,,,3.56,4066600211815,Piæe,"1,78"
"Paulaner Svijetlo pivo 4,9%",6903573,0.5,"0,5l",,1.78,,,3.56,4066600601111,Piæe,"1,78"
Duracell Basic K5 SK2,6903598,0.095,5komad,,6.49,,,1.3,5000394160651,Proizvodi za kuæanstvo,"6,49"
Argeta Mesna pašteta SK1,0001041,0.095,95g,,1.49,,,15.68,3838471040686,Hrana,"1,39"
Argeta Mesna pašteta SK1,0001041,0.095,95g,,1.49,,,15.68,3838975567030,Hrana,"1,39"
Napitak od voæa s kolagenom,0207137,0.776,"0,75l",Solevita,2.29,,,3.05,4304493270572,Hrana,"2,29"
Mesne okruglice SK1,0207695,0.2,200g,MCENNEDY,3.19,,,15.95,4335619030275,Hrana,Nije_bilo_u_prodaji_02.05.2025
Mesne okruglice SK1,0207695,0.2,200g,MCENNEDY,3.19,,,15.95,4335619030282,Hrana,Nije_bilo_u_prodaji_02.05.2025
Proljetne rolice XXL SK1,0208195,0.6,600g,Chef Select,3.39,,,5.65,4335619032644,Hrana,Nije_bilo_u_prodaji_02.05.2025
Podloga za prematanje,0208509,1,20komad,Lupilu,6.29,,,0.31,4335619036857,Toaletne potrepštine,Nije_bilo_u_prodaji_02.05.2025
"Trajno mlijeko bez laktoze 2,8%m.m",0208604,1.03,1l,Pilos,1.49,,,1.49,4335619037380,Hrana,Nije_bilo_u_prodaji_02.05.2025
Prutiæi za pse SK6,0209887,0.176,16x11g,Orlando,2.29,,,13.01,4056489915201,Proizvodi za kuæanstvo,2.19
Namaz od badema 100%,0211044,0.25,250g,Maribel,5.99,,,23.96,4335619062771,Hrana,Nije_bilo_u_prodaji_02.05.2025
Halloween Snack SK3,0211566,0.1,100g,Halloween,1.59,,,15.9,4335619285439,Hrana,Nije_bilo_u_prodaji_02.05.2025
"Käsewelt gouda, cca.3kg",0211915,1,ca. 3kg,,5.99,,,5.99,2802210000000,Hrana,"5,99"
Plišana igraèka s èokoladom,0212261,0.125,125g,Favorina,5.99,,,47.92,4335619081253,Hrana,"5,99"
Bademi s èokoladom,0212441,0.15,150g,Favorina,3.89,,,25.93,4335619082014,Hrana,"2,49"
Krema od pistacija SK1,0213033,0.19,190g,Deluxe,3.79,,,19.95,4335619082250,Hrana,"3,79"
Hrskavi muesli XXL SK3,0213241,1,1kg,Crownfield,5.09,,,5.09,4335619083004,Hrana,"5,99"
Smjesa za kremu od maslaca,0214941,0.14,140g,Belbake,1.49,,,10.64,4335619096042,Hrana,"1,49"
Premium salama SK6,0215152,0.1,100g,Deluxe,2.49,,,24.9,20331146,Hrana,"1,99"
Veganski namaz SK1,0215252,0.15,150g,Vemondo,1.89,,,12.6,4335619100978,Hrana,"1,79"
Party-Mix Paprika,0215255,0.3,300g,Let's have a party!,3.39,,,11.3,4335619100756,Hrana,"3,39"
Cola,0215316,0.518,"0,5l",Freeway,0.75,,,1.5,4304493271340,Piæe,"0,75"
Veganski njoki SK1,0215733,0.5,"400g,600g",Vemondo,1.29,,,3225,4056489706304,Hrana,"1,29"
Veganski njoki SK1,0215733,0.5,"400g,600g",Vemondo,1.29,,,2150,4056489706311,Hrana,"1,29"
Bio bezglutenski bageti SK4,0215912,0.18,180g,Tastino,2.59,,,14.39,4056489472582,Hrana,"2,59"
Voal Šampon za pranje kose Kamilica,6908247,1.01,1l,,0.99,,,0.99,3858890127805,Kozmetika,"1,09"
Buðola narezak,6908254,0.5,500g,Okusi zavièaja,8.99,,,17.98,4056489925712,Hrana,"8,99"
Grah šareni,6908282,0.8,800g,Campo Largo,2.79,,,3.49,4056489925965,Hrana,"2,79"
Podravka Dalmatinska juha,6908285,0.06,60g,,0.89,,,14.83,3850104003837,Hrana,"0,99"
Somersby Cider borovnica,6908346,0.5,"0,5l",,1.78,,,3.56,3858887584161,Piæe,"1,78"
Hidra Up Drink naranèa,6908376,0.5,"0,5l",,1.29,,,2.58,3850131005651,Piæe,"1,19"
Ricola SK2,6908383,0.04,40g,,1.59,,,1.59,7610700923061,Hrana,"1,59"
Podravka Džem marelica,6908390,0.67,670g,,3.99,,,5.96,3856020252502,Hrana,"3,99"
Zeleni èaj 100% RFA,6908430,0.03,30g,Lord Nelson,0.69,,,0.69,4056489926160,Piæe,"0,45"
Lacalut Pasta za zube SK2,6908503,0.092,75ml,,4.29,,,57.2,4016369546246,Kozmetika,"4,29"
Voæni jogurt 2.8% breskva,6908543,0.4,400g,Pilos,0.99,,,2.48,4056489926276,Hrana,"0,99"
Podravka Kviki Gric,6908564,0.25,250g,,1.59,,,6.36,3856020273729,Hrana,"1,89"
Vinceto jabuèni ocat 5%,6908568,1,1l,,1.05,,,1.05,3850164243594,Hrana,"1,05"
Vinceto vinski ocat 6%,6908569,1,1l,,1.05,,,1.05,3850164243600,Hrana,"1,05"
Maska za lice 2x8ml SK2,0098722,0.017,1komad,Cien,0.59,,,0.59,20516505,Kozmetika,"0,59"
"Vital krema za lice, SK1",0098905,0.051,50ml,Cien,2.29,,,45.8,4056489236054,Kozmetika,"2,29"
Always Ultra Quattro ulošci SK,0000536,0.165,"40komad,24komad,28komad,20komad",,4.99,,,0.25,8006540093764,Toaletne potrepštine,"4,99"
Always Ultra Quattro ulošci SK,0000536,0.165,"40komad,24komad,28komad,20komad",,4.99,,,0.21,8006540093764,Toaletne potrepštine,"4,99"
Always Ultra Quattro ulošci SK,0000536,0.165,"40komad,24komad,28komad,20komad",,4.99,,,0.18,8006540093764,Toaletne potrepštine,"4,99"
Always Ultra Quattro ulošci SK,0000536,0.165,"40komad,24komad,28komad,20komad",,4.99,,,0.12,8006540903766,Toaletne potrepštine,"4,99"
Always Dailies Dnevni ulošci SK,0000537,0.123,"52komad,44komad,58komad",,2.99,,,0.07,4015400565574,Toaletne potrepštine,"2,99"
Always Dailies Dnevni ulošci SK,0000537,0.123,"52komad,44komad,58komad",,2.99,,,0.05,8006540791394,Toaletne potrepštine,"2,99"
Jar Deterdžent za posuðe limun,0000541,0.916,900ml,,4.19,,,4.66,4015400795193,Sredstva za èišæenje,"4,65"
Felix Party Mix Pos. za maèke grill,0000551,0.06,60g,Nestlé,1.49,,,24.83,3858890176957,Proizvodi za kuæanstvo,"1,49"
Friskies pseæa hrana piletina-mrkva,0000623,0.34,4x85g,,1.79,,,5.26,8445290752048,Proizvodi za kuæanstvo,Nije_bilo_u_prodaji_02.05.2025
Friskies pseæa hrana piletina-graš.,0000624,0.34,4x85g,,1.79,,,5.26,8445290751768,Proizvodi za kuæanstvo,Nije_bilo_u_prodaji_02.05.2025
Ariel kapsule All in One Color Mega,0000661,1.292,63kom,,17.49,,,0.28,8001090727541,Sredstva za èišæenje,"20,99"
Haribo gumeni bomboni SK1,0000701,0.2,200g,,2.45,,,12.25,9002975377218,Hrana,"2,45"
Fa Gel za tuširanje SK4,0000719,0.77,750ml,Henkel,4.99,,,6.65,9000101609394,Kozmetika,"4,99"
Schauma šampon SK2,0000720,0.77,750ml,Henkel,6.99,,,9.32,9000101681307,Kozmetika,"6,99"
"Fanta Orange, 2x2l",0000799,4.14,2x2l,,3.99,,,9.98,5449000059390,Piæe,Nije_bilo_u_prodaji_02.05.2025
"Multivitaminsko piæe min. 12,5%",0000803,1.5,"1,5l",-,1.59,,,1.06,4056489966555,Piæe,"1,39"
Mlijeèni desert SK21,0001004,0.515,900ml,Bon Gelati,3.99,,,4.43,20127985,Hrana,"3,49"
Mlijeèni desert SK21,0001004,0.515,900ml,Bon Gelati,3.99,,,4.43,20180195,Hrana,"3,49"
Mlijeèno pecivo,0124645,0.48,480g,Maitre Jean-Pierre,2.39,,,4.98,4056489025047,Hrana,"2,29"
"Cimet, mljeveni 45g",0125217,0.045,45g,Kania,0.99,,,0.99,4056489167907,Hrana,"0,99"
Èips SK1,0125537,0.2,200g,Eridanous,1.69,,,8.45,20871840,Hrana,"1,59"
Mini Mozzarella (OGT) SK5,0125645,0.125,125g,Milbona,1.45,,,11.6,4056489847304,Hrana,"1,39"
"BIO Pasirana rajèica 8,5 Brix",0126009,0.5,500g,Baresa,1.19,,,2.38,20884260,Hrana,"1,09"
Rumenilo SK5,0126194,0.005,1komad,Cien,2.39,,,2.39,4056489790464,Kozmetika,"2,39"
Slow cooked Pulled Chicken,0126503,0.55,550g,MCENNEDY,6.39,,,11.62,20891695,Hrana,"5,99"
Sredstvo za èišæenje stakla,0127088,0.991,1l,W5,1.79,,,1.79,20861285,Sredstva za èišæenje,"1,79"
Tablete protiv kamenca 60x16g,0195219,0.96,60x16g,W5,3.95,,,4.11,4056489905240,Sredstva za èišæenje,"3,95"
Lisnato tijesto divlji losos SK2,0195291,0.3,300g,Deluxe,3.99,,,13.3,4335619101319,Hrana,"3,39"
Mini sir SK1,0195563,0.12,120g,Milbona,1.99,,,16.58,4056489883364,Hrana,"2,79"
Tradicionalni Hummus SK3,0195648,0.2,200g,-,1.39,,,6.95,4056489844907,Hrana,"1,39"
BO Donut Ruffalo,0195743,0.68,68g,,0.69,,,10.15,8590325508739,Hrana,Nije_bilo_u_prodaji_02.05.2025
Jogurt s Yuzu SK1,0196202,0.15,150g,Vitasia,0.69,,,4.6,4056489917687,Hrana,"0,59"
Japanski rezanci SK2,0196903,0.3,300g,Vitasia,0.99,,,3.3,4056489181286,Hrana,"1,39"
High Protein Pizza SK5,0198603,0.367,"354g,379g",Trattoria Alfredo,3.19,,,9.01,4056489526285,Hrana,"3,99"
High Protein Pizza SK5,0198603,0.367,"354g,379g",Trattoria Alfredo,3.19,,,8.42,4056489754138,Hrana,"3,99"
Premium pelene maxi vel. 4,0199591,1.3,46komad,Lupilu,7.19,,,0.16,4056489947370,Toaletne potrepštine,"7,19"
Alkalna baterija AAA,0199971,0.14,12komad,Tronic,2.69,,,0.22,4335619349070,Proizvodi za kuæanstvo,"2,69"
Tuna u vlastitom soku,0200164,0.78,4x195g,Nixe,7.47,,,9.58,4056489957706,Hrana,"7,99"
Namaz od slanutka i ind. oraš. SK4,0202025,0.15,150g,Chef Select,2.19,,,14.6,4335619167612,Hrana,Nije_bilo_u_prodaji_02.05.2025
Pšenièno pecivo,0202289,0.22,220g,Tastino,1.49,,,6.77,4056489989059,Hrana,"1,49"
Kotanyi Quick & Easy SK2,0203026,0.033,"25g,26g,30g,35g,40g",,0.79,,,0.79,9001414237205,Hrana,"0,69"
Kotanyi Quick & Easy SK2,0203026,0.033,"25g,26g,30g,35g,40g",,0.79,,,0.79,9001414237212,Hrana,"0,69"
Double sladoled na štapiæu SK16,0203637,0.288,"4x85ml,4x90ml",Gelatelli,4.49,,,13.21,4335619008984,Hrana,"4,49"
Tekuæi sapun SK3,0203771,2.06,2l,Cien,2.99,,,1.5,4056489878087,Kozmetika,Nije_bilo_u_prodaji_02.05.2025
Bou.MarsMil.SnickerTwiMin SK5,0203889,0.227,227g,,3.99,,,17.58,5000159557665,Hrana,"3,59"
Bou.MarsMil.SnickerTwiMin SK5,0203889,0.227,227g,,3.99,,,17.58,5000159562577,Hrana,"3,59"
Punjeni krumpiriæi SK2,0204922,0.28,280g,MCENNEDY,3.99,,,14.25,4335619012899,Hrana,Nije_bilo_u_prodaji_02.05.2025
XXL Zaèin za salatu u limenci SK1,0205405,0.154,"140g,155g,160g,165g",Kania,2.39,,,14.94,4335619015210,Hrana,"2,99"
XXL Zaèin za salatu u limenci SK1,0205405,0.154,"140g,155g,160g,165g",Kania,2.39,,,14.94,4335619015241,Hrana,"2,99"
XXL kikiriki maslac hrskavi,0205414,1,1kg,MCENNEDY,5.79,,,5.79,4335619015302,Hrana,"4,9"
Ledena kava SK21,0205565,0.261,250ml,Milbona,0.95,,,3.8,20682880,Hrana,"0,67"
Sladoled Tricoloe,0206134,1.25,2500ml,Bon Gelati,4.15,,,1.66,4335619016309,Hrana,"4,15"
Vafli od svj. jaja i pr. okus lje. ,0206423,0.225,225g,Confiserie Firenze,2.19,,,9.73,4335619015005,Hrana,"1,99"
Veganski narezak SK6,0206468,0.08,80g,Vemondo,1.29,,,16.13,4056489826682,Hrana,"0,99"
Šampon protiv prhuti SK2,0206574,0.411,400ml,Cien,1.59,,,3.98,4056489827191,Kozmetika,"1,59"
Šampon za kosu SK6,0206652,0.412,400ml,Cien,1.99,,,4.98,4335619202276,Kozmetika,"1,99"
Mlijeèni desert Amerika SK1,0206709,0.5,900ml,Bon Gelati,4.49,,,4.99,4335619021211,Hrana,"4,49"
Mlijeèni desert Amerika SK1,0206709,0.5,900ml,Bon Gelati,4.49,,,4.99,4335619021228,Hrana,"4,49"
Owolovo smoothie SK1,5549581,0.265,250ml,,1.29,,,5.16,5901958613784,Hrana,Nije_bilo_u_prodaji_02.05.2025
Voæni mousse XXL SK5,5550523,0.2,200g,Freshona,0.99,,,4.95,4056489584414,Hrana,"0,99"
"Lampion L-6, 100g / 35h",5552202,0.58,1komad,-,2.99,,,2.99,4056489715481,Proizvodi za kuæanstvo,"3,89"
Kikiriki u èokoladi,5559159,0.25,250g,Mister Choc,2.49,,,9.96,4056489878216,Hrana,Nije_bilo_u_prodaji_02.05.2025
Omekšivaè Premium 46pr. SK1,5559936,1,"1,012l",Doussy,1.99,,,1.97,4056489880240,Sredstva za èišæenje,"1,99"
Piæe od više vrsta voæa SK1,5561128,0.411,"0,4l",Solevita,1.19,,,2.98,4335619008250,Piæe,"0,99"
Tekuæi sapun SK2,5561638,1.025,1000ml,Cien,1.15,,,1.15,4056489813453,Kozmetika,"1,15"
Sred. za pra. posuð. u gel kon. SK1,5564310,1.03,1l,W5,1.79,,,1.79,4335619034471,Sredstva za èišæenje,"1,79"
Voæni sapun SK2,5568852,0.09,90g,Cien,0.35,,,3.89,4335619189508,Kozmetika,"0,35"
Mirisne luèice SK8 ,5569779,0.214,18komad,-,1.59,,,0.09,4335619141391,Proizvodi za kuæanstvo,"1,59"
Radler Grejp Vol. 0%,5573195,0.5,"0,5l",Argus,0.79,,,1.58,4335619190160,Piæe,"0,75"
Mlijeèna èokolada,5574065,0.1,100g,,1.09,,,10.9,5905858676238,Hrana,"1,09"
Gel za tuširanje XXL SK2,5579342,1,1000ml,Cien,1.69,,,1.69,4335619298705,Kozmetika,Nije_bilo_u_prodaji_02.05.2025
Frappe SK1,5582294,0.25,250g,MCENNEDY,2.29,,,9.16,4335619258655,Piæe,Nije_bilo_u_prodaji_02.05.2025
Latte Sticks SK1,5582302,0.166,"8x18,5g, 8x23g",Bellarom,1.69,,,9.18,4056489686187,Piæe,Nije_bilo_u_prodaji_02.05.2025
Gotova jela s tjesteninom SK51,0013144,0.75,750g,Chef Select,4.99,,,6.65,4056489961147,Hrana,Nije_bilo_u_prodaji_02.05.2025
WC-Aktiv pjena Ocean,0013177,0.457,500ml,W5,1.49,,,2.98,20051358,Sredstva za èišæenje,"1,49"
Kalifornijske pistacije,0013266,0.25,250g,Alesto,4.29,,,17.16,4335619014442,Hrana,4.31
Pipi gazirano piæe s okusom naranèe,6903945,2,2l,,2.29,,,1.15,3870183400013,Piæe,"2,22"
Uljni gel za tuširanje SK3,6903972,0.26,250ml,Cien,1.95,,,7.8,4056489073734,Kozmetika,"1,95"
Ferrero Kinder Country 2 komada,6904068,0.047,47g,,1.59,,,1.59,8000500238912,Hrana,"1,39"
Livanjski sir SK2,6904092,0.3,300g,Pilos,5.99,,,19.97,4056489073956,Hrana,"5,89"
"Kiseli kupus glavica, cca. 1kg",6904118,1,ca 1kg,Okusi zavièaja,1.99,,,1.99,2143901000000,Hrana,"1,79"
"Kiseli kupus glavica, cca. 1kg",6904118,1,ca 1kg,Okusi zavièaja,1.99,,,1.99,2891893000000,Hrana,"1,79"
"Kiseli kupus glavica, cca. 1kg",6904118,1,ca 1kg,Okusi zavièaja,1.99,,,1.99,2891895000000,Hrana,"1,79"
Spritz-Bitter ,0170882,1.512,1komad,-,12.99,,,18557.14,4335619047440,Piæe,"13,39"
Omekšivaè 80 pranja SK2,0170888,1.998,2l,Doussy,2.99,,,1.5,4056489587781,Sredstva za èišæenje,"2,99"
Omekšivaè 80 pranja SK2,0170888,1.998,2l,Doussy,2.99,,,0.04,4056489587811,Sredstva za èišæenje,"2,99"
Omekšivaè 80 pranja SK2,0170888,1.998,2l,Doussy,2.99,,,1.5,4056489587811,Sredstva za èišæenje,"2,99"
Omekšivaè 80 pranja SK2,0170888,1.998,2l,Doussy,2.99,,,1.5,4056489982982,Sredstva za èišæenje,"2,99"
Proteinski Quark SK1,0170986,0.4,4x100g,Milbona,1.99,,,4.98,4056489545361,Hrana,"1,93"
Grèki jogurt SK3,0171973,0.5,500g,Milbona,,1.65,2.19,3.3,4056489745679,Hrana,"2,19"
Prašak za puding vanilija,0172428,0.19,190g,Belbake,0.89,,,4.68,4056489546870,Hrana,"0,89"
Tek. det. za pranje osj. rublja SK7,0172545,1.521,"1,5l",Formil,3.75,,,2.5,4056489697640,Sredstva za èišæenje,"3,75"
Smrznuta limeta,0172631,0.4,400g,Freshona,2.49,,,6.23,4056489587194,Hrana,"2,49"
"Ardenska kobasica, narezak",7407831,1,ca. 160g,,16.19,,,16.19,2894961000000,Hrana,"16,19"
"Ardenska kobasica, narezak",7407831,1,ca. 160g,,16.19,,,16.19,2894963000000,Hrana,"16,19"
Svježi macarons nogometni,7408732,0.156,12x13g,Confiserie Firenze,3.89,,,24.94,4056489741589,Hrana,"3,89"
Mini Muffins SK2,7409394,0.225,225g,MCENNEDY,2.39,,,10.62,4056489986539,Hrana,Nije_bilo_u_prodaji_02.05.2025
Macarons,7410016,0.072,6x12g,Halloween,3.19,,,44.31,4335619199019,Hrana,Nije_bilo_u_prodaji_02.05.2025
"Toaletni papir, 2sl., parfumirani",7500308,0.605,8komad,Floralys,2.39,,,0.3,8584014814034,Toaletne potrepštine,"2,39"
Namaz od povræa SK1,7503072,0.115,115g,Vemondo,1.09,,,9.48,4056489067719,Hrana,"1,09"
Grill tofu SK3,7504328,0.18,180g,Grillmeister,0.99,,,5.5,4056489068822,Hrana,"0,87"
Èaj od ðumbira SK2,7505446,0.05,"49,5g",Lord Nelson,1.39,,,1.39,4056489332572,Piæe,"1,39"
Tofu sa zaèinima SK3,7506452,0.18,180g,Vemondo,1.19,,,6.61,4056489332831,Hrana,"1,19"
Premium sladoled na štapiæu SK3,7610389,0.063,100ml,Gelatelli,0.99,,,9.9,4056489838586,Hrana,"0,99"
Knedle na bavarski naèin SK2,7700378,0.4,400g,Alpenfest,2.79,,,6.98,4056489207245,Hrana,"2,19"
Knedle na bavarski naèin SK2,7700378,0.4,400g,Alpenfest,2.79,,,6.98,4056489207269,Hrana,"2,19"
Oktoberfest knedle,7701155,0.5,500g,Alpenfest,2.29,,,4.58,20706821,Hrana,"2,29"
Tortelloni/Njoki od krumpira SK7,7701351,0.323,"250g,500g",Combino,1.19,,,4.76,20830977,Hrana,"1,19"
Tortelloni/Njoki od krumpira SK7,7701351,0.323,"250g,500g",Combino,1.19,,,2.38,20830977,Hrana,"1,19"
Tortelloni/Njoki od krumpira SK7,7701351,0.323,"250g,500g",Combino,1.19,,,2.38,20830984,Hrana,"1,19"
Extra džem SK1,6904682,0.24,240g,Deluxe,1.99,,,8.29,4056489075141,Hrana,"1,99"
Puding vanilija sa šlagom,6904687,0.5,4x125g,Pilos,,1.05,1.49,2.1,4056489075370,Hrana,"1,49"
Sirup limun,6904698,1.12,1l,Solevita,,1.75,2.49,1.75,4304493259386,Piæe,"2,19"
Èvarci na slavonski,6904737,0.25,250g,Okusi zavièaja,4.69,,,18.76,4056489074694,Hrana,"4,64"
Amadori Svježi pureæi ražnjiæi sa s,6904781,0.39,390g,,2.52,,,6.46,8006473900108,Hrana,"2,52"
"Lješnjak jezgra, 500g",6908936,0.5,500g,,9.99,,,19.98,8671020170251,Hrana,"6,79"
"Grožðica suha, 200g",6908945,0.2,200g,,0.99,,,4.95,3872084016140,Hrana,"0,89"
Dekorativna/Saten mašna SK1,6908954,0.001,1komad,,1.69,,,1.69,3856023024984,Proizvodi za kuæanstvo,"1,69"
BO Pontino špek-luk-sir,6908971,0.125,125g,,1.49,,,11.92,4053216241718,Hrana,"1,39"
Moj Kruh Baguette kruh SK1,6908983,0.26,260g,,1.39,,,5.35,3859892992705,Hrana,"0,99"
"Jaja, razred M, 10kom.",6908999,0.058,10komad,,2.45,,,0.25,4056489612469,Hrana,"2,39"
"Jaja, razred M, 10kom.",6908999,0.058,10komad,,2.45,,,0.25,4056489612476,Hrana,"2,39"
"Jaja, razred L, 10kom.",6909000,0.068,10komad,,2.89,,,0.29,3859889055765,Hrana,"2,59"
"Jaja, razred L, 10kom.",6909000,0.068,10komad,,2.89,,,0.29,4027949200007,Hrana,"2,59"
"Jaja, razred L, 10kom.",6909000,0.068,10komad,,2.89,,,0.29,4056489612490,Hrana,"2,59"
Badel Bajadera krem liker+Bajadera,6909042,0.787,1komad,,23.99,,,23.99,3850112112538,Piæe,"24,99"
Talianetta Mac&Cheese,6909092,0.16,160g,,1.49,,,9.31,3856020269319,Hrana,"1,49"
PP Orahovica Èips od šarana Pikant,6909118,0.25,250g,,3.99,,,15.96,3858889834448,Hrana,"3,99"
Nivea Sun Dj.sprej za sunèanje ZF50,6909195,0.231,200ml,,14.99,,,74.95,4006000075419,Kozmetika,"14,99"
BO Kruh sa chia sjemenkama,6909201,0.34,340g,,1.29,,,3.79,4053216211469,Hrana,"1,29"
Dalmatinska suha šunka,6909212,0.3,300g,,5.99,,,19.97,4335619246447,Hrana,Nije_bilo_u_prodaji_02.05.2025
Sok od rajèice 100%,5508353,1.02,1l,Solevita,0.99,,,0.99,4335619142527,Piæe,"1,49"
Èileanske suhe šljive bez koštica,5508657,0.2,200g,Alesto,1.49,,,7.45,4056489880455,Hrana,"1,49"
Sv. punj. jastuèiæi kupus i gljive,5508982,0.4,400g,Kuljanka,1.79,,,4.48,20149062,Hrana,"1,79"
Sv. punj. jastuèiæi kupus i gljive,5508982,0.4,400g,Kuljanka,1.79,,,4.48,20859534,Hrana,"1,79"
Kukuruzni vafli SK1,5511009,0.105,105g,Sondey,1.19,,,11.33,20859640,Hrana,"1,19"
Kukuruzni vafli SK1,5511009,0.105,105g,Sondey,1.19,,,11.33,20859664,Hrana,"1,19"
Mr. Brownie s kokosom,6908605,0.2,200g,,2.59,,,12.95,8411037892315,Hrana,"2,69"
Boom Box Zobeni Smoothie jab. kruš.,6908613,0.2,200g,,1.89,,,9.45,3856027801307,Hrana,"1,69"
Boom Box Zobeni Smoothie jab. bres.,6908614,0.2,200g,,1.89,,,9.45,3856027801277,Hrana,"1,69"
Boom Box Zobeni granola zalogaj,6908618,0.02,20g,,0.59,,,29.5,3856027801215,Hrana,"0,59"
"Osjeèka kobasica, narezak",6908653,0.2,200g,Okusi zavièaja,2.99,,,14.95,4056489926351,Hrana,Nije_bilo_u_prodaji_02.05.2025
Sanitar Sredstvo za èišæenje kup.,6908686,1,1l,,2.49,,,2.49,3850111505720,Sredstva za èišæenje,"2,49"
Ira Buket Dalija/Ruža SK2,6908704,0.09,1komad,,4.99,,,4.99,3856023043749,Proizvodi za kuæanstvo,Nije_bilo_u_prodaji_02.05.2025
L'Angelica Gel za tuširanje SK3,6908759,0.5,500ml,,2.99,,,5.98,8017331077122,Kozmetika,"3,19"
Lumen Lampion K3 440g 80 h,6908770,0.365,1kom.,,2.49,,,2.49,3870634052174,Proizvodi za kuæanstvo,"1,99"
Proteini.si 100% Natural Whey,6908826,0.4,400g,,11.99,,,29.98,3830081425341,Hrana,"15,49"
Finish Regular sred. za isp. posuða,6908853,0.81,800ml,,3.99,,,4.99,8592326010419,Sredstva za èišæenje,"2,99"
Ki-Ki Bombon gumeni Fluffy Xmas,6908891,0.09,90g,,0.85,,,9.44,3850102009855,Hrana,"0,85"
Tek. det.za pranje rublja SK2 44pr.,0217088,2.288,"2,2l",-,3.99,,,1.81,4056489997894,Sredstva za èišæenje,"3,99"
Punjena tjestenina SK13,0217584,0.25,250g,Deluxe,2.49,,,9.96,4056489291251,Hrana,"2,29"
Kotanyi zaèini SK71,0217856,0.038,"33g,35g,36g,48g",,1.85,,,52.86,9001414041116,Hrana,"2,49"
Kotanyi zaèini SK71,0217856,0.038,"33g,35g,36g,48g",,1.85,,,56.06,9001414041185,Hrana,"2,49"
High protein humus SK1,0218180,0.2,200g,Chef Select,1.05,,,5.25,4335619111950,Hrana,"1,09"
Micelarna vodica za lice SK1,0218208,0.404,400ml,Cien,2.65,,,6.63,4056489817642,Kozmetika,"2,65"
Jogurt - Müsli SK1,0218679,0.25,250g,Chef Select,2.59,,,10.36,4335619126473,Hrana,"2,49"
Veganska proteinska kaša SK1,0219168,0.06,60g,Crownfield,1.19,,,19.83,4335619127654,Hrana,"1,19"
"Omekšivaè za rublje, 120 pranja, 3l",0220460,2.997,3l,Doussy,3.39,,,1.13,4335619135888,Sredstva za èišæenje,"3,39"
Èips SK35,0221606,0.2,200g,MCENNEDY,2.19,,,10.95,4056489414926,Hrana,"1,99"
Veganski proteinski jogurt SK1,0221682,0.2,200g,Vemondo,1,,,5,4335619201576,Hrana,Nije_bilo_u_prodaji_02.05.2025
Ginato Pomegranate Gin 38%Vol.,0221698,0.57,"0,7l",,13.99,,,19.99,5060434136015,Piæe,"11,99"
Milka MMMax Nutty Choco Wafer,0221974,0.27,270g,,3.99,,,14.78,7622201677879,Hrana,Nije_bilo_u_prodaji_02.05.2025
Namaz od avokada SK1,0222849,0.15,150g,El Tequito,1.89,,,12.6,4335619165892,Hrana,Nije_bilo_u_prodaji_02.05.2025
Medenjaci XXL,0223219,0.5,500g,Sondey,2.99,,,5.98,4335619166790,Hrana,Nije_bilo_u_prodaji_02.05.2025
BO Štrudla špinat-feta,0223633,0.125,111g,,0.89,,,8.02,4053216079755,Hrana,Nije_bilo_u_prodaji_02.05.2025
Agragold Šeæer u kocki,0224604,0.5,500g,,0.99,,,1.98,9007829025253,Hrana,"0,99"
Tuna u vlastitom soku,0225088,0.39,2x195g,Nixe,3.79,,,9.72,4335619179035,Hrana,"3,99"
Sladoled bez šeæera,0225699,0.29,500ml,Gelatelli,3.49,,,6.98,4335619195189,Hrana,Nije_bilo_u_prodaji_02.05.2025
Vino,5907885,0.765,750ml,Armilar,12.99,,,17.32,4304493260504,Piæe,Nije_bilo_u_prodaji_02.05.2025
Mljeveni èili u maslinovom ulju,6000091,0.17,170g,Deluxe,1.99,,,11.71,20422103,Hrana,"1,99"
Svj. tjestenina Tagliatelle/Bigoli,6000207,0.25,250g,Italiamo,1.39,,,5.56,20277314,Hrana,"1,39"
Svježe punjena tjestenina SK6,6000209,0.25,250g,Chef Select,1.49,,,5.96,20284329,Hrana,"1,49"
Svježe punjena tjestenina SK6,6000209,0.25,250g,Chef Select,1.49,,,5.96,20498948,Hrana,"1,49"
Ljuta salama Napoli,6000218,0.32,320g,Italiamo,3.39,,,10.59,20531560,Hrana,"2,99"
Svježi tortelloni SK8,6000250,0.25,250g,Deluxe,1.35,,,5.4,4056489042440,Hrana,"1,35"
Mortadella Bologna IGP sa pistac.,6000457,0.12,120g,Deluxe,1.69,,,14.08,20498894,Hrana,"1,69"
Kukuruzni škrob,1000891,0.2,200g,Belbake,0.79,,,3.95,4335619258129,Hrana,Nije_bilo_u_prodaji_02.05.2025
Balzam za kosu ,1000894,0.5,500ml,Cien,1.55,,,3039.22,4335619216860,Kozmetika,Nije_bilo_u_prodaji_02.05.2025
Èokoladice,1001393,0.15,12x12.5g,Favorina,2.29,,,15.27,4335619266209,Hrana,Nije_bilo_u_prodaji_02.05.2025
Neo proteinski prutiæ,1001920,0.05,50g,Sportyfeel,1.29,,,25.8,4335619267770,Hrana,Nije_bilo_u_prodaji_02.05.2025
Premium punjena tjestenina SK10,1001938,0.25,250g,Deluxe,2.19,,,8.76,4335619069169,Hrana,"1,83"
BO Puž jabuka-cimet,1002173,0.13,130g,,1.19,,,9.15,4335619268395,Hrana,Nije_bilo_u_prodaji_02.05.2025
Sol/papar SK21,1002203,0.119,"100g,85g,180g",Deluxe,3.64,,,42.82,4335619175655,Hrana,Nije_bilo_u_prodaji_02.05.2025
Deterdžent za posuðe SK4,1003287,2.044,2l,W5,2.69,,,1.35,4056489600534,Sredstva za èišæenje,Nije_bilo_u_prodaji_02.05.2025
Krema od maslaca SK1,1003345,0.14,140g,Belbake,1.99,,,14.21,4335619285347,Hrana,Nije_bilo_u_prodaji_02.05.2025
Vege. indijsko gotovo jelo SK1,1003872,0.4,400g,Vitasia,2.79,,,6.98,4335619290075,Hrana,Nije_bilo_u_prodaji_02.05.2025
Dressing za salatu SK5,1004043,0.315,300ml,MCENNEDY,1.69,,,5.63,20148683,Hrana,Nije_bilo_u_prodaji_02.05.2025
Kukuruzni krekeri SK1,1006126,0,450g,MCENNEDY,3.59,,,7.98,4335619201125,Hrana,Nije_bilo_u_prodaji_02.05.2025
Višekratna vreæica,1007173,0.119,1komad,-,0.99,,,0.99,4335619325555,Proizvodi za kuæanstvo,Nije_bilo_u_prodaji_02.05.2025
Pjena za WC,1009184,0.4,4x100g,W5,2.99,,,7.48,4335619339163,Sredstva za èišæenje,Nije_bilo_u_prodaji_02.05.2025
Tekuæina za perilicu rublja,1009307,0.51,500ml,W5,1.99,,,3.98,4335619339552,Sredstva za èišæenje,Nije_bilo_u_prodaji_02.05.2025
Ritter Sport Èok. s oraš. plo. SK2,1009479,0.1,100g,,2.49,,,24.9,4000417700001,Hrana,Nije_bilo_u_prodaji_02.05.2025
Èokoladni mousse SK1,1013924,0.4,400g,Deluxe,4.59,,,11.48,20506391,Hrana,Nije_bilo_u_prodaji_02.05.2025
Desert u èaši SK1,1013956,0.12,2x60g,Deluxe,2.44,,,20.33,4056489491644,Hrana,Nije_bilo_u_prodaji_02.05.2025
Desert u èaši,1013973,0.12,2x60g,Deluxe,2.79,,,23.25,4056489491590,Hrana,Nije_bilo_u_prodaji_02.05.2025
Nivea Krema/losion za tijelo SK1,6909300,0.6,625ml,,5.19,,,8.3,9005800308456,Kozmetika,Nije_bilo_u_prodaji_02.05.2025
Nivea Krema/losion za tijelo SK1,6909300,0.6,625ml,,5.19,,,8.3,9005800313719,Kozmetika,Nije_bilo_u_prodaji_02.05.2025
Domaæa dimljena kobasica,6909305,0.54,540g,Okusi zavièaja,4.99,,,9.24,4335619246515,Hrana,Nije_bilo_u_prodaji_02.05.2025
Pavloviæ Aranžman Sanela,6909328,1.1,1komad,,14.99,,,14.99,3859889398053,Proizvodi za kuæanstvo,Nije_bilo_u_prodaji_02.05.2025
"Mikado Ananas kolutiæi, OM 340g",6909378,0.34,580ml,,1.99,,,5.85,4007415005480,Hrana,Nije_bilo_u_prodaji_02.05.2025
Kozji sir,6909393,0.25,250x1g,,4.99,,,19.96,4335619246652,Hrana,Nije_bilo_u_prodaji_02.05.2025
Aptamil 2 Hrana za dojenèad,6909399,0.8,800g,,18.95,,,23.69,4056631001240,Hrana,Nije_bilo_u_prodaji_02.05.2025
Perfa svježa jaja klasa A razred M,6909428,0.53,10komad,,2.15,,,0.22,3859889057011,Hrana,Nije_bilo_u_prodaji_02.05.2025
Rio Mare pašteta od lososa,6909445,0.1,100g,,1.79,,,17.9,8004030070004,Hrana,Nije_bilo_u_prodaji_02.05.2025
"Mlada prasetina, cca. 2,5kg",6909460,1,"cca. 2,5kg",,3.99,,,3.99,2846858000000,Hrana,Nije_bilo_u_prodaji_02.05.2025
"Mlada prasetina, cca. 2,5kg",6909460,1,"cca. 2,5kg",,3.99,,,3.99,2846859000000,Hrana,Nije_bilo_u_prodaji_02.05.2025
"Mikado feferoni ljuti, OM 330g",6909462,0.33,720ml,,2.25,,,6.82,4007415006487,Hrana,Nije_bilo_u_prodaji_02.05.2025
"Mikado Feferoni blagi, OM 320g",6909463,0.32,720ml,,2.49,,,7.78,4007415000720,Hrana,Nije_bilo_u_prodaji_02.05.2025
Juicy ledeni èaj šumsko voæe,6909469,1.5,1.5l,,1.29,,,0.86,3858890977967,Piæe,Nije_bilo_u_prodaji_02.05.2025
Martell VS,6909478,0.7,0.7l,,29.99,,,42.84,3219820000078,Piæe,Nije_bilo_u_prodaji_02.05.2025
Nestlé Nescafe 2u1/3u1,0005074,0.137,"80g, 140g, 155g",,2.99,,,37.38,7613034025333,Piæe,"2,99"
Nestlé Nescafe 2u1/3u1,0005074,0.137,"80g, 140g, 155g",,2.99,,,37.38,7613036843881,Piæe,"2,99"
Nestlé Nescafe 2u1/3u1,0005074,0.137,"80g, 140g, 155g",,2.99,,,21.36,7613036844475,Piæe,"2,99"
Lokum SK7,6200065,0.4,400g,Eridanous,1.99,,,4.98,4056489466246,Hrana,"1,99"
Svježi namaz patlidž./paprika SK1,6200602,0.25,250g,Eridanous,1.49,,,5.96,20509446,Hrana,"1,49"
Kremasti grèki jogurt SK1,6202953,1,1kg,Eridanous,2.95,,,2.95,20161859,Hrana,"3,19"
Kremasti grèki jogurt SK1,6202953,1,1kg,Eridanous,2.95,,,2.95,4056489056218,Hrana,"3,19"
Kefir SK2,6205495,0.5,500ml,Eridanous,1.29,,,2.58,4056489264996,Hrana,"1,29"
High protein jogurt SK3,6205528,0.34,2x170g,Milbona,1.99,,,5.85,4056489382706,Hrana,"1,59"
Dimljena tuna SK3,6208134,0.16,160g,Eridanous,1.99,,,12.44,20353452,Hrana,"1,99"
"BO Zlatna kiflica, 30g",0004854,0.03,30g,,0.35,,,0.35,3858889612763,Hrana,"0,29"
Knorr Umaci SK1,0004901,0.336,750ml,,1.49,,,0.5,8714100790281,Hrana,"1,49"
"Kefir 2,7% m.m.",0004921,0.45,450g,Pilos,1.35,,,3,20123086,Hrana,"1,25"
Losion za sunèanje sensitive ZF50,0025002,0.15,150ml,Cien Sun,4.99,,,33.27,20546496,Kozmetika,"4,99"
Uskršnje èokoladne figure SK3,0025220,0.1,100g,Favorina,1.79,,,17.9,20155414,Hrana,"1,79"
Francuski Camembert,0025288,0.25,250g,Milbona,2.99,,,11.96,4056489203551,Hrana,"2,99"
Krpe za kupaonicu/posuðe SK5,0025297,0.048,4komad,W5,1.59,,,0.4,4056489366348,Proizvodi za kuæanstvo,"1,59"
Mozzarela Classic,0025383,0.25,250g,Milbona,1.55,,,6.2,20047221,Hrana,"1,79"
Lino Moj prvi flips,6905105,0.025,25g,,1.89,,,75.6,3850104268618,Hrana,"1,89"
Meri Merino det. Col. 75pranj.,6905163,4.613,"4,5l",,5.99,,,0.08,3850111105722,Sredstva za èišæenje,"5,69"
Shake Mirisne granule za ormar SK1,6905239,0.038,1komad,,1.89,,,1.89,3859890779353,Proizvodi za kuæanstvo,"1,89"
Shake Mirisne granule za ormar SK1,6905239,0.038,1komad,,1.89,,,1.89,3859890779384,Proizvodi za kuæanstvo,"1,89"
"File otkoštenog zabatka, cca. 500g",6905305,1,ca. 500g,Naša mesnica,6.99,,,6.99,2868821000000,Hrana,"6,99"
Proteini.si Nat. BCAA Mar. Pas. fr.,6905328,0.2,200g,,12.49,,,62.45,3830069173202,Hrana,"12,49"
Krema za njegu lica SK13,0051058,0.052,50ml,Cien,1.85,,,37,4335619111813,Kozmetika,"1,75"
BO Pivsko pecivo,0051100,0.087,85g,,0.25,,,2.94,20708047,Hrana,"0,35"
Gouda u listiæima XXL,0051104,1,1000g,Milbona,8.49,,,8.49,20280239,Hrana,"8,99"
Razlièiti deserti SK15,0092516,0.475,450g,Deluxe,3.79,,,8.42,4056489526230,Hrana,"3,49"
Razlièiti deserti SK15,0092516,0.475,450g,Deluxe,3.79,,,7.58,4056489571735,Hrana,"3,49"
Šampon za kosu Professional SK1,0092853,0.267,250ml,Cien,2.19,,,8.76,20778347,Kozmetika,"2,19"
Regenerator za kosu SK1 ,0092854,0.2,200ml,Cien,1.99,,,9.95,4056489129738,Kozmetika,"2,19"
Regenerator za kosu SK1 ,0092854,0.2,200ml,Cien,1.99,,,9.95,4056489235088,Kozmetika,"2,19"
Talijanski pesto SK6,0092972,0.19,190g,Deluxe,1.69,,,8.89,20482299,Hrana,"2,29"
Talijanski pesto sort. SK2,0092973,0.19,190g,Deluxe,1.79,,,9.42,20621407,Hrana,"1,69"
Monster Energetski napitak Green,0009527,0.5,"0,5l",Coca-Cola,1.59,,,3.18,5060166695279,Piæe,"1,59"
Airwaves boèica sort. ,0009560,0.064,64g,Mars,3.69,,,57.66,4009900509992,Hrana,"2,59"
Airwaves boèica sort. ,0009560,0.064,64g,Mars,3.69,,,57.66,4009900550178,Hrana,"2,59"
Airwaves boèica sort. ,0009560,0.064,64g,Mars,3.69,,,57.66,4009900550499,Hrana,"2,59"
Umak na azijski naèin SK4,6600131,0.25,250ml,Vitasia,1.99,,,7.96,20121457,Hrana,"1,99"
Mini sladoled desert SK2,6601298,0.1,140ml,Deluxe,1.39,,,9.93,20597818,Hrana,"1,39"
Mini sladoled desert SK2,6601298,0.1,140ml,Deluxe,1.39,,,9.93,4056489874577,Hrana,"1,39"
Amerièki sladoled SK16,6601570,0.43,"485ml,500ml",Gelatelli,3.89,,,8.02,20396152,Hrana,"3,99"
Amerièki sladoled SK16,6601570,0.43,"485ml,500ml",Gelatelli,3.89,,,8.02,4056489626121,Hrana,"3,99"
Amerièki sladoled SK16,6601570,0.43,"485ml,500ml",Gelatelli,3.89,,,7.78,4056489626138,Hrana,"3,99"
Uskrsni kolaè maslac èokolada SK3,6602337,0.3,300g,Favorina,1.99,,,6.63,20772673,Hrana,"1,99"
Tradicionalni meki karamel SK2,6603272,0.35,350g,Hatherwood,2.99,,,8.54,20270582,Hrana,"2,99"
Žele bomboni SK1,6603918,0.2,200g,Sweet Corner,1.19,,,5.95,20714710,Hrana,"1,79"
Keksi sa sirom SK2,6608218,0.075,75g,Deluxe,1.15,,,15.33,4056489626084,Hrana,"1,25"
Amerièki sladoled SK12,6608641,0.418,500ml,Gelatelli,3.89,,,7.78,20559687,Hrana,"3,13"
Èokoladni kolaèiæi s kikirikijem,6611369,0.15,150g,Sondey,1.59,,,10.6,4056489794349,Hrana,"1,59"
Povrtni wrap SK7,6612810,0.37,370g,Vemondo,1.39,,,3.76,4056489476672,Hrana,"1,79"
Kikiriki èokoladni draže SK2,6612902,0.2,200g,Alesto,2.59,,,12.95,4335619041936,Hrana,"1,99"
Salama s mesom divljaèi SK2,6700101,0.4,400g,Deluxe,3.89,,,9.73,4056489197119,Hrana,"4,89"
Franck Cappuccino SK2,6902087,0.143,"112g,144g,160g",,2.59,,,23.13,3858881088313,Piæe,"2,95"
Franck Cappuccino SK2,6902087,0.143,"112g,144g,160g",,2.59,,,17.5,3858881088337,Piæe,"2,95"
"Pileæa prsa, narezak",6902095,0.1,100g,Pikok,1.39,,,13.9,20662097,Hrana,"1,39"
Capo pinca,6902100,0.4,400g,,1.59,,,3.98,3859890108702,Hrana,"1,59"
Bis Osvježivaè prostora SK1,6902110,0.33,400ml,,4.19,,,10.48,3850105150141,Sredstva za èišæenje,"4,19"
Bis Osvježivaè prostora SK1,6902110,0.33,400ml,,4.19,,,10.48,3850105150202,Sredstva za èišæenje,"4,19"
Bis Osvježivaè prostora SK1,6902110,0.33,400ml,,4.19,,,10.48,3850105151926,Sredstva za èišæenje,"4,19"
Široki rezanci s jajima,6902115,0.4,400g,Okusi zavièaja,1.39,,,3.48,20780746,Hrana,"1,29"
Èarli Classic,6902122,3.027,3l,,4.99,,,1.66,3850111160820,Sredstva za èišæenje,"2,52"
Roštilj kobasice SK3,6902125,0.44,440g,Grill&Fun,3.49,,,7.93,20491802,Hrana,"3,49"
Roštilj kobasice SK4,6902126,0.44,440g,Grill&Fun,3.49,,,7.93,20491819,Hrana,"3,49"
Kraš Express Instant Kakao,6902151,0.33,330g,,3.99,,,12.09,3850102111152,Piæe,"3,99"
Kraš Lilly Vanilin keksi,6902158,0.22,220g,,1.79,,,8.14,3850120700055,Hrana,"1,79"
Kraš Ki-Ki voæna karamela ,6902166,0.1,100g,,1.29,,,12.9,3850102014507,Hrana,"1,29"
"Hendricks Gin 41,4%",6902186,0.7,"0,7l",,26.49,,,37.84,5010327755014,Piæe,"28,99"
Dukat b.Aktiv LGG jogurt natur,6902220,1,1kg,,2.99,,,2.99,3850354005933,Hrana,"2,82"
Ira Buket Dalila/Ruža SK1,6909527,0.125,1komad,,5.99,,,5.99,3856023052499,Proizvodi za kuæanstvo,Nije_bilo_u_prodaji_02.05.2025
Milka Chocolate Milk Classic,6909541,0.263,250ml,,1.39,,,5.56,5711953190070,Hrana,Nije_bilo_u_prodaji_02.05.2025
Ira Buket Dalia 31 cm SK1,6909555,0.045,1komad,,2.99,,,2.99,3856023052925,Proizvodi za kuæanstvo,Nije_bilo_u_prodaji_02.05.2025
Buket Ruža 44 cm krem,6909556,0.125,1komad,,4.99,,,4.99,3856023052420,Proizvodi za kuæanstvo,Nije_bilo_u_prodaji_02.05.2025
Ira Mix cvijeæa u cem. posudi SK1,6909562,0.89,1komad,,19.99,,,19.99,3856023057678,Proizvodi za kuæanstvo,Nije_bilo_u_prodaji_02.05.2025
Viro Kristalni šeæer,6909566,1,1kg,,0.74,,,0.74,3859893641008,Hrana,Nije_bilo_u_prodaji_02.05.2025
"Pureæi batak, cca 900g",6909577,1,ca. 900g,Naša mesnica,4.19,,,4.19,2846520000000,Hrana,Nije_bilo_u_prodaji_02.05.2025
Kones Bi Jaja iz pod. uzg. razred M,6909599,1.026,18komad,,5.09,,,0.28,3859891140015,Hrana,Nije_bilo_u_prodaji_02.05.2025
Fishcultura Osliæ filet,6909639,0.5,500g,,3.49,,,6.98,3859893912306,Hrana,Nije_bilo_u_prodaji_02.05.2025
Kraš Napolitanke èokolada-naranèa,6909659,0.25,250g,,2.79,,,11.16,3850102016198,Hrana,Nije_bilo_u_prodaji_02.05.2025
Pivac Okrajci hamburger slanine,6909668,1,cca. 800g,,3.99,,,3.99,2105233000000,Hrana,Nije_bilo_u_prodaji_02.05.2025
Pivac Okrajci hamburger slanine,6909668,1,cca. 800g,,3.99,,,3.99,2105237000000,Hrana,Nije_bilo_u_prodaji_02.05.2025
Pivac Okrajci hamburger slanine,6909668,1,cca. 800g,,3.99,,,3.99,2105238000000,Hrana,Nije_bilo_u_prodaji_02.05.2025
Pivac Okrajci hamburger slanine,6909668,1,cca. 800g,,3.99,,,3.99,2105239000000,Hrana,Nije_bilo_u_prodaji_02.05.2025
Pivac Okrajci hamburger slanine,6909668,1,cca. 800g,,3.99,,,3.99,2846914000000,Hrana,Nije_bilo_u_prodaji_02.05.2025
Pivac Okrajci hamburger slanine,6909668,1,cca. 800g,,3.99,,,3.99,2846915000000,Hrana,Nije_bilo_u_prodaji_02.05.2025
"Svježa grdobina, oèišæena, cca.500g",6909671,1,cca. 500g,Naša ribarnica,13.99,,,13.99,2846544000000,Hrana,Nije_bilo_u_prodaji_02.05.2025
DORINA èokolada noisette,6909682,0.16,160g,,1.99,,,12.44,3850102016297,Hrana,Nije_bilo_u_prodaji_02.05.2025
Indomie Instant juha okus govedina,6909717,750,10x70g,,2.89,,,4.13,3858889367564,Hrana,Nije_bilo_u_prodaji_02.05.2025
Svinjski but b.k. komad,6909726,1,"cca. 7,5 kg",Naša mesnica,2.99,,,2.99,2846583000000,Hrana,Nije_bilo_u_prodaji_02.05.2025
Svinjski but b.k. komad,6909726,1,"cca. 7,5 kg",Naša mesnica,2.99,,,2.99,2846589000000,Hrana,Nije_bilo_u_prodaji_02.05.2025
"Èvrsto masno tkivo, cca. 5kg",6909755,1,cca. 5kg,-,2.29,,,2.29,2846670000000,Hrana,Nije_bilo_u_prodaji_02.05.2025
"Èvrsto masno tkivo, cca. 5kg",6909755,1,cca. 5kg,-,2.29,,,2.29,2846672000000,Hrana,Nije_bilo_u_prodaji_02.05.2025
FishCultura Lignja oè. kol. i krak.,6909803,0.5,500g,,4.49,,,8.98,3859894457004,Hrana,Nije_bilo_u_prodaji_02.05.2025
Melem za usne Ki-Ki,6909804,0.005,"4,5g",,3.69,,,3.69,3856007912726,Kozmetika,Nije_bilo_u_prodaji_02.05.2025
Airwick Elek.osvj. Peony&Jasmin,6909808,0.018,19ml,,7.39,,,7.39,5999109545831,Sredstva za èišæenje,Nije_bilo_u_prodaji_02.05.2025
Tradicionalno dimljena peèenica,6909833,1,cca. 400g,Naša mesnica,9.99,,,9.99,2846835000000,Hrana,Nije_bilo_u_prodaji_02.05.2025
Majoneza s tartufima,7007641,0.2,200g,Chef Select,1.39,,,6.95,4056489770756,Hrana,"1,79"
Ljutenica s patlidžanom,7200324,0.31,310g,NOSTJA,2.69,,,8.68,20417895,Hrana,"1,99"
Sladoled od vanilije i èokolade,0226121,0.16,4x55ml,Gelatelli,3.99,,,18.14,4335619214170,Hrana,"3,99"
Pita SK1,0226407,0.265,"270g,260g",Deluxe,3.09,,,11.44,4335619197701,Hrana,Nije_bilo_u_prodaji_02.05.2025
Pita SK1,0226407,0.265,"270g,260g",Deluxe,3.09,,,11.44,4335619197718,Hrana,Nije_bilo_u_prodaji_02.05.2025
Tart SK1,0226412,0.253,"250g,255g",Deluxe,2.69,,,10.55,4335619197725,Hrana,"2,89"
Sredstvo za èišæenje SK1,0226541,0.767,750ml,W5,1.99,,,2.65,4335619196865,Sredstva za èišæenje,Nije_bilo_u_prodaji_02.05.2025
Milch-Schnitte borovnica 10kom.,0226737,0.28,280g,,4.69,,,16.75,8000500441480,Hrana,"4,69"
BO Krafna s punjenjem od pistacije,0227357,0.088,88g,,0.89,,,10.11,4335619207011,Hrana,Nije_bilo_u_prodaji_02.05.2025
Beauty's Choice Niacinamid Serum,0228329,0.031,30ml,Cien,3.72,,,124,4335619217348,Kozmetika,Nije_bilo_u_prodaji_02.05.2025
Deterdžent Spa Moments SK1,0228999,0.75,750ml,Formil,2.39,,,3.19,4335619226449,Sredstva za èišæenje,Nije_bilo_u_prodaji_02.05.2025
Omekšivaè Spa Moments SK1,0229010,0.75,750ml,Doussy,2.39,,,3.19,4335619226456,Sredstva za èišæenje,Nije_bilo_u_prodaji_02.05.2025
Kukuruzne pahuljice (bez šeæera),0229077,0.5,500g,Crownfield,1.99,,,3.98,4335619227101,Hrana,Nije_bilo_u_prodaji_02.05.2025
Pizza sa salamom XXL,0117021,1.4,4x350g,Trattoria Alfredo,8.07,,,5.76,20699390,Hrana,"7,47"
Mini božiæne figure s èokoladom SK3,0117276,0.125,125g,Favorina,2.39,,,19.12,4056489865537,Hrana,"1,99"
Kikiriki u èokoladi SK1,0117288,0.25,250g,Favorina,2.99,,,11.96,20696740,Hrana,"3,39"
Premium bademi SK2,0117329,0.2,200g,Favorina,2.89,,,14.45,20702557,Hrana,"2,99"
Sir Brie XXL,0117425,0.25,250g,Milbona,2.59,,,10.36,4056489626848,Hrana,"2,25"
Mješavina sireva XXL,0117427,0.5,500g,Milbona,3.89,,,7.78,4056489143499,Hrana,"4,99"
Slani stapiæi XXL,0117437,0.3,300g,Snack Day,0.99,,,3.3,20724214,Hrana,"0,99"
Praline SK1,0117693,0.2,200g,J.D. Gross,5.49,,,27.45,20706869,Hrana,"5,49"
Peterostruka britvica,0118123,0.022,1komad,Cien,5.29,,,5.29,20706968,Kozmetika,"5,29"
Zamjenske britvice,0118124,0.012,3komad,Cien,3.99,,,1.33,20706975,Kozmetika,"3,99"
Tikvica,0082345,1,1kg,,4.49,,,4.49,,Hrana,"1,49"
XXL Napolitanke SK1,6901721,1,1000g,Tastino,2.69,,,2.69,,Hrana,"2,69"
Persil Deterdžent 110 pranja,0000147,6.6,"6,6kg",Henkel,23.99,,,0.22,,Sredstva za èišæenje,"23,99"
Èokoladni mousse SK1,7400132,0.4,400g,Deluxe,4.59,,,11.48,,Hrana,"4,59"
Paprika babura,0082645,1,1kg,,3.29,,,3.29,,Hrana,"3,99"
Pomelo crveni,0080058,1,1kg,,1.79,,,1.79,,Hrana,"1,99"
"Feferoni blagi/ljuti, OM 340g, SK1",0005988,0.333,720ml,Freshona,2.69,,,8.41,,Hrana,"2,69"
Azijski umaci SK3,0217326,0.304,250ml,Vitasia,1.89,,,7.56,,Hrana,"1,39"
Artikl 13% (pomoæni art. prodaja),0008998,0,1 Stueck,,0.01,,,0.01,,Hrana,"0,01"
Dinja,0080535,1,1kg,,2.49,,,2.49,,Hrana,"3,49"
Desert u èaši SK2,7406727,0.12,2x60g,Deluxe,2.59,,,21.58,,Hrana,"2,59"
Mješavina za tart SK1,0021592,0.513,"490g,535g",Duc de Coeur,2.29,,,4.67,,Hrana,"2,29"
Softcake SK5,0153425,0.15,150g,Kuljanka,0.99,,,6.6,,Hrana,Nije_bilo_u_prodaji_02.05.2025
Dinja bijela,0080557,1,1kg,,2.49,,,2.49,,Hrana,"2,49"
Blitva,0082101,0.5,500g,,1.69,,,1.69,,Hrana,"1,59"
"Trajno mlijeko 2,8% AK",6909292,1,1l,Pilos,0.67,,,0.67,,Hrana,Nije_bilo_u_prodaji_02.05.2025
Patlidžan,0082180,1,1kg,,3.99,,,3.99,,Hrana,"1,99"
Kruška crvena,0080298,1,1kg,,2.49,,,2.49,,Hrana,"2,49"
Salata krumpir SK2,0011927,1,1kg,Alpenfest,2.29,,,2.29,,Hrana,"2,89"
Rajèica,0082415,1,1kg,,2.69,,,2.69,,Hrana,"2,79"
Naranèa,0080134,1,1kg,,1.49,,,1.49,,Hrana,"1,49"
